ticker,tradeDate,clsPx,hiPx,loPx,open,stockVolume,unadjClsPx,unadjHiPx,unadjLoPx,unadjOpen,unadjStockVolume,updatedAt
AAPL,2006-01-03,2.24,2.24,2.17,2.17,962303483,74.75,74.75,72.25,72.38,28836100,2026-02-13T03:45:45Z
AAPL,2006-01-04,2.25,2.28,2.23,2.25,740022038,74.97,75.98,74.5,75.13,22175000,2026-02-13T03:45:45Z
AAPL,2006-01-05,2.23,2.24,2.21,2.24,535835161,74.38,74.9,73.75,74.83,16056500,2026-02-13T03:45:45Z
AAPL,2006-01-06,2.29,2.3,2.23,2.25,839710313,76.3,76.7,74.55,75.25,25162700,2026-02-13T03:45:45Z
AAPL,2006-01-09,2.28,2.31,2.27,2.3,805025783,76.05,77.2,75.74,76.73,24123000,2026-02-13T03:45:45Z
AAPL,2006-01-10,2.42,2.45,2.27,2.29,2147483647,80.86,81.89,75.83,76.25,81441104,2026-02-13T03:45:45Z
AAPL,2006-01-11,2.51,2.54,2.48,2.51,1780838017,83.9,84.8,82.59,83.84,53364100,2026-02-13T03:45:45Z
AAPL,2006-01-12,2.53,2.59,2.51,2.55,1526542256,84.29,86.4,83.62,85.05,45743100,2026-02-13T03:45:45Z
AAPL,2006-01-13,2.56,2.58,2.54,2.55,925589510,85.59,86.01,84.6,84.99,27736200,2026-02-13T03:45:45Z
AAPL,2006-01-17,2.54,2.59,2.51,2.57,997412190,84.71,86.38,83.87,85.7,29887800,2026-02-13T03:45:45Z
AAPL,2006-01-18,2.47,2.52,2.45,2.49,1445836412,82.49,84.05,81.85,83.08,43325600,2026-02-13T03:45:45Z
AAPL,2006-01-19,2.37,2.45,2.36,2.44,2021855903,79.04,81.66,78.74,81.25,60585700,2026-02-13T03:45:45Z
AAPL,2006-01-20,2.28,2.4,2.27,2.38,1356948589,76.09,80.04,75.83,79.28,40662100,2026-02-13T03:45:45Z
AAPL,2006-01-23,2.33,2.38,2.28,2.28,1263080412,77.67,79.56,76,76.1,37848900,2026-02-13T03:45:45Z
AAPL,2006-01-24,2.28,2.38,2.27,2.36,1361838110,76.04,79.42,75.77,78.76,40808800,2026-02-13T03:45:45Z
AAPL,2006-01-25,2.22,2.32,2.19,2.32,1520847922,74.2,77.5,73.25,77.39,45574200,2026-02-13T03:45:45Z
AAPL,2006-01-26,2.17,2.26,2.15,2.23,1409229050,72.33,75.43,71.93,74.53,42228400,2026-02-13T03:45:45Z
AAPL,2006-01-27,2.16,2.21,2.13,2.19,1137492511,72.03,73.6,71.1,72.95,34085300,2026-02-13T03:45:45Z
AAPL,2006-01-30,2.25,2.29,2.12,2.13,1666703492,75,76.6,70.87,71.17,49942800,2026-02-13T03:45:45Z
AAPL,2006-01-31,2.26,2.29,2.21,2.26,1088805172,75.51,76.34,73.75,75.5,32626500,2026-02-13T03:45:45Z
AAPL,2006-02-01,2.26,2.29,2.24,2.25,621363768,75.42,76.46,74.64,74.95,18619300,2026-02-13T03:45:45Z
AAPL,2006-02-02,2.16,2.26,2.16,2.25,843347931,72.1,75.36,72.05,75.1,25271200,2026-02-13T03:45:45Z
AAPL,2006-02-03,2.15,2.18,2.13,2.17,824927505,71.85,72.79,71.04,72.24,24720000,2026-02-13T03:45:45Z
AAPL,2006-02-06,2.02,2.17,2,2.16,1969209678,67.3,72.51,66.74,72.02,59008300,2026-02-13T03:45:45Z
AAPL,2006-02-07,2.03,2.08,2,2.05,1655733918,67.6,69.48,66.68,68.27,49615400,2026-02-13T03:45:45Z
AAPL,2006-02-08,2.06,2.07,1.98,2.05,1136160807,68.81,69.08,66,68.49,34045200,2026-02-13T03:45:45Z
AAPL,2006-02-09,1.95,2.08,1.93,2.07,1370869467,64.95,69.23,64.53,69.1,41078300,2026-02-13T03:45:45Z
AAPL,2006-02-10,2.02,2.03,1.89,1.95,2098168045,67.31,67.67,62.9,65.18,62874100,2026-02-13T03:45:45Z
AAPL,2006-02-13,1.94,2,1.94,2,1053146306,64.71,66.75,64.64,66.63,31558200,2026-02-13T03:45:45Z
AAPL,2006-02-14,2.03,2.04,1.95,1.95,1383861100,67.65,68.1,65,65.1,41468300,2026-02-13T03:45:45Z
AAPL,2006-02-15,2.07,2.09,2,2.01,1382573833,69.22,69.62,66.75,67.16,41430000,2026-02-13T03:45:45Z
AAPL,2006-02-16,2.11,2.13,2.08,2.1,1136951438,70.57,71.01,69.48,69.91,34069300,2026-02-13T03:45:45Z
AAPL,2006-02-17,2.11,2.12,2.09,2.11,686502861,70.29,70.89,69.61,70.3,20571300,2026-02-13T03:45:45Z
AAPL,2006-02-21,2.07,2.12,2.06,2.12,929353305,69.08,70.8,68.68,70.59,27848800,2026-02-13T03:45:45Z
AAPL,2006-02-22,2.14,2.15,2.04,2.07,1166226331,71.32,71.67,68,69,34946500,2026-02-13T03:45:45Z
AAPL,2006-02-23,2.15,2.19,2.14,2.15,1022026849,71.75,73,71.43,71.79,30625200,2026-02-13T03:45:45Z
AAPL,2006-02-24,2.14,2.18,2.13,2.16,637379158,71.46,72.89,71.2,72.14,19099400,2026-02-13T03:45:45Z
AAPL,2006-02-27,2.13,2.16,2.12,2.16,943191994,70.99,72.12,70.65,71.99,28263400,2026-02-13T03:45:45Z
AAPL,2006-02-28,2.05,2.17,2.04,2.15,1510628301,68.49,72.4,68.1,71.58,45267600,2026-02-13T03:45:45Z
AAPL,2006-03-01,2.07,2.08,2.04,2.06,909524809,69.1,69.49,68.02,68.84,27255000,2026-02-13T03:45:45Z
AAPL,2006-03-02,2.09,2.1,2.06,2.07,745608658,69.61,69.99,68.67,68.99,22342300,2026-02-13T03:45:45Z
AAPL,2006-03-03,2.03,2.1,2.02,2.08,879355784,67.72,69.91,67.53,69.4,26350500,2026-02-13T03:45:45Z
AAPL,2006-03-06,1.96,2.03,1.95,2.03,1088498680,65.48,67.72,64.94,67.69,32618000,2026-02-13T03:45:45Z
AAPL,2006-03-07,1.99,2,1.95,1.97,1040489974,66.31,66.9,65.08,65.76,31178800,2026-02-13T03:45:45Z
AAPL,2006-03-08,1.97,2.01,1.96,1.99,778825981,65.66,67.2,65.35,66.29,23337500,2026-02-13T03:45:45Z
AAPL,2006-03-09,1.92,1.99,1.91,1.98,953784700,63.93,66.47,63.81,65.98,28580900,2026-02-13T03:45:45Z
AAPL,2006-03-10,1.89,1.93,1.87,1.92,1243587585,63.19,64.49,62.45,64.05,37264100,2026-02-13T03:45:45Z
AAPL,2006-03-13,1.97,1.99,1.94,1.95,1026685417,65.68,66.28,64.79,65.05,30764800,2026-02-13T03:45:45Z
AAPL,2006-03-14,2.02,2.02,1.96,1.97,765666435,67.32,67.32,65.5,65.77,22943700,2026-02-13T03:45:45Z
AAPL,2006-03-15,1.98,2.04,1.96,2.03,1063459967,66.23,68.04,65.52,67.71,31867900,2026-02-13T03:45:45Z
AAPL,2006-03-16,1.93,2,1.93,2,893841342,64.31,66.9,64.3,66.85,26784500,2026-02-13T03:45:45Z
AAPL,2006-03-17,1.94,1.96,1.92,1.94,969385227,64.66,65.54,64.11,64.75,29048400,2026-02-13T03:45:45Z
AAPL,2006-03-20,1.92,1.96,1.91,1.95,721763856,63.99,65.46,63.87,65.22,21627700,2026-02-13T03:45:45Z
AAPL,2006-03-21,1.85,1.93,1.84,1.93,1603439014,61.81,64.34,61.39,64.29,48048700,2026-02-13T03:45:45Z
AAPL,2006-03-22,1.85,1.9,1.84,1.86,1604724736,61.67,63.25,61.27,62.16,48087100,2026-02-13T03:45:45Z
AAPL,2006-03-23,1.8,1.85,1.79,1.85,1703737170,60.16,61.9,59.61,61.82,51054800,2026-02-13T03:45:45Z
AAPL,2006-03-24,1.8,1.83,1.77,1.8,1277928147,59.96,60.94,59.03,60.25,38293600,2026-02-13T03:45:45Z
AAPL,2006-03-27,1.78,1.84,1.78,1.81,1321560311,59.51,61.38,59.4,60.35,39601600,2026-02-13T03:45:45Z
AAPL,2006-03-28,1.76,1.8,1.75,1.79,1633335591,58.71,60.14,58.25,59.63,48944100,2026-02-13T03:45:45Z
AAPL,2006-03-29,1.87,1.87,1.73,1.77,2147483647,62.33,62.52,57.67,59.13,83839000,2026-02-13T03:45:45Z
AAPL,2006-03-30,1.88,1.9,1.84,1.88,1657833669,62.75,63.3,61.53,62.82,49678900,2026-02-13T03:45:45Z
AAPL,2006-03-31,1.88,1.91,1.86,1.9,972630406,62.72,63.61,62.24,63.25,29144800,2026-02-13T03:45:45Z
AAPL,2006-04-03,1.88,1.92,1.88,1.91,972808510,62.65,64.12,62.61,63.67,29150100,2026-02-13T03:45:45Z
AAPL,2006-04-04,1.83,1.86,1.83,1.86,1111069571,61.17,62.22,61.05,62.1,33294600,2026-02-13T03:45:45Z
AAPL,2006-04-05,2.01,2.01,1.92,1.94,2147483647,67.21,67.21,64.15,64.71,79813200,2026-02-13T03:45:45Z
AAPL,2006-04-06,2.13,2.16,2.04,2.05,2147483647,71.24,72.05,68.2,68.3,95145904,2026-02-13T03:45:45Z
AAPL,2006-04-07,2.09,2.13,2.05,2.13,1841851133,69.79,71.21,68.47,70.93,55192200,2026-02-13T03:45:45Z
AAPL,2006-04-10,2.06,2.13,2.05,2.11,1077294995,68.67,70.93,68.45,70.29,32281200,2026-02-13T03:45:45Z
AAPL,2006-04-11,2.04,2.08,2.01,2.07,1119705848,67.99,69.3,67.07,68.99,33553500,2026-02-13T03:45:45Z
AAPL,2006-04-12,2,2.04,1.99,2.04,882480684,66.71,68.17,66.3,68.01,26444000,2026-02-13T03:45:45Z
AAPL,2006-04-13,1.99,2.02,1.97,1.99,875886259,66.47,67.44,65.81,66.34,26246600,2026-02-13T03:45:45Z
AAPL,2006-04-17,1.94,2,1.93,1.99,860902346,64.81,66.84,64.35,66.51,25797000,2026-02-13T03:45:45Z
AAPL,2006-04-18,1.98,1.99,1.94,1.95,947580256,66.22,66.47,64.79,65.05,28394500,2026-02-13T03:45:45Z
AAPL,2006-04-19,1.97,2.01,1.96,2,1301539265,65.65,67,65.47,66.82,39001300,2026-02-13T03:45:45Z
AAPL,2006-04-20,2.03,2.1,1.98,2.08,1987281274,67.63,70,66.2,69.51,59549800,2026-02-13T03:45:45Z
AAPL,2006-04-21,2.01,2.06,1.99,2.04,940627872,67.04,68.64,66.47,68.19,28186400,2026-02-13T03:45:45Z
AAPL,2006-04-24,1.97,2,1.96,2,842817525,65.75,66.92,65.5,66.85,25255200,2026-02-13T03:45:45Z
AAPL,2006-04-25,1.98,2,1.96,1.98,630603346,66.17,66.59,65.56,65.96,18896300,2026-02-13T03:45:45Z
AAPL,2006-04-26,2.04,2.05,1.99,2,847364720,68.15,68.28,66.4,66.65,25391400,2026-02-13T03:45:45Z
AAPL,2006-04-27,2.08,2.09,2.02,2.03,1008308779,69.36,69.86,67.35,67.73,30214900,2026-02-13T03:45:45Z
AAPL,2006-04-28,2.11,2.14,2.07,2.08,905965935,70.39,71.3,69.2,69.38,27148400,2026-02-13T03:45:45Z
AAPL,2006-05-01,2.09,2.14,2.07,2.12,894539667,69.6,71.54,69.16,70.77,26805500,2026-02-13T03:45:45Z
AAPL,2006-05-02,2.15,2.16,2.1,2.1,920036316,71.62,71.98,70.11,70.15,27569800,2026-02-13T03:45:45Z
AAPL,2006-05-03,2.13,2.16,2.1,2.15,819161495,71.14,71.95,70.18,71.83,24546200,2026-02-13T03:45:45Z
AAPL,2006-05-04,2.13,2.18,2.11,2.13,1025553892,71.13,72.89,70.46,71.22,30731500,2026-02-13T03:45:45Z
AAPL,2006-05-05,2.15,2.17,2.13,2.15,672165754,71.89,72.25,71.15,71.86,20141600,2026-02-13T03:45:45Z
AAPL,2006-05-08,2.15,2.21,2.15,2.19,709075232,71.89,73.8,71.72,72.99,21247600,2026-02-13T03:45:45Z
AAPL,2006-05-09,2.13,2.17,2.12,2.15,633713842,71.03,72.56,70.62,71.83,18989900,2026-02-13T03:45:45Z
AAPL,2006-05-10,2.12,2.14,2.09,2.14,557181254,70.6,71.33,69.61,71.29,16695900,2026-02-13T03:45:45Z
AAPL,2006-05-11,2.04,2.12,2.02,2.12,968865938,68.15,70.84,67.55,70.8,29032200,2026-02-13T03:45:45Z
AAPL,2006-05-12,2.03,2.06,2,2.03,765106565,67.7,68.69,66.86,67.85,22926800,2026-02-13T03:45:45Z
AAPL,2006-05-15,2.03,2.05,2.01,2.02,631421477,67.79,68.38,67.12,67.37,18921000,2026-02-13T03:45:45Z
AAPL,2006-05-16,1.95,2.04,1.94,2.04,1116946886,64.98,68.25,64.75,68.1,33470800,2026-02-13T03:45:45Z
AAPL,2006-05-17,1.96,1.97,1.92,1.94,899087182,65.26,65.7,64.07,64.71,26941100,2026-02-13T03:45:45Z
AAPL,2006-05-18,1.89,1.99,1.89,1.97,785061196,63.18,66.26,63.12,65.68,23524800,2026-02-13T03:45:45Z
AAPL,2006-05-19,1.93,1.94,1.88,1.9,1175371348,64.51,64.88,62.82,63.26,35221500,2026-02-13T03:45:45Z
AAPL,2006-05-22,1.9,1.92,1.88,1.91,857028963,63.38,63.99,62.77,63.87,25680800,2026-02-13T03:45:45Z
AAPL,2006-05-23,1.89,1.95,1.89,1.94,828066781,63.15,65.19,63,64.86,24814000,2026-02-13T03:45:45Z
AAPL,2006-05-24,1.9,1.91,1.84,1.89,1092006844,63.34,63.65,61.56,62.99,32722900,2026-02-13T03:45:45Z
AAPL,2006-05-25,1.93,1.93,1.9,1.93,552739970,64.33,64.45,63.29,64.26,16563300,2026-02-13T03:45:45Z
AAPL,2006-05-26,1.9,1.94,1.89,1.93,516079028,63.55,64.56,63.14,64.31,15464800,2026-02-13T03:45:45Z
AAPL,2006-05-30,1.83,1.9,1.83,1.9,671602375,61.22,63.3,61.22,63.29,20125300,2026-02-13T03:45:45Z
AAPL,2006-05-31,1.79,1.85,1.76,1.85,1526933933,59.77,61.79,58.69,61.76,45755300,2026-02-13T03:45:45Z
AAPL,2006-06-01,1.86,1.87,1.78,1.79,1123586520,62.17,62.28,59.52,59.85,33669000,2026-02-13T03:45:45Z
AAPL,2006-06-02,1.85,1.89,1.82,1.89,817512992,61.66,63.1,60.88,62.99,24496700,2026-02-13T03:45:45Z
AAPL,2006-06-05,1.8,1.83,1.8,1.83,722016613,60,61.15,59.97,61.15,21636000,2026-02-13T03:45:45Z
AAPL,2006-06-06,1.79,1.82,1.76,1.8,865426689,59.72,60.63,58.91,60.22,25933300,2026-02-13T03:45:45Z
AAPL,2006-06-07,1.76,1.81,1.75,1.8,894821148,58.57,60.4,58.35,60.1,26813900,2026-02-13T03:45:45Z
AAPL,2006-06-08,1.82,1.83,1.71,1.75,1665628585,60.76,60.93,57.15,58.44,49911300,2026-02-13T03:45:45Z
AAPL,2006-06-09,1.78,1.84,1.77,1.83,924794370,59.24,61.56,59.1,61.18,27712800,2026-02-13T03:45:45Z
AAPL,2006-06-12,1.71,1.79,1.71,1.78,855734809,57,59.73,56.96,59.4,25642200,2026-02-13T03:45:45Z
AAPL,2006-06-13,1.75,1.77,1.72,1.73,1288296596,58.33,59.1,57.36,57.61,38605000,2026-02-13T03:45:45Z
AAPL,2006-06-14,1.73,1.76,1.7,1.75,1046927963,57.61,58.78,56.69,58.28,31371500,2026-02-13T03:45:45Z
AAPL,2006-06-15,1.78,1.79,1.7,1.72,1418969619,59.38,59.74,56.75,57.3,42519200,2026-02-13T03:45:45Z
AAPL,2006-06-16,1.72,1.77,1.72,1.77,999123493,57.56,59.19,57.52,58.96,29939200,2026-02-13T03:45:45Z
AAPL,2006-06-19,1.71,1.74,1.71,1.73,860100258,57.2,58.18,57,57.83,25773900,2026-02-13T03:45:45Z
AAPL,2006-06-20,1.72,1.75,1.72,1.73,802147025,57.47,58.35,57.29,57.61,24036500,2026-02-13T03:45:45Z
AAPL,2006-06-21,1.73,1.76,1.72,1.73,1029705410,57.86,58.71,57.3,57.74,30856000,2026-02-13T03:45:45Z
AAPL,2006-06-22,1.79,1.79,1.74,1.74,1153023104,59.58,59.75,58.07,58.2,34551300,2026-02-13T03:45:45Z
AAPL,2006-06-23,1.76,1.8,1.76,1.79,786855551,58.83,60.17,58.73,59.72,23578600,2026-02-13T03:45:45Z
AAPL,2006-06-26,1.77,1.77,1.75,1.77,556028769,58.99,59.2,58.37,59.17,16661900,2026-02-13T03:45:45Z
AAPL,2006-06-27,1.72,1.77,1.72,1.77,656246050,57.43,59.22,57.4,59.09,19665400,2026-02-13T03:45:45Z
AAPL,2006-06-28,1.68,1.72,1.66,1.72,1014312674,56.02,57.3,55.41,57.29,30395200,2026-02-13T03:45:45Z
AAPL,2006-06-29,1.77,1.77,1.69,1.7,1043156697,58.97,59.09,56.39,56.76,31258900,2026-02-13T03:45:45Z
AAPL,2006-06-30,1.72,1.73,1.69,1.73,882697833,57.27,57.75,56.5,57.59,26451100,2026-02-13T03:45:45Z
AAPL,2006-07-03,1.74,1.74,1.72,1.72,232132216,57.95,58.18,57.34,57.52,6956100,2026-02-13T03:45:45Z
AAPL,2006-07-05,1.71,1.73,1.7,1.71,618392226,57,57.6,56.56,57.15,18530200,2026-02-13T03:45:45Z
AAPL,2006-07-06,1.67,1.72,1.67,1.71,754865813,55.77,57.4,55.61,57.09,22620100,2026-02-13T03:45:45Z
AAPL,2006-07-07,1.66,1.69,1.64,1.66,952752793,55.4,56.55,54.67,55.48,28549500,2026-02-13T03:45:45Z
AAPL,2006-07-10,1.65,1.69,1.63,1.67,633113536,55,56.49,54.5,55.7,18971400,2026-02-13T03:45:45Z
AAPL,2006-07-11,1.67,1.68,1.63,1.65,983686042,55.65,55.99,54.53,55.11,29477000,2026-02-13T03:45:45Z
AAPL,2006-07-12,1.59,1.66,1.59,1.65,1105195222,52.96,55.24,52.92,55.17,33118800,2026-02-13T03:45:45Z
AAPL,2006-07-13,1.57,1.62,1.54,1.56,1489713114,52.25,54.12,51.41,52.03,44639400,2026-02-13T03:45:45Z
AAPL,2006-07-14,1.52,1.58,1.5,1.57,1183556596,50.67,52.89,50.16,52.5,35465500,2026-02-13T03:45:45Z
AAPL,2006-07-17,1.57,1.59,1.55,1.55,1221250216,52.37,53.11,51.65,51.65,36594700,2026-02-13T03:45:45Z
AAPL,2006-07-18,1.59,1.61,1.55,1.59,1193218829,52.9,53.85,51.85,53.16,35755700,2026-02-13T03:45:45Z
AAPL,2006-07-19,1.62,1.65,1.57,1.59,1673048091,54.1,55.08,52.36,52.96,50133800,2026-02-13T03:45:45Z
AAPL,2006-07-20,1.81,1.84,1.79,1.83,2147483647,60.5,61.59,59.72,60.96,70446800,2026-02-13T03:45:45Z
AAPL,2006-07-21,1.82,1.83,1.79,1.79,1063239703,60.72,61.15,59.64,59.82,31860000,2026-02-13T03:45:45Z
AAPL,2006-07-24,1.84,1.86,1.81,1.84,861693149,61.42,62.1,60.43,61.26,25821000,2026-02-13T03:45:45Z
AAPL,2006-07-25,1.86,1.86,1.82,1.85,702324979,61.93,62.09,60.78,61.78,21045800,2026-02-13T03:45:45Z
AAPL,2006-07-26,1.91,1.94,1.85,1.86,1071039705,63.87,64.64,61.68,62,32093900,2026-02-13T03:45:45Z
AAPL,2006-07-27,1.9,1.95,1.88,1.93,876125530,63.4,65.02,62.86,64.51,26253200,2026-02-13T03:45:45Z
AAPL,2006-07-28,1.97,1.97,1.9,1.92,824340067,65.59,65.68,63.5,63.94,24701300,2026-02-13T03:45:45Z
AAPL,2006-07-31,2.04,2.06,1.99,2,1064454093,67.96,68.63,66.28,66.83,31896600,2026-02-13T03:45:45Z
AAPL,2006-08-01,2.01,2.04,1.98,2.01,848383224,67.18,67.93,65.94,67.22,25422300,2026-02-13T03:45:45Z
AAPL,2006-08-02,2.04,2.06,2.02,2.03,656625580,68.16,68.68,67.51,67.65,19676500,2026-02-13T03:45:45Z
AAPL,2006-08-03,2.09,2.1,2.03,2.04,1002836648,69.59,70,67.81,67.91,30050000,2026-02-13T03:45:45Z
AAPL,2006-08-04,2.05,2.06,1.95,2.01,2147483647,68.3,68.61,64.96,67.05,66185500,2026-02-13T03:45:45Z
AAPL,2006-08-07,2.01,2.09,1.99,2.03,1497087536,67.21,69.6,66.31,67.72,44860600,2026-02-13T03:45:45Z
AAPL,2006-08-08,1.94,2.01,1.93,2.01,1189347609,64.78,67.11,64.51,67.09,35639600,2026-02-13T03:45:45Z
AAPL,2006-08-09,1.91,1.97,1.9,1.96,1139464901,63.59,65.6,63.4,65.43,34144100,2026-02-13T03:45:45Z
AAPL,2006-08-10,1.92,1.94,1.88,1.9,831696609,64.07,64.81,62.7,63.25,24922500,2026-02-13T03:45:45Z
AAPL,2006-08-11,1.91,1.92,1.88,1.9,926695104,63.65,64.13,62.58,63.23,27769000,2026-02-13T03:45:45Z
AAPL,2006-08-14,1.92,1.95,1.91,1.92,855351578,63.94,65.22,63.6,64.05,25630800,2026-02-13T03:45:45Z
AAPL,2006-08-15,1.99,1.99,1.94,1.96,1027048629,66.45,66.5,64.8,65.34,30776100,2026-02-13T03:45:45Z
AAPL,2006-08-16,2.04,2.04,1.99,2.01,931416712,67.98,68.07,66.33,67.1,27910500,2026-02-13T03:45:45Z
AAPL,2006-08-17,2.03,2.06,2.01,2.04,692623989,67.59,68.66,67.18,68,20755400,2026-02-13T03:45:45Z
AAPL,2006-08-18,2.04,2.05,2.02,2.03,639256189,67.91,68.4,67.26,67.71,19155700,2026-02-13T03:45:45Z
AAPL,2006-08-21,1.99,2.02,1.98,1.99,627371274,66.56,67.31,66.15,66.5,18799800,2026-02-13T03:45:45Z
AAPL,2006-08-22,2.03,2.05,1.99,2,687936562,67.62,68.32,66.5,66.68,20614700,2026-02-13T03:45:45Z
AAPL,2006-08-23,2.02,2.06,2.01,2.04,639377210,67.31,68.65,66.94,68,19159700,2026-02-13T03:45:45Z
AAPL,2006-08-24,2.03,2.04,1.99,2.03,780930683,67.81,68.19,66.27,67.89,23401300,2026-02-13T03:45:45Z
AAPL,2006-08-25,2.06,2.07,2.02,2.02,648811392,68.75,69.05,67.31,67.34,19442300,2026-02-13T03:45:45Z
AAPL,2006-08-28,2.01,2.06,2,2.05,879834493,66.98,68.61,66.68,68.5,26365300,2026-02-13T03:45:45Z
AAPL,2006-08-29,1.99,2.02,1.95,2.01,1129302215,66.48,67.26,65.12,66.99,33839800,2026-02-13T03:45:45Z
AAPL,2006-08-30,2.01,2.03,2,2.02,810761821,66.96,67.82,66.68,67.34,24295300,2026-02-13T03:45:45Z
AAPL,2006-08-31,2.03,2.05,2,2.02,685059932,67.85,68.3,66.66,67.28,20528700,2026-02-13T03:45:45Z
AAPL,2006-09-01,2.05,2.06,2.03,2.05,487017848,68.38,68.65,67.82,68.48,14593700,2026-02-13T03:45:45Z
AAPL,2006-09-05,2.14,2.14,2.05,2.07,1207548198,71.48,71.5,68.55,68.97,36185300,2026-02-13T03:45:45Z
AAPL,2006-09-06,2.1,2.15,2.09,2.13,1161122790,70.03,71.69,69.7,71.08,34793500,2026-02-13T03:45:45Z
AAPL,2006-09-07,2.18,2.2,2.1,2.12,1511279688,72.8,73.48,70.25,70.6,45286500,2026-02-13T03:45:45Z
AAPL,2006-09-08,2.17,2.21,2.15,2.2,1068010420,72.52,73.57,71.91,73.37,32003500,2026-02-13T03:45:45Z
AAPL,2006-09-11,2.17,2.21,2.14,2.17,1131303117,72.5,73.73,71.42,72.43,33899900,2026-02-13T03:45:45Z
AAPL,2006-09-12,2.18,2.2,2.14,2.18,2008779024,72.63,73.45,71.45,72.81,60194900,2026-02-13T03:45:45Z
AAPL,2006-09-13,2.22,2.23,2.17,2.18,1366187541,74.2,74.32,72.3,72.85,40939600,2026-02-13T03:45:45Z
AAPL,2006-09-14,2.22,2.24,2.2,2.21,956286955,74.17,74.67,73.46,73.72,28655400,2026-02-13T03:45:45Z
AAPL,2006-09-15,2.22,2.25,2.2,2.23,1171984529,74.1,74.98,73.29,74.6,35118800,2026-02-13T03:45:45Z
AAPL,2006-09-18,2.21,2.24,2.2,2.21,840653528,73.89,74.86,73.3,73.8,25190300,2026-02-13T03:45:45Z
AAPL,2006-09-19,2.21,2.23,2.18,2.22,846246940,73.77,74.36,72.8,74.1,25358000,2026-02-13T03:45:45Z
AAPL,2006-09-20,2.26,2.27,2.22,2.23,980407843,75.26,75.68,74.22,74.38,29377900,2026-02-13T03:45:45Z
AAPL,2006-09-21,2.24,2.28,2.22,2.25,946536659,74.65,76.06,74.02,75.25,28364100,2026-02-13T03:45:45Z
AAPL,2006-09-22,2.19,2.23,2.17,2.23,793242360,73,74.34,72.58,74.3,23770500,2026-02-13T03:45:45Z
AAPL,2006-09-25,2.27,2.27,2.21,2.21,1024214470,75.75,75.86,73.72,73.81,30690800,2026-02-13T03:45:45Z
AAPL,2006-09-26,2.33,2.33,2.28,2.28,1314834698,77.61,77.78,76.1,76.18,39399100,2026-02-13T03:45:45Z
AAPL,2006-09-27,2.29,2.32,2.27,2.31,964804025,76.41,77.47,75.82,77.17,28911600,2026-02-13T03:45:45Z
AAPL,2006-09-28,2.31,2.32,2.28,2.31,862951214,77.01,77.48,75.95,77.02,25859000,2026-02-13T03:45:45Z
AAPL,2006-09-29,2.31,2.32,2.3,2.31,483727049,76.98,77.52,76.68,77.11,14495400,2026-02-13T03:45:45Z
AAPL,2006-10-02,2.24,2.27,2.23,2.25,849731492,74.86,75.87,74.3,75.1,25463300,2026-02-13T03:45:45Z
AAPL,2006-10-03,2.22,2.25,2.19,2.23,942627510,74.08,74.95,73.19,74.45,28245900,2026-02-13T03:45:45Z
AAPL,2006-10-04,2.26,2.26,2.19,2.22,999846928,75.38,75.46,73.16,74.1,29961400,2026-02-13T03:45:45Z
AAPL,2006-10-05,2.24,2.28,2.22,2.23,814993792,74.83,76.16,74.13,74.53,24421500,2026-02-13T03:45:45Z
AAPL,2006-10-06,2.22,2.25,2.21,2.23,556580207,74.22,75.04,73.81,74.42,16678000,2026-02-13T03:45:45Z
AAPL,2006-10-09,2.24,2.25,2.2,2.21,522401657,74.63,75.08,73.53,73.8,15654300,2026-02-13T03:45:45Z
AAPL,2006-10-10,2.21,2.23,2.19,2.23,633678792,73.81,74.58,73.08,74.54,18988700,2026-02-13T03:45:45Z
AAPL,2006-10-11,2.19,2.22,2.18,2.2,681526598,73.23,73.98,72.6,73.42,20422200,2026-02-13T03:45:45Z
AAPL,2006-10-12,2.26,2.26,2.21,2.21,706748350,75.26,75.39,73.6,73.61,21177700,2026-02-13T03:45:45Z
AAPL,2006-10-13,2.25,2.3,2.24,2.27,815476361,75.02,76.88,74.74,75.63,24435900,2026-02-13T03:45:45Z
AAPL,2006-10-16,2.26,2.27,2.24,2.25,606610124,75.4,75.88,74.79,75.19,18177100,2026-02-13T03:45:45Z
AAPL,2006-10-17,2.23,2.26,2.22,2.25,573392398,74.29,75.27,74.04,75.04,17181800,2026-02-13T03:45:45Z
AAPL,2006-10-18,2.23,2.35,2.21,2.24,1365206762,74.53,78.59,73.91,74.75,40910200,2026-02-13T03:45:45Z
AAPL,2006-10-19,2.37,2.4,2.34,2.38,1805114648,78.99,79.95,78.16,79.26,54091200,2026-02-13T03:45:45Z
AAPL,2006-10-20,2.4,2.4,2.36,2.37,762439619,79.95,79.99,78.67,78.97,22847100,2026-02-13T03:45:45Z
AAPL,2006-10-23,2.44,2.45,2.39,2.4,991677620,81.46,81.9,79.75,79.99,29716100,2026-02-13T03:45:45Z
AAPL,2006-10-24,2.43,2.45,2.4,2.43,551913955,81.05,81.68,80.2,81.21,16538600,2026-02-13T03:45:45Z
AAPL,2006-10-25,2.45,2.46,2.43,2.44,578375682,81.68,82,81.01,81.35,17331700,2026-02-13T03:45:45Z
AAPL,2006-10-26,2.46,2.48,2.43,2.45,515786537,82.19,82.6,81.13,81.9,15455800,2026-02-13T03:45:45Z
AAPL,2006-10-27,2.41,2.47,2.4,2.45,708896226,80.41,82.45,80.01,81.75,21242100,2026-02-13T03:45:45Z
AAPL,2006-10-30,2.41,2.42,2.38,2.4,595855868,80.42,80.9,79.5,79.99,17855200,2026-02-13T03:45:45Z
AAPL,2006-10-31,2.43,2.45,2.4,2.44,597264563,81.08,81.68,80.23,81.45,17897400,2026-02-13T03:45:45Z
AAPL,2006-11-01,2.37,2.44,2.35,2.43,728587932,79.16,81.38,78.36,81.1,21832200,2026-02-13T03:45:45Z
AAPL,2006-11-02,2.37,2.38,2.35,2.37,554839371,78.98,79.32,78.5,78.92,16626300,2026-02-13T03:45:45Z
AAPL,2006-11-03,2.35,2.38,2.33,2.38,514750263,78.29,79.53,77.79,79.36,15424600,2026-02-13T03:45:45Z
AAPL,2006-11-06,2.39,2.4,2.35,2.37,512641315,79.71,80.06,78.43,78.95,15361800,2026-02-13T03:45:45Z
AAPL,2006-11-07,2.41,2.43,2.4,2.41,626869988,80.51,81,80.13,80.45,18784800,2026-02-13T03:45:45Z
AAPL,2006-11-08,2.47,2.48,2.39,2.4,822969524,82.45,82.69,79.89,80.02,24660500,2026-02-13T03:45:45Z
AAPL,2006-11-09,2.5,2.54,2.46,2.48,1100332283,83.34,84.69,82.12,82.9,32972000,2026-02-13T03:45:45Z
AAPL,2006-11-10,2.49,2.5,2.47,2.5,445738074,83.12,83.6,82.5,83.55,13357000,2026-02-13T03:45:45Z
AAPL,2006-11-13,2.53,2.53,2.48,2.49,537359039,84.35,84.45,82.64,83.22,16102300,2026-02-13T03:45:45Z
AAPL,2006-11-14,2.55,2.55,2.51,2.54,702275290,85,85,83.9,84.8,21044400,2026-02-13T03:45:45Z
AAPL,2006-11-15,2.52,2.57,2.52,2.55,783054208,84.05,85.9,84,85.05,23464500,2026-02-13T03:45:45Z
AAPL,2006-11-16,2.57,2.59,2.54,2.54,827357479,85.61,86.3,84.62,84.87,24792700,2026-02-13T03:45:45Z
AAPL,2006-11-17,2.57,2.58,2.55,2.55,554539500,85.85,85.94,85,85.15,16617300,2026-02-13T03:45:45Z
AAPL,2006-11-20,2.59,2.61,2.55,2.56,676652633,86.47,87,85.2,85.4,20276200,2026-02-13T03:45:45Z
AAPL,2006-11-21,2.65,2.65,2.61,2.62,742968462,88.6,88.6,87.11,87.42,22263800,2026-02-13T03:45:45Z
AAPL,2006-11-22,2.71,2.72,2.63,2.67,801280696,90.31,90.75,87.85,88.99,24010600,2026-02-13T03:45:45Z
AAPL,2006-11-24,2.75,2.79,2.68,2.68,618634232,91.63,93.08,89.5,89.53,18538100,2026-02-13T03:45:45Z
AAPL,2006-11-27,2.68,2.79,2.68,2.77,1280730789,89.54,93.16,89.5,92.51,38378500,2026-02-13T03:45:45Z
AAPL,2006-11-28,2.75,2.76,2.69,2.71,1235267482,91.81,91.97,89.91,90.36,37015300,2026-02-13T03:45:45Z
AAPL,2006-11-29,2.75,2.79,2.7,2.79,1379314379,91.8,93.15,90.25,93,41332500,2026-02-13T03:45:45Z
AAPL,2006-11-30,2.75,2.78,2.73,2.76,1037401698,91.66,92.68,91.06,92.22,31086700,2026-02-13T03:45:45Z
AAPL,2006-12-01,2.74,2.77,2.7,2.75,947932188,91.32,92.33,90.1,91.8,28405000,2026-02-13T03:45:45Z
AAPL,2006-12-04,2.73,2.76,2.71,2.75,846143149,91.12,92.05,90.5,91.88,25355400,2026-02-13T03:45:45Z
AAPL,2006-12-05,2.73,2.77,2.72,2.75,790279741,91.27,92.33,90.87,91.66,23681000,2026-02-13T03:45:45Z
AAPL,2006-12-06,2.69,2.74,2.69,2.72,760845034,89.83,91.39,89.67,90.65,22799200,2026-02-13T03:45:45Z
AAPL,2006-12-07,2.61,2.71,2.6,2.7,1198003800,87.04,90.5,86.9,90.03,35898500,2026-02-13T03:45:45Z
AAPL,2006-12-08,2.64,2.68,2.61,2.61,935165358,88.26,89.39,87,87.23,28022500,2026-02-13T03:45:45Z
AAPL,2006-12-11,2.66,2.68,2.64,2.66,591781006,88.75,89.3,88.05,88.9,17733000,2026-02-13T03:45:45Z
AAPL,2006-12-12,2.58,2.66,2.56,2.65,1233283625,86.14,88.84,85.53,88.61,36955900,2026-02-13T03:45:45Z
AAPL,2006-12-13,2.67,2.67,2.61,2.64,1020703055,89.05,89.07,87.15,87.95,30586300,2026-02-13T03:45:45Z
AAPL,2006-12-14,2.65,2.7,2.65,2.67,992560738,88.55,90,88.26,89.05,29743200,2026-02-13T03:45:45Z
AAPL,2006-12-15,2.63,2.67,2.62,2.67,881166433,87.72,89.22,87.33,89.02,26404500,2026-02-13T03:45:45Z
AAPL,2006-12-18,2.56,2.64,2.54,2.63,860659998,85.47,88,84.59,87.63,25790600,2026-02-13T03:45:45Z
AAPL,2006-12-19,2.59,2.6,2.51,2.54,1085487555,86.31,86.68,83.62,84.73,32526900,2026-02-13T03:45:45Z
AAPL,2006-12-20,2.54,2.6,2.54,2.59,677319448,84.76,86.67,84.74,86.47,20296700,2026-02-13T03:45:45Z
AAPL,2006-12-21,2.48,2.56,2.46,2.54,1083921948,82.9,85.48,82.2,84.7,32479900,2026-02-13T03:45:45Z
AAPL,2006-12-22,2.46,2.52,2.44,2.5,731223252,82.2,84.04,81.6,83.46,21911900,2026-02-13T03:45:45Z
AAPL,2006-12-26,2.44,2.47,2.42,2.46,585055507,81.51,82.57,80.89,82.15,17531400,2026-02-13T03:45:45Z
AAPL,2006-12-27,2.44,2.46,2.3,2.34,2147483647,81.52,82,76.77,78.15,69108400,2026-02-13T03:45:45Z
AAPL,2006-12-28,2.42,2.44,2.39,2.4,1345098862,80.87,81.25,79.65,80.22,40306600,2026-02-13T03:45:45Z
AAPL,2006-12-29,2.54,2.56,2.5,2.52,1282007184,84.84,85.4,83.36,83.95,38416400,2026-02-13T03:45:45Z
AAPL,2007-01-03,2.51,2.59,2.45,2.59,1473542022,83.8,86.58,81.9,86.29,44156400,2026-02-13T03:45:45Z
AAPL,2007-01-04,2.57,2.58,2.51,2.52,1020135809,85.66,85.95,83.82,84.05,30569400,2026-02-13T03:45:45Z
AAPL,2007-01-05,2.55,2.58,2.53,2.57,995250993,85.05,86.2,84.4,85.77,29823600,2026-02-13T03:45:45Z
AAPL,2007-01-08,2.56,2.59,2.56,2.58,950167844,85.47,86.53,85.28,85.96,28472800,2026-02-13T03:45:45Z
AAPL,2007-01-09,2.77,2.79,2.55,2.59,2147483647,92.57,92.98,85.15,86.45,119702896,2026-02-13T03:45:45Z
AAPL,2007-01-10,2.91,2.93,2.8,2.84,2147483647,97,97.8,93.45,94.75,105543800,2026-02-13T03:45:45Z
AAPL,2007-01-11,2.87,2.9,2.85,2.88,1717721100,95.8,96.78,95.1,95.94,51472900,2026-02-13T03:45:45Z
AAPL,2007-01-12,2.84,2.85,2.79,2.83,1564750419,94.62,95.06,93.23,94.59,46889400,2026-02-13T03:45:45Z
AAPL,2007-01-16,2.91,2.91,2.86,2.87,1483111675,97.1,97.25,95.45,95.68,44442400,2026-02-13T03:45:45Z
AAPL,2007-01-17,2.85,2.92,2.84,2.92,1997440456,94.95,97.6,94.82,97.56,59855400,2026-02-13T03:45:45Z
AAPL,2007-01-18,2.67,2.76,2.67,2.76,2147483647,89.07,92.11,89.05,92.1,84509104,2026-02-13T03:45:45Z
AAPL,2007-01-19,2.65,2.69,2.64,2.66,1623271264,88.5,89.65,88.12,88.63,48641500,2026-02-13T03:45:45Z
AAPL,2007-01-22,2.6,2.67,2.57,2.67,1720802199,86.79,89.16,85.65,89.14,51565300,2026-02-13T03:45:45Z
AAPL,2007-01-23,2.57,2.62,2.56,2.57,1440380367,85.7,87.51,85.51,85.73,43161200,2026-02-13T03:45:45Z
AAPL,2007-01-24,2.6,2.61,2.58,2.6,1106602645,86.7,87.15,86.08,86.68,33160100,2026-02-13T03:45:45Z
AAPL,2007-01-25,2.58,2.65,2.58,2.61,1080335760,86.25,88.5,86.03,87.11,32373300,2026-02-13T03:45:45Z
AAPL,2007-01-26,2.56,2.62,2.55,2.61,1176223669,85.38,87.37,84.99,87.12,35246600,2026-02-13T03:45:45Z
AAPL,2007-01-29,2.58,2.6,2.56,2.59,1075174262,85.94,86.65,85.53,86.3,32218800,2026-02-13T03:45:45Z
AAPL,2007-01-30,2.56,2.59,2.55,2.59,688640981,85.55,86.49,85.25,86.43,20635600,2026-02-13T03:45:45Z
AAPL,2007-01-31,2.57,2.58,2.53,2.54,1018232673,85.73,86,84.35,84.86,30512400,2026-02-13T03:45:45Z
AAPL,2007-02-01,2.54,2.58,2.54,2.58,790647739,84.74,86.27,84.74,86.23,23692600,2026-02-13T03:45:45Z
AAPL,2007-02-02,2.54,2.55,2.51,2.52,740995286,84.75,85.25,83.7,84.12,22204400,2026-02-13T03:45:45Z
AAPL,2007-02-05,2.52,2.55,2.52,2.53,690697819,83.94,85.23,83.94,84.3,20697600,2026-02-13T03:45:45Z
AAPL,2007-02-06,2.52,2.53,2.48,2.53,1030635123,84.15,84.47,82.86,84.45,30883100,2026-02-13T03:45:45Z
AAPL,2007-02-07,2.58,2.59,2.5,2.53,1273334564,86.15,86.38,83.55,84.48,38157000,2026-02-13T03:45:45Z
AAPL,2007-02-08,2.58,2.59,2.56,2.56,809318901,86.18,86.51,85.41,85.43,24252000,2026-02-13T03:45:45Z
AAPL,2007-02-09,2.5,2.58,2.49,2.57,1025700783,83.27,86.2,83.21,85.88,30735600,2026-02-13T03:45:45Z
AAPL,2007-02-12,2.54,2.55,2.51,2.53,862527376,84.88,85.18,83.63,84.43,25846600,2026-02-13T03:45:45Z
AAPL,2007-02-13,2.54,2.56,2.53,2.55,687651391,84.7,85.29,84.3,85.16,20606000,2026-02-13T03:45:45Z
AAPL,2007-02-14,2.56,2.57,2.53,2.54,605437397,85.3,85.64,84.57,84.63,18142000,2026-02-13T03:45:45Z
AAPL,2007-02-15,2.55,2.57,2.54,2.56,433529687,85.21,85.62,84.78,85.44,12991200,2026-02-13T03:45:45Z
AAPL,2007-02-16,2.54,2.56,2.54,2.55,476801903,84.83,85.41,84.66,85.25,14287400,2026-02-13T03:45:45Z
AAPL,2007-02-20,2.57,2.58,2.52,2.54,736402179,85.9,86.16,84.16,84.65,22066900,2026-02-13T03:45:45Z
AAPL,2007-02-21,2.67,2.68,2.58,2.58,1376124480,89.2,89.49,85.96,85.98,41236100,2026-02-13T03:45:45Z
AAPL,2007-02-22,2.68,2.72,2.65,2.72,999334700,89.51,90.81,88.53,90.8,29945300,2026-02-13T03:45:45Z
AAPL,2007-02-23,2.67,2.71,2.66,2.67,617461995,89.07,90.34,88.85,89.16,18502900,2026-02-13T03:45:45Z
AAPL,2007-02-26,2.66,2.7,2.62,2.69,735332627,88.65,90,87.61,89.84,22034900,2026-02-13T03:45:45Z
AAPL,2007-02-27,2.52,2.61,2.5,2.59,1366897336,83.93,87.08,83.41,86.3,40959700,2026-02-13T03:45:45Z
AAPL,2007-02-28,2.54,2.56,2.49,2.49,1096451147,84.61,85.6,83,83,32855800,2026-02-13T03:45:45Z
AAPL,2007-03-01,2.61,2.65,2.51,2.52,1687365635,87.06,88.31,83.75,84.03,50562600,2026-02-13T03:45:45Z
AAPL,2007-03-02,2.56,2.62,2.55,2.6,1025127731,85.41,87.54,85.21,86.77,30718600,2026-02-13T03:45:45Z
AAPL,2007-03-05,2.59,2.66,2.57,2.57,1000787810,86.32,88.65,85.76,85.89,29989600,2026-02-13T03:45:45Z
AAPL,2007-03-06,2.64,2.65,2.62,2.63,861510989,88.19,88.31,87.4,87.8,25815400,2026-02-13T03:45:45Z
AAPL,2007-03-07,2.63,2.67,2.62,2.64,740797914,87.72,88.97,87.45,88.05,22198300,2026-02-13T03:45:45Z
AAPL,2007-03-08,2.64,2.66,2.62,2.65,609260564,88,88.72,87.46,88.59,18256800,2026-02-13T03:45:45Z
AAPL,2007-03-09,2.64,2.66,2.62,2.66,537903807,87.97,88.85,87.4,88.8,16118700,2026-02-13T03:45:45Z
AAPL,2007-03-12,2.69,2.7,2.64,2.64,869397933,89.87,89.99,87.99,88,26052300,2026-02-13T03:45:45Z
AAPL,2007-03-13,2.65,2.71,2.65,2.68,1034184707,88.4,90.6,88.4,89.4,30989700,2026-02-13T03:45:45Z
AAPL,2007-03-14,2.7,2.7,2.63,2.65,949203879,90,90,87.92,88.6,28443300,2026-02-13T03:45:45Z
AAPL,2007-03-15,2.68,2.71,2.68,2.7,666442821,89.57,90.36,89.31,89.96,19970400,2026-02-13T03:45:45Z
AAPL,2007-03-16,2.68,2.7,2.68,2.68,680625786,89.59,89.99,89.32,89.54,20395500,2026-02-13T03:45:45Z
AAPL,2007-03-19,2.73,2.74,2.69,2.7,849699966,91.13,91.55,89.59,90.24,25461500,2026-02-13T03:45:45Z
AAPL,2007-03-20,2.74,2.75,2.73,2.74,582945355,91.48,91.84,91.06,91.37,17468200,2026-02-13T03:45:45Z
AAPL,2007-03-21,2.81,2.82,2.75,2.76,819063830,93.87,94,91.65,91.99,24544000,2026-02-13T03:45:45Z
AAPL,2007-03-22,2.82,2.83,2.79,2.81,673655163,93.96,94.36,93,93.73,20186800,2026-02-13T03:45:45Z
AAPL,2007-03-23,2.8,2.82,2.8,2.8,537870009,93.52,94.07,93.3,93.35,16117700,2026-02-13T03:45:45Z
AAPL,2007-03-26,2.87,2.87,2.8,2.82,1031078811,95.85,95.9,93.3,94.02,30897000,2026-02-13T03:45:45Z
AAPL,2007-03-27,2.86,2.9,2.85,2.87,1110213745,95.46,96.83,95,95.71,33267900,2026-02-13T03:45:45Z
AAPL,2007-03-28,2.79,2.86,2.79,2.84,1130673238,93.24,95.4,93.15,94.85,33881400,2026-02-13T03:45:45Z
AAPL,2007-03-29,2.81,2.82,2.76,2.82,865107241,93.75,94.19,92.23,94.19,25923800,2026-02-13T03:45:45Z
AAPL,2007-03-30,2.78,2.84,2.78,2.83,716072287,92.91,94.68,92.75,94.28,21457600,2026-02-13T03:45:45Z
AAPL,2007-04-02,2.81,2.82,2.79,2.82,597991344,93.65,94.25,93.02,94.14,17918900,2026-02-13T03:45:45Z
AAPL,2007-04-03,2.83,2.85,2.81,2.82,696005495,94.5,95.23,93.76,94.14,20856600,2026-02-13T03:45:45Z
AAPL,2007-04-04,2.82,2.85,2.82,2.85,567914889,94.27,95.14,94.13,94.94,17018100,2026-02-13T03:45:45Z
AAPL,2007-04-05,2.84,2.84,2.8,2.82,423808758,94.68,94.68,93.52,94.12,12699600,2026-02-13T03:45:45Z
AAPL,2007-04-09,2.81,2.86,2.79,2.85,492785763,93.65,95.3,93.04,95.21,14766400,2026-02-13T03:45:45Z
AAPL,2007-04-10,2.82,2.82,2.8,2.81,420352572,94.25,94.26,93.41,93.7,12596200,2026-02-13T03:45:45Z
AAPL,2007-04-11,2.77,2.81,2.77,2.81,655037360,92.59,93.95,92.33,93.9,19628400,2026-02-13T03:45:45Z
AAPL,2007-04-12,2.76,2.77,2.72,2.76,790761513,92.19,92.31,90.72,92.04,23695400,2026-02-13T03:45:45Z
AAPL,2007-04-13,2.7,2.74,2.7,2.72,857967073,90.24,91.4,90.06,90.9,25709200,2026-02-13T03:45:45Z
AAPL,2007-04-16,2.74,2.74,2.7,2.71,711897108,91.43,91.5,90.25,90.61,21332500,2026-02-13T03:45:45Z
AAPL,2007-04-17,2.71,2.77,2.69,2.76,896695996,90.35,92.3,89.7,92,26870000,2026-02-13T03:45:45Z
AAPL,2007-04-18,2.71,2.72,2.69,2.7,553233875,90.4,90.85,89.6,90.15,16577900,2026-02-13T03:45:45Z
AAPL,2007-04-19,2.71,2.73,2.69,2.7,508200567,90.27,91.25,89.83,90.12,15228700,2026-02-13T03:45:45Z
AAPL,2007-04-20,2.73,2.73,2.71,2.72,624963877,90.97,91.18,90.55,90.89,18727100,2026-02-13T03:45:45Z
AAPL,2007-04-23,2.8,2.81,2.74,2.75,930656266,93.51,93.8,91.42,91.59,27888200,2026-02-13T03:45:45Z
AAPL,2007-04-24,2.79,2.89,2.74,2.82,1258089134,93.24,96.39,91.3,93.96,37699500,2026-02-13T03:45:45Z
AAPL,2007-04-25,2.86,2.86,2.81,2.82,1453287151,95.35,95.4,93.8,94.25,43549300,2026-02-13T03:45:45Z
AAPL,2007-04-26,2.96,3.07,2.95,3.04,2073794234,98.84,102.5,98.3,101.6,62142500,2026-02-13T03:45:45Z
AAPL,2007-04-27,2.99,3,2.93,2.94,834262809,99.92,99.95,97.69,98.18,24999300,2026-02-13T03:45:45Z
AAPL,2007-04-30,2.99,3.03,2.99,3,735858473,99.8,101,99.67,100.04,22050600,2026-02-13T03:45:45Z
AAPL,2007-05-01,2.98,3.01,2.95,2.98,634829925,99.47,100.35,98.55,99.59,19023200,2026-02-13T03:45:45Z
AAPL,2007-05-02,3.01,3.01,2.98,2.99,602821056,100.39,100.54,99.47,99.65,18064000,2026-02-13T03:45:45Z
AAPL,2007-05-03,3.01,3.04,3,3.02,687452600,100.4,101.45,100.01,100.73,20599700,2026-02-13T03:45:45Z
AAPL,2007-05-04,3.02,3.04,3.01,3.02,455500766,100.81,101.6,100.5,100.8,13649500,2026-02-13T03:45:45Z
AAPL,2007-05-07,3.11,3.13,3.03,3.03,1027171364,103.92,104.35,101.01,101.19,30779800,2026-02-13T03:45:45Z
AAPL,2007-05-08,3.15,3.15,3.1,3.1,934953753,105.06,105.15,103.42,103.47,28016900,2026-02-13T03:45:45Z
AAPL,2007-05-09,3.2,3.21,3.14,3.14,856118237,106.88,106.96,104.89,104.91,25654200,2026-02-13T03:45:45Z
AAPL,2007-05-10,3.22,3.26,3.17,3.19,1427493865,107.34,108.84,105.92,106.63,42775300,2026-02-13T03:45:45Z
AAPL,2007-05-11,3.26,3.27,3.2,3.23,777650905,108.74,109.13,106.78,107.74,23302900,2026-02-13T03:45:45Z
AAPL,2007-05-14,3.28,3.3,3.24,3.29,777394125,109.36,110,108.25,109.62,23294900,2026-02-13T03:45:45Z
AAPL,2007-05-15,3.22,3.3,3.19,3.28,1138295475,107.52,110.2,106.48,109.57,34109700,2026-02-13T03:45:45Z
AAPL,2007-05-16,3.22,3.26,3.1,3.25,1343530323,107.34,108.83,103.42,108.53,40259300,2026-02-13T03:45:45Z
AAPL,2007-05-17,3.28,3.29,3.21,3.21,878913529,109.44,109.87,107.15,107.15,26337500,2026-02-13T03:45:45Z
AAPL,2007-05-18,3.3,3.31,3.29,3.3,740108074,110.02,110.64,109.77,110.23,22177600,2026-02-13T03:45:45Z
AAPL,2007-05-21,3.36,3.37,3.3,3.31,762945659,111.98,112.45,110.05,110.31,22862400,2026-02-13T03:45:45Z
AAPL,2007-05-22,3.4,3.41,3.36,3.37,682464587,113.54,113.75,112.01,112.49,20450500,2026-02-13T03:45:45Z
AAPL,2007-05-23,3.38,3.45,3.37,3.42,1086571488,112.89,115,112.59,114.02,32559500,2026-02-13T03:45:45Z
AAPL,2007-05-24,3.32,3.43,3.31,3.38,1058884423,110.69,114.46,110.37,112.81,31730300,2026-02-13T03:45:45Z
AAPL,2007-05-25,3.4,3.41,3.34,3.36,754397636,113.62,113.78,111.5,112,22605800,2026-02-13T03:45:45Z
AAPL,2007-05-29,3.43,3.44,3.38,3.43,769181399,114.35,114.86,112.69,114.45,23048700,2026-02-13T03:45:45Z
AAPL,2007-05-30,3.56,3.56,3.4,3.42,1764909883,118.77,118.88,113.53,114.3,52886200,2026-02-13T03:45:45Z
AAPL,2007-05-31,3.63,3.66,3.58,3.6,1546704695,121.19,122.17,119.54,120.07,46347700,2026-02-13T03:45:45Z
AAPL,2007-06-01,3.55,3.63,3.54,3.6,1054137332,118.4,121.19,118.29,120.05,31588300,2026-02-13T03:45:45Z
AAPL,2007-06-04,3.64,3.65,3.53,3.56,1058164036,121.33,121.73,117.9,118.63,31708400,2026-02-13T03:45:45Z
AAPL,2007-06-05,3.68,3.68,3.61,3.64,1096768800,122.67,122.69,120.5,121.41,32865300,2026-02-13T03:45:45Z
AAPL,2007-06-06,3.7,3.72,3.65,3.67,1327264186,123.64,124.05,121.95,122.3,39771900,2026-02-13T03:45:45Z
AAPL,2007-06-07,3.72,3.82,3.69,3.75,2147483647,124.07,127.61,123.19,124.99,68464600,2026-02-13T03:45:45Z
AAPL,2007-06-08,3.73,3.77,3.66,3.77,1481418383,124.49,125.83,122.29,125.78,44391100,2026-02-13T03:45:45Z
AAPL,2007-06-11,3.6,3.78,3.58,3.78,2147483647,120.19,126.15,119.54,126,67084200,2026-02-13T03:45:45Z
AAPL,2007-06-12,3.61,3.65,3.54,3.58,1700499265,120.38,121.71,118.31,119.35,50956900,2026-02-13T03:45:45Z
AAPL,2007-06-13,3.52,3.63,3.46,3.63,2052963669,117.5,121.19,115.4,121.16,61517700,2026-02-13T03:45:45Z
AAPL,2007-06-14,3.56,3.58,3.49,3.51,1160349739,118.75,119.45,116.42,117.2,34770200,2026-02-13T03:45:45Z
AAPL,2007-06-15,3.61,3.62,3.59,3.61,967146524,120.5,120.67,119.86,120.62,28981300,2026-02-13T03:45:45Z
AAPL,2007-06-18,3.75,3.75,3.67,3.69,1086444844,125.09,125.18,122.54,123.28,32556000,2026-02-13T03:45:45Z
AAPL,2007-06-19,3.71,3.75,3.68,3.74,1114280881,123.66,125.01,122.91,124.69,33389900,2026-02-13T03:45:45Z
AAPL,2007-06-20,3.64,3.74,3.64,3.71,1070173019,121.55,124.66,121.5,123.87,32068000,2026-02-13T03:45:45Z
AAPL,2007-06-21,3.71,3.72,3.62,3.65,1033815834,123.9,124.29,120.72,121.7,30978600,2026-02-13T03:45:45Z
AAPL,2007-06-22,3.69,3.73,3.67,3.71,753488178,123,124.45,122.38,123.85,22578700,2026-02-13T03:45:45Z
AAPL,2007-06-25,3.67,3.75,3.63,3.72,1151190904,122.34,125.09,121.06,124.19,34496100,2026-02-13T03:45:45Z
AAPL,2007-06-26,3.59,3.72,3.56,3.71,1601597043,119.65,124,118.72,123.98,47993200,2026-02-13T03:45:45Z
AAPL,2007-06-27,3.65,3.66,3.57,3.62,1162454499,121.89,122.04,119.26,120.66,34833700,2026-02-13T03:45:45Z
AAPL,2007-06-28,3.61,3.67,3.6,3.67,1002657500,120.56,122.49,120,122.36,30044900,2026-02-13T03:45:45Z
AAPL,2007-06-29,3.66,3.72,3.63,3.65,1354415822,122.04,124,121.09,121.97,40585600,2026-02-13T03:45:45Z
AAPL,2007-07-02,3.63,3.66,3.58,3.63,1186932841,121.26,122.09,119.3,121.05,35567000,2026-02-13T03:45:45Z
AAPL,2007-07-03,3.81,3.82,3.64,3.66,1385505450,127.17,127.4,121.5,122,41517100,2026-02-13T03:45:45Z
AAPL,2007-07-05,3.98,3.98,3.86,3.86,1731169592,132.75,132.97,128.69,128.8,51876100,2026-02-13T03:45:45Z
AAPL,2007-07-06,3.96,4,3.91,3.99,1035263560,132.3,133.34,130.4,133.13,31022700,2026-02-13T03:45:45Z
AAPL,2007-07-09,3.91,3.98,3.87,3.97,1186698102,130.33,132.9,129.18,132.38,35560300,2026-02-13T03:45:45Z
AAPL,2007-07-10,3.97,4.03,3.86,3.86,1495605932,132.35,134.5,128.81,128.88,44817200,2026-02-13T03:45:45Z
AAPL,2007-07-11,3.97,4.01,3.94,3.96,978536937,132.39,133.7,131.31,132.07,29322200,2026-02-13T03:45:45Z
AAPL,2007-07-12,4.02,4.02,3.97,4.01,839701107,134.07,134.24,132.39,133.85,25162300,2026-02-13T03:45:45Z
AAPL,2007-07-13,4.13,4.13,4.03,4.05,1081223020,137.73,137.85,134.52,135.03,32399200,2026-02-13T03:45:45Z
AAPL,2007-07-16,4.14,4.2,4.12,4.15,1115529176,138.1,139.98,137.5,138.39,33427400,2026-02-13T03:45:45Z
AAPL,2007-07-17,4.16,4.18,4.12,4.14,845892047,138.91,139.6,137.5,138.3,25348000,2026-02-13T03:45:45Z
AAPL,2007-07-18,4.14,4.15,4.08,4.14,902454689,138.12,138.44,136.04,138.19,27042700,2026-02-13T03:45:45Z
AAPL,2007-07-19,4.2,4.22,4.18,4.2,873341334,140,140.81,139.65,140.3,26170300,2026-02-13T03:45:45Z
AAPL,2007-07-20,4.31,4.32,4.2,4.25,1390454275,143.75,144.18,140,141.65,41665500,2026-02-13T03:45:45Z
AAPL,2007-07-23,4.31,4.35,4.22,4.29,1233887234,143.7,145.22,140.93,143.31,36974000,2026-02-13T03:45:45Z
AAPL,2007-07-24,4.04,4.22,4.02,4.16,2147483647,134.89,141,134.15,138.88,64452900,2026-02-13T03:45:45Z
AAPL,2007-07-25,4.11,4.15,4.04,4.12,1932515594,137.26,138.36,135,137.35,57908400,2026-02-13T03:45:45Z
AAPL,2007-07-26,4.38,4.45,4.1,4.37,2147483647,146,148.5,136.96,145.91,78138600,2026-02-13T03:45:45Z
AAPL,2007-07-27,4.31,4.46,4.31,4.38,1381258141,143.85,148.92,143.78,146.19,41390700,2026-02-13T03:45:45Z
AAPL,2007-07-30,4.24,4.36,4.18,4.33,1321111719,141.43,145.45,139.57,144.34,39588300,2026-02-13T03:45:45Z
AAPL,2007-07-31,3.95,4.3,3.94,4.28,2108934195,131.76,143.48,131.52,142.97,63196200,2026-02-13T03:45:45Z
AAPL,2007-08-01,4.05,4.06,3.83,4,2087252865,135,135.38,127.77,133.64,62545300,2026-02-13T03:45:45Z
AAPL,2007-08-02,4.09,4.1,4.02,4.09,1017368623,136.49,136.96,134.15,136.65,30486300,2026-02-13T03:45:45Z
AAPL,2007-08-03,3.95,4.07,3.94,4.05,808722055,131.85,135.95,131.5,135.26,24233600,2026-02-13T03:45:45Z
AAPL,2007-08-06,4.05,4.05,3.85,3.98,1102476181,135.25,135.27,128.3,132.9,33036500,2026-02-13T03:45:45Z
AAPL,2007-08-07,4.05,4.11,3.97,4.04,1132846235,135.03,137.24,132.63,134.94,33946800,2026-02-13T03:45:45Z
AAPL,2007-08-08,4.02,4.1,3.96,4.1,963477965,134.01,136.86,132,136.76,28871100,2026-02-13T03:45:45Z
AAPL,2007-08-09,3.79,3.98,3.75,3.93,1340933949,126.39,133,125.09,131.11,40181600,2026-02-13T03:45:45Z
AAPL,2007-08-10,3.75,3.83,3.6,3.69,1681429950,125,127.75,120.3,123.12,50384900,2026-02-13T03:45:45Z
AAPL,2007-08-13,3.83,3.88,3.79,3.85,898612296,127.79,129.35,126.5,128.32,26927600,2026-02-13T03:45:45Z
AAPL,2007-08-14,3.72,3.85,3.71,3.84,880966092,124.03,128.3,123.71,128.29,26398700,2026-02-13T03:45:45Z
AAPL,2007-08-15,3.59,3.74,3.58,3.68,1183333098,119.9,124.86,119.65,122.74,35458900,2026-02-13T03:45:45Z
AAPL,2007-08-16,3.51,3.55,3.35,3.51,2147483647,117.05,118.5,111.62,117.01,66531700,2026-02-13T03:45:45Z
AAPL,2007-08-17,3.66,3.7,3.59,3.66,1424177946,122.06,123.5,119.82,122.09,42676200,2026-02-13T03:45:45Z
AAPL,2007-08-20,3.66,3.73,3.61,3.71,957539954,122.22,124.5,120.5,123.96,28693300,2026-02-13T03:45:45Z
AAPL,2007-08-21,3.82,3.86,3.63,3.66,1551980385,127.57,128.96,121,122.21,46505600,2026-02-13T03:45:45Z
AAPL,2007-08-22,3.97,3.98,3.9,3.93,1263802239,132.51,132.75,130.33,131.25,37870200,2026-02-13T03:45:45Z
AAPL,2007-08-23,3.93,4,3.89,3.99,1032784756,131.07,133.34,129.76,133.09,30947900,2026-02-13T03:45:45Z
AAPL,2007-08-24,4.05,4.06,3.89,3.98,1086742050,135.3,135.37,129.81,132.68,32564800,2026-02-13T03:45:45Z
AAPL,2007-08-27,3.96,4.04,3.96,4,843104869,132.25,134.66,132.1,133.39,25263900,2026-02-13T03:45:45Z
AAPL,2007-08-28,3.8,3.97,3.79,3.92,1405586288,126.82,132.41,126.63,130.99,42119800,2026-02-13T03:45:45Z
AAPL,2007-08-29,4.02,4.02,3.88,3.89,1390538299,134.08,134.18,129.54,129.88,41668200,2026-02-13T03:45:45Z
AAPL,2007-08-30,4.08,4.14,3.96,3.98,1710189514,136.25,138.25,132.3,132.67,51246400,2026-02-13T03:45:45Z
AAPL,2007-08-31,4.15,4.18,4.12,4.18,1044807334,138.48,139.65,137.41,139.49,31308100,2026-02-13T03:45:45Z
AAPL,2007-09-04,4.32,4.37,4.19,4.19,1568849339,144.16,145.73,139.84,139.94,47011900,2026-02-13T03:45:45Z
AAPL,2007-09-05,4.1,4.37,4.08,4.34,2147483647,136.76,145.84,136.1,144.97,83151904,2026-02-13T03:45:45Z
AAPL,2007-09-06,4.05,4.12,3.98,4.06,2147483647,135.01,137.57,132.71,135.56,67902200,2026-02-13T03:45:45Z
AAPL,2007-09-07,3.95,3.96,3.9,3.96,1705014177,131.77,132.3,130,132.01,51091900,2026-02-13T03:45:45Z
AAPL,2007-09-10,4.1,4.14,4.01,4.11,1773275343,136.71,138.04,133.95,137,53137300,2026-02-13T03:45:45Z
AAPL,2007-09-11,4.06,4.14,4.01,4.13,1158335701,135.49,138.3,133.75,137.9,34710100,2026-02-13T03:45:45Z
AAPL,2007-09-12,4.1,4.18,4.07,4.08,1219662821,136.85,139.4,135.75,135.99,36548000,2026-02-13T03:45:45Z
AAPL,2007-09-13,4.11,4.17,4.09,4.16,782036258,137.2,139,136.65,138.83,23434300,2026-02-13T03:45:45Z
AAPL,2007-09-14,4.16,4.17,4.08,4.09,723830854,138.81,138.98,136.2,136.57,21689900,2026-02-13T03:45:45Z
AAPL,2007-09-17,4.15,4.21,4.12,4.17,945576898,138.41,140.59,137.6,138.99,28334600,2026-02-13T03:45:45Z
AAPL,2007-09-18,4.22,4.28,4.13,4.17,1268220599,140.92,142.85,137.83,139.06,38003100,2026-02-13T03:45:45Z
AAPL,2007-09-19,4.22,4.29,4.18,4.29,1223864166,140.77,143.16,139.4,143.03,36674200,2026-02-13T03:45:45Z
AAPL,2007-09-20,4.2,4.25,4.17,4.2,824561439,140.31,141.79,139.32,140.15,24708500,2026-02-13T03:45:45Z
AAPL,2007-09-21,4.32,4.33,4.21,4.23,1357372164,144.15,144.65,140.31,141.14,40674200,2026-02-13T03:45:45Z
AAPL,2007-09-24,4.44,4.49,4.39,4.4,1254004250,148.28,149.85,146.65,146.73,37577100,2026-02-13T03:45:45Z
AAPL,2007-09-25,4.59,4.59,4.4,4.4,1420641274,153.18,153.22,146.82,146.84,42570200,2026-02-13T03:45:45Z
AAPL,2007-09-26,4.58,4.64,4.53,4.63,1162354654,152.77,155,151.25,154.47,34830900,2026-02-13T03:45:45Z
AAPL,2007-09-27,4.63,4.63,4.56,4.61,784469632,154.5,154.52,152.32,153.77,23507000,2026-02-13T03:45:45Z
AAPL,2007-09-28,4.6,4.63,4.58,4.6,733091698,153.47,154.6,152.75,153.44,21967800,2026-02-13T03:45:45Z
AAPL,2007-10-01,4.68,4.72,4.58,4.63,997638964,156.34,157.41,152.93,154.63,29895200,2026-02-13T03:45:45Z
AAPL,2007-10-02,4.75,4.75,4.67,4.69,944024018,158.45,158.59,155.89,156.55,28288100,2026-02-13T03:45:45Z
AAPL,2007-10-03,4.73,4.77,4.71,4.73,825363947,157.92,159.18,157.01,157.78,24732700,2026-02-13T03:45:45Z
AAPL,2007-10-04,4.68,4.74,4.6,4.74,782991968,156.24,158.08,153.5,158,23462700,2026-02-13T03:45:45Z
AAPL,2007-10-05,4.84,4.84,4.73,4.75,1124459034,161.45,161.58,157.7,158.37,33695300,2026-02-13T03:45:45Z
AAPL,2007-10-08,5.03,5.03,4.88,4.9,996299417,167.91,167.91,162.97,163.49,29854500,2026-02-13T03:45:45Z
AAPL,2007-10-09,5.03,5.13,5,5.1,1317997775,167.86,171.11,166.68,170.2,39494400,2026-02-13T03:45:45Z
AAPL,2007-10-10,5,5.03,4.96,5.02,795654789,166.79,167.88,165.6,167.55,23842400,2026-02-13T03:45:45Z
AAPL,2007-10-11,4.86,5.15,4.59,5.08,1959374597,162.23,171.88,153.21,169.49,58713900,2026-02-13T03:45:45Z
AAPL,2007-10-12,5.01,5.01,4.85,4.88,1177755146,167.25,167.28,161.8,163.01,35291900,2026-02-13T03:45:45Z
AAPL,2007-10-15,5,5.08,4.9,5.03,1284714545,166.98,169.57,163.5,167.98,38497400,2026-02-13T03:45:45Z
AAPL,2007-10-16,5.08,5.1,4.95,4.96,1272693041,169.58,170.18,165.15,165.54,38136700,2026-02-13T03:45:45Z
AAPL,2007-10-17,5.18,5.18,5.07,5.17,1343939755,172.75,173.04,169.18,172.69,40271800,2026-02-13T03:45:45Z
AAPL,2007-10-18,5.2,5.22,5.13,5.14,982491289,173.5,174.19,171.05,171.5,29440900,2026-02-13T03:45:45Z
AAPL,2007-10-19,5.11,5.23,5.09,5.22,1539599266,170.42,174.63,170,174.16,46134900,2026-02-13T03:45:45Z
AAPL,2007-10-22,5.22,5.24,5.09,5.1,1965927871,174.36,174.9,169.96,170.15,58910600,2026-02-13T03:45:45Z
AAPL,2007-10-23,5.58,5.65,5.48,5.65,2139557487,186.16,188.6,182.76,188.56,64112900,2026-02-13T03:45:45Z
AAPL,2007-10-24,5.57,5.61,5.37,5.57,1535675011,185.93,187.21,179.24,185.81,46017100,2026-02-13T03:45:45Z
AAPL,2007-10-25,5.48,5.57,5.44,5.54,1160382951,182.78,185.9,181.66,184.87,34771900,2026-02-13T03:45:45Z
AAPL,2007-10-26,5.53,5.55,5.48,5.54,842486014,184.7,185.37,182.88,185.02,25245500,2026-02-13T03:45:45Z
AAPL,2007-10-29,5.55,5.59,5.54,5.56,644248334,185.09,186.59,184.7,185.45,19305400,2026-02-13T03:45:45Z
AAPL,2007-10-30,5.6,5.67,5.54,5.58,1119628576,187,189.37,184.73,186.18,33550400,2026-02-13T03:45:45Z
AAPL,2007-10-31,5.69,5.7,5.54,5.62,993179382,189.95,190.12,184.95,187.63,29761000,2026-02-13T03:45:45Z
AAPL,2007-11-01,5.62,5.7,5.39,5.65,959467318,187.44,190.1,180,188.5,28751200,2026-02-13T03:45:45Z
AAPL,2007-11-02,5.63,5.68,5.5,5.67,1194359586,187.87,189.44,183.49,189.21,35789700,2026-02-13T03:45:45Z
AAPL,2007-11-05,5.58,5.66,5.52,5.55,958450142,186.18,188.96,184.24,185.29,28720500,2026-02-13T03:45:45Z
AAPL,2007-11-06,5.75,5.75,5.55,5.61,1137874611,191.79,192,185.27,187.05,34097300,2026-02-13T03:45:45Z
AAPL,2007-11-07,5.58,5.77,5.58,5.71,1185081965,186.3,192.68,186.13,190.61,35511600,2026-02-13T03:45:45Z
AAPL,2007-11-08,5.26,5.6,5.03,5.59,2147483647,175.47,186.9,167.77,186.67,67513400,2026-02-13T03:45:45Z
AAPL,2007-11-09,4.96,5.25,4.95,5.13,1819215333,165.37,175.12,165.21,171.15,54513500,2026-02-13T03:45:45Z
AAPL,2007-11-12,4.61,5.03,4.51,4.95,2108438078,153.76,167.7,150.63,165.28,63180800,2026-02-13T03:45:45Z
AAPL,2007-11-13,5.09,5.12,4.61,4.82,2073124719,169.96,170.98,153.76,160.85,62123000,2026-02-13T03:45:45Z
AAPL,2007-11-14,4.98,5.32,4.91,5.31,1727171936,166.11,177.57,163.74,177.16,51755900,2026-02-13T03:45:45Z
AAPL,2007-11-15,4.92,5.08,4.8,4.99,1772750058,164.3,169.59,160.3,166.39,53121700,2026-02-13T03:45:45Z
AAPL,2007-11-16,4.99,5,4.77,4.95,1648895877,166.39,167.02,159.33,165.3,49410400,2026-02-13T03:45:45Z
AAPL,2007-11-19,4.91,5.04,4.86,4.98,1374848557,163.95,168.2,162.1,166.1,41198200,2026-02-13T03:45:45Z
AAPL,2007-11-20,5.06,5.15,4.9,4.96,1839785987,168.85,171.79,163.53,165.67,55130000,2026-02-13T03:45:45Z
AAPL,2007-11-21,5.05,5.17,4.93,4.97,1452356300,168.46,172.35,164.67,165.84,43520900,2026-02-13T03:45:45Z
AAPL,2007-11-23,5.14,5.16,5.09,5.15,555103772,171.54,172.05,169.75,172,16634100,2026-02-13T03:45:45Z
AAPL,2007-11-26,5.17,5.31,5.17,5.2,1556259600,172.54,177.27,172.35,173.59,46634000,2026-02-13T03:45:45Z
AAPL,2007-11-27,5.24,5.27,5.09,5.25,1569682106,174.81,175.79,170.01,175.22,47036700,2026-02-13T03:45:45Z
AAPL,2007-11-28,5.4,5.41,5.25,5.3,1371696633,180.22,180.6,175.35,176.82,41103900,2026-02-13T03:45:45Z
AAPL,2007-11-29,5.52,5.55,5.37,5.39,1252529809,184.29,185.17,179.15,179.91,37533000,2026-02-13T03:45:45Z
AAPL,2007-11-30,5.46,5.62,5.38,5.61,1415661407,182.22,187.7,179.7,187.34,42421400,2026-02-13T03:45:45Z
AAPL,2007-12-03,5.36,5.52,5.33,5.45,1145913502,178.86,184.14,177.7,181.86,34338100,2026-02-13T03:45:45Z
AAPL,2007-12-04,5.39,5.42,5.3,5.31,922248515,179.81,180.9,176.99,177.15,27635600,2026-02-13T03:45:45Z
AAPL,2007-12-05,5.56,5.57,5.47,5.48,1063602960,185.5,186,182.41,182.89,31871400,2026-02-13T03:45:45Z
AAPL,2007-12-06,5.69,5.7,5.58,5.58,1073221719,189.95,190.1,186.12,186.19,32159500,2026-02-13T03:45:45Z
AAPL,2007-12-07,5.82,5.84,5.63,5.71,1270586184,194.3,194.99,188.04,190.54,38073700,2026-02-13T03:45:45Z
AAPL,2007-12-10,5.82,5.86,5.77,5.8,860963492,194.21,195.66,192.69,193.59,25799100,2026-02-13T03:45:45Z
AAPL,2007-12-11,5.65,5.9,5.62,5.84,1324053693,188.54,196.83,187.39,194.75,39675800,2026-02-13T03:45:45Z
AAPL,2007-12-12,5.72,5.83,5.57,5.8,1460794191,190.86,194.48,185.76,193.44,43773500,2026-02-13T03:45:45Z
AAPL,2007-12-13,5.75,5.76,5.63,5.7,1032041030,191.83,192.12,187.82,190.19,30925600,2026-02-13T03:45:45Z
AAPL,2007-12-14,5.71,5.99,5.68,5.71,804000544,190.39,200,189.54,190.37,24092300,2026-02-13T03:45:45Z
AAPL,2007-12-17,5.53,5.77,5.48,5.71,1221257900,184.4,192.65,182.98,190.72,36596100,2026-02-13T03:45:45Z
AAPL,2007-12-18,5.48,5.61,5.35,5.59,1457148692,182.98,187.33,178.6,186.52,43664300,2026-02-13T03:45:45Z
AAPL,2007-12-19,5.49,5.53,5.42,5.48,986220828,183.12,184.64,180.9,182.98,29552700,2026-02-13T03:45:45Z
AAPL,2007-12-20,5.61,5.63,5.49,5.56,922548358,187.21,187.83,183.33,185.43,27644800,2026-02-13T03:45:45Z
AAPL,2007-12-21,5.81,5.81,5.69,5.7,1186179517,193.91,193.91,189.89,190.12,35544800,2026-02-13T03:45:45Z
AAPL,2007-12-24,5.96,5.97,5.84,5.84,572399269,198.8,199.33,194.79,195.03,17152400,2026-02-13T03:45:45Z
AAPL,2007-12-26,5.96,6.02,5.9,5.96,838733848,198.95,200.96,196.82,199.01,25133200,2026-02-13T03:45:45Z
AAPL,2007-12-27,5.95,6.08,5.93,5.96,948137351,198.57,202.96,197.8,198.95,28411600,2026-02-13T03:45:45Z
AAPL,2007-12-28,5.99,6.04,5.9,6.01,833871274,199.83,201.56,196.88,200.59,24987300,2026-02-13T03:45:45Z
AAPL,2007-12-31,5.94,6.01,5.93,5.98,642796759,198.08,200.5,197.75,199.5,19261800,2026-02-13T03:45:45Z
AAPL,2008-01-02,5.84,6,5.77,5.97,1286212659,194.84,200.26,192.55,199.24,38542000,2026-02-13T03:45:45Z
AAPL,2008-01-03,5.84,5.92,5.77,5.86,1003608463,194.93,197.39,192.69,195.41,30073700,2026-02-13T03:45:45Z
AAPL,2008-01-04,5.4,5.78,5.36,5.74,1735132944,180.05,193,178.89,191.45,51993900,2026-02-13T03:45:45Z
AAPL,2008-01-07,5.32,5.5,5.1,5.43,2147483647,177.64,183.6,170.23,181.25,74006800,2026-02-13T03:45:45Z
AAPL,2008-01-08,5.13,5.47,5.12,5.4,1816157302,171.25,182.46,170.8,180.14,54421900,2026-02-13T03:45:45Z
AAPL,2008-01-09,5.38,5.38,5.04,5.13,2147483647,179.4,179.5,168.3,171.3,64840600,2026-02-13T03:45:45Z
AAPL,2008-01-10,5.33,5.42,5.26,5.32,1767473771,178.02,181,175.41,177.58,52963300,2026-02-13T03:45:45Z
AAPL,2008-01-11,5.17,5.33,5.09,5.27,1468675703,172.69,177.85,170,176,44010100,2026-02-13T03:45:45Z
AAPL,2008-01-14,5.36,5.38,5.25,5.32,1311548262,178.78,179.42,175.17,177.52,39301700,2026-02-13T03:45:45Z
AAPL,2008-01-15,5.07,5.37,4.93,5.33,2147483647,169.04,179.22,164.66,177.72,83937904,2026-02-13T03:45:45Z
AAPL,2008-01-16,4.78,5.06,4.7,4.95,2147483647,159.64,169.01,156.7,165.23,79191904,2026-02-13T03:45:45Z
AAPL,2008-01-17,4.82,4.96,4.75,4.84,2097513627,160.89,165.36,158.42,161.51,62853400,2026-02-13T03:45:45Z
AAPL,2008-01-18,4.84,4.97,4.78,4.85,2055136437,161.36,165.75,159.61,161.71,61583600,2026-02-13T03:45:45Z
AAPL,2008-01-22,4.66,4.79,4.38,4.44,2147483647,155.64,159.98,146,148.06,86963400,2026-02-13T03:45:45Z
AAPL,2008-01-23,4.17,4.2,3.78,4.08,2147483647,139.07,140,126.14,136.19,120466200,2026-02-13T03:45:45Z
AAPL,2008-01-24,4.06,4.22,3.96,4.2,2147483647,135.6,140.7,132.01,139.99,71638000,2026-02-13T03:45:45Z
AAPL,2008-01-25,3.9,4.17,3.88,4.17,1853008482,130.01,139.09,129.61,138.99,55526300,2026-02-13T03:45:45Z
AAPL,2008-01-28,3.9,3.99,3.79,3.84,1757785658,130.01,133.2,126.45,128.16,52672900,2026-02-13T03:45:45Z
AAPL,2008-01-29,3.94,3.98,3.87,3.93,1311006680,131.54,132.79,129.05,131.15,39285000,2026-02-13T03:45:45Z
AAPL,2008-01-30,3.96,4.06,3.9,3.94,1481533840,132.18,135.45,130,131.37,44394600,2026-02-13T03:45:45Z
AAPL,2008-01-31,4.06,4.09,3.88,3.88,1603811272,135.36,136.65,129.4,129.45,48059700,2026-02-13T03:45:45Z
AAPL,2008-02-01,4.01,4.09,3.96,4.08,1204647820,133.75,136.59,132.18,136.24,36097900,2026-02-13T03:45:45Z
AAPL,2008-02-04,3.94,4.07,3.94,4.02,1071737431,131.65,135.9,131.42,134.21,32115400,2026-02-13T03:45:45Z
AAPL,2008-02-05,3.88,4.01,3.86,3.91,1359921611,129.36,134,128.9,130.43,40751400,2026-02-13T03:45:45Z
AAPL,2008-02-06,3.66,3.95,3.65,3.92,1875072989,122,131.92,121.77,130.83,56188200,2026-02-13T03:45:45Z
AAPL,2008-02-07,3.63,3.74,3.51,3.6,2147483647,121.24,124.78,117.27,119.97,74450200,2026-02-13T03:45:45Z
AAPL,2008-02-08,3.76,3.77,3.64,3.66,1616085475,125.48,125.7,121.6,122.08,48427500,2026-02-13T03:45:45Z
AAPL,2008-02-11,3.88,3.9,3.81,3.84,1431927934,129.45,129.98,127.2,128.01,42908200,2026-02-13T03:45:45Z
AAPL,2008-02-12,3.74,3.93,3.7,3.92,1461178522,124.86,131,123.62,130.7,43784900,2026-02-13T03:45:45Z
AAPL,2008-02-13,3.88,3.89,3.77,3.8,1154344157,129.4,129.78,125.63,126.7,34590400,2026-02-13T03:45:45Z
AAPL,2008-02-14,3.82,3.92,3.81,3.88,1137321099,127.46,130.8,127.01,129.4,34080700,2026-02-13T03:45:45Z
AAPL,2008-02-15,3.73,3.81,3.72,3.78,1074215491,124.63,127.08,124.06,126.27,32189200,2026-02-13T03:45:45Z
AAPL,2008-02-19,3.66,3.8,3.64,3.77,1197860288,122.18,126.75,121.44,125.99,35894400,2026-02-13T03:45:45Z
AAPL,2008-02-20,3.71,3.73,3.65,3.66,1153033379,123.82,124.6,121.68,122.2,34551300,2026-02-13T03:45:45Z
AAPL,2008-02-21,3.64,3.79,3.62,3.78,1118084159,121.54,126.47,120.86,126.05,33504000,2026-02-13T03:45:45Z
AAPL,2008-02-22,3.58,3.67,3.47,3.67,1823353477,119.46,122.51,115.87,122.49,54638400,2026-02-13T03:45:45Z
AAPL,2008-02-25,3.59,3.6,3.5,3.55,1497856082,119.74,120.17,116.66,118.59,44884700,2026-02-13T03:45:45Z
AAPL,2008-02-26,3.57,3.63,3.46,3.52,1793605090,119.15,121.09,115.44,117.64,53745900,2026-02-13T03:45:45Z
AAPL,2008-02-27,3.68,3.69,3.54,3.54,1758103255,122.96,123.05,118.09,118.23,52683400,2026-02-13T03:45:45Z
AAPL,2008-02-28,3.89,3.96,3.77,3.81,1928698745,129.91,132.2,125.77,127.2,57794700,2026-02-13T03:45:45Z
AAPL,2008-02-29,3.75,3.9,3.74,3.87,1496331931,125.02,130.21,124.8,129.29,44838500,2026-02-13T03:45:45Z
AAPL,2008-03-03,3.65,3.77,3.54,3.73,1899530911,121.73,125.98,118,124.44,56920400,2026-02-13T03:45:45Z
AAPL,2008-03-04,3.73,3.74,3.61,3.66,2127893611,124.62,124.88,120.4,121.99,63763600,2026-02-13T03:45:45Z
AAPL,2008-03-05,3.73,3.75,3.66,3.7,1456249076,124.49,125.14,122.25,123.58,43636900,2026-02-13T03:45:45Z
AAPL,2008-03-06,3.62,3.82,3.62,3.73,1756421578,120.93,127.5,120.81,124.62,52632000,2026-02-13T03:45:45Z
AAPL,2008-03-07,3.66,3.69,3.57,3.61,1466809194,122.25,122.98,119.05,120.41,43953600,2026-02-13T03:45:45Z
AAPL,2008-03-10,3.59,3.7,3.58,3.65,1192649632,119.69,123.46,119.37,121.98,35739000,2026-02-13T03:45:45Z
AAPL,2008-03-11,3.82,3.82,3.66,3.72,1389001932,127.35,127.48,122,124.1,41622200,2026-02-13T03:45:45Z
AAPL,2008-03-12,3.78,3.86,3.75,3.81,1262904179,126.03,128.68,125.17,127.04,37843800,2026-02-13T03:45:45Z
AAPL,2008-03-13,3.83,3.88,3.69,3.71,1506771844,127.94,129.5,123,123.84,45151200,2026-02-13T03:45:45Z
AAPL,2008-03-14,3.79,3.9,3.72,3.89,1378771634,126.61,130.3,124.2,129.88,41316200,2026-02-13T03:45:45Z
AAPL,2008-03-17,3.8,3.85,3.67,3.67,1278353678,126.73,128.59,122.55,122.55,38307000,2026-02-13T03:45:45Z
AAPL,2008-03-18,3.98,3.98,3.86,3.87,1436293880,132.82,133,128.67,129.18,43039900,2026-02-13T03:45:45Z
AAPL,2008-03-19,3.89,4.02,3.89,3.99,1204389448,129.67,134.29,129.67,133.06,36090600,2026-02-13T03:45:45Z
AAPL,2008-03-20,3.99,3.99,3.87,3.93,1083123020,133.27,133.29,129.18,131.12,32456600,2026-02-13T03:45:45Z
AAPL,2008-03-24,4.18,4.22,4,4.02,1272104939,139.53,140.85,133.64,134.01,38119500,2026-02-13T03:45:45Z
AAPL,2008-03-25,4.22,4.29,4.12,4.19,1254627046,140.98,143.1,137.33,139.96,37596100,2026-02-13T03:45:45Z
AAPL,2008-03-26,4.35,4.37,4.21,4.22,1408854598,145.06,145.74,140.64,140.87,42217200,2026-02-13T03:45:45Z
AAPL,2008-03-27,4.2,4.35,4.2,4.34,1191622428,140.25,145.31,139.99,144.95,35708100,2026-02-13T03:45:45Z
AAPL,2008-03-28,4.29,4.33,4.24,4.25,852540292,143.01,144.65,141.6,141.82,25547000,2026-02-13T03:45:45Z
AAPL,2008-03-31,4.3,4.37,4.27,4.29,915401820,143.5,145.71,142.52,143.27,27430800,2026-02-13T03:45:45Z
AAPL,2008-04-01,4.48,4.49,4.3,4.38,1230652084,149.53,149.66,143.61,146.3,36877300,2026-02-13T03:45:45Z
AAPL,2008-04-02,4.42,4.53,4.37,4.46,1245441966,147.49,151.2,145.85,148.78,37320200,2026-02-13T03:45:45Z
AAPL,2008-04-03,4.54,4.6,4.41,4.41,1253523126,151.61,153.63,147,147.06,37563000,2026-02-13T03:45:45Z
AAPL,2008-04-04,4.59,4.64,4.52,4.56,1018764246,153.08,154.72,150.75,152.19,30527900,2026-02-13T03:45:45Z
AAPL,2008-04-07,4.67,4.79,4.65,4.68,1381458289,155.89,159.69,155.11,156.13,41395900,2026-02-13T03:45:45Z
AAPL,2008-04-08,4.58,4.69,4.56,4.6,1209998441,152.84,156.45,152.32,153.55,36258600,2026-02-13T03:45:45Z
AAPL,2008-04-09,4.54,4.61,4.51,4.59,1041567397,151.44,153.89,150.46,153.31,31211100,2026-02-13T03:45:45Z
AAPL,2008-04-10,4.63,4.66,4.51,4.53,1139970826,154.55,155.42,150.6,151.13,34160300,2026-02-13T03:45:45Z
AAPL,2008-04-11,4.41,4.59,4.39,4.58,1442229349,147.14,153.3,146.4,152.72,43216900,2026-02-13T03:45:45Z
AAPL,2008-04-14,4.43,4.47,4.33,4.4,1007454334,147.78,149.25,144.54,146.77,30189300,2026-02-13T03:45:45Z
AAPL,2008-04-15,4.45,4.49,4.37,4.48,831948636,148.38,149.72,145.72,149.4,24929800,2026-02-13T03:45:45Z
AAPL,2008-04-16,4.61,4.62,4.51,4.55,948439059,153.7,154.1,150.62,151.72,28420400,2026-02-13T03:45:45Z
AAPL,2008-04-17,4.63,4.67,4.59,4.62,840601151,154.49,156,153.35,154.14,25189200,2026-02-13T03:45:45Z
AAPL,2008-04-18,4.83,4.86,4.75,4.77,1223748715,161.04,162.26,158.38,159.12,36670100,2026-02-13T03:45:45Z
AAPL,2008-04-21,5.04,5.05,4.85,4.86,1238504113,168.16,168.5,161.76,162.21,37112500,2026-02-13T03:45:45Z
AAPL,2008-04-22,4.8,5.03,4.74,5.02,1715727975,160.2,168,158.09,167.4,51413200,2026-02-13T03:45:45Z
AAPL,2008-04-23,4.88,4.94,4.83,4.92,1792757481,162.89,164.84,161.08,164.05,53721100,2026-02-13T03:45:45Z
AAPL,2008-04-24,5.06,5.09,4.77,4.95,2022864276,168.94,169.98,159.19,165.33,60616200,2026-02-13T03:45:45Z
AAPL,2008-04-25,5.09,5.13,4.99,5.12,1182863224,169.73,171.1,166.42,170.7,35445400,2026-02-13T03:45:45Z
AAPL,2008-04-28,5.16,5.21,5.07,5.09,938223375,172.24,173.75,169.13,169.75,28114700,2026-02-13T03:45:45Z
AAPL,2008-04-29,5.25,5.26,5.1,5.13,1100633072,175.05,175.66,170.25,171.11,32981200,2026-02-13T03:45:45Z
AAPL,2008-04-30,5.21,5.39,5.18,5.28,1358134662,173.95,180,172.92,176.19,40697200,2026-02-13T03:45:45Z
AAPL,2008-05-01,5.39,5.39,5.24,5.24,1076924429,180,180,174.86,174.96,32270500,2026-02-13T03:45:45Z
AAPL,2008-05-02,5.42,5.45,5.35,5.4,1199096887,180.94,181.92,178.55,180.19,35931400,2026-02-13T03:45:45Z
AAPL,2008-05-05,5.54,5.55,5.42,5.45,1018484284,184.73,185.31,181.05,181.92,30519800,2026-02-13T03:45:45Z
AAPL,2008-05-06,5.59,5.61,5.46,5.53,1095136730,186.66,187.12,182.18,184.66,32816700,2026-02-13T03:45:45Z
AAPL,2008-05-07,5.47,5.64,5.41,5.58,1379128678,182.59,188.2,180.54,186.05,41326100,2026-02-13T03:45:45Z
AAPL,2008-05-08,5.55,5.59,5.49,5.51,1071554963,185.06,186.5,183.07,183.77,32110100,2026-02-13T03:45:45Z
AAPL,2008-05-09,5.5,5.52,5.43,5.49,802193219,183.45,184.25,181.37,183.18,24038200,2026-02-13T03:45:45Z
AAPL,2008-05-12,5.64,5.66,5.48,5.55,976557715,188.16,188.87,182.85,185.21,29263000,2026-02-13T03:45:45Z
AAPL,2008-05-13,5.69,5.74,5.63,5.65,981161053,189.96,191.45,187.86,188.61,29401200,2026-02-13T03:45:45Z
AAPL,2008-05-14,5.58,5.76,5.56,5.73,1092697676,186.26,192.24,185.57,191.23,32743600,2026-02-13T03:45:45Z
AAPL,2008-05-15,5.69,5.69,5.52,5.6,1040709385,189.73,189.9,184.2,186.81,31185500,2026-02-13T03:45:45Z
AAPL,2008-05-16,5.62,5.7,5.6,5.7,912678519,187.62,190.3,187,190.11,27348800,2026-02-13T03:45:45Z
AAPL,2008-05-19,5.5,5.65,5.43,5.63,1127829170,183.6,188.69,181.3,187.86,33796400,2026-02-13T03:45:45Z
AAPL,2008-05-20,5.57,5.58,5.4,5.45,1155908788,185.9,186.16,180.12,181.82,34637400,2026-02-13T03:45:45Z
AAPL,2008-05-21,5.34,5.63,5.28,5.56,1379728077,178.19,188,176.25,185.67,41344800,2026-02-13T03:45:45Z
AAPL,2008-05-22,5.31,5.43,5.15,5.37,1438511962,177.05,181.33,172,179.26,43105900,2026-02-13T03:45:45Z
AAPL,2008-05-23,5.43,5.45,5.33,5.42,1082581885,181.17,181.99,177.8,180.77,32440200,2026-02-13T03:45:45Z
AAPL,2008-05-27,5.59,5.59,5.45,5.48,941435034,186.43,186.43,181.84,182.75,28210800,2026-02-13T03:45:45Z
AAPL,2008-05-28,5.6,5.63,5.5,5.62,886710058,187.01,187.95,183.72,187.41,26570600,2026-02-13T03:45:45Z
AAPL,2008-05-29,5.59,5.64,5.56,5.6,771338008,186.69,188.2,185.5,186.75,23113700,2026-02-13T03:45:45Z
AAPL,2008-05-30,5.66,5.68,5.62,5.62,727244384,188.75,189.54,187.38,187.45,21792200,2026-02-13T03:45:45Z
AAPL,2008-06-02,5.58,5.68,5.53,5.65,810258489,186.1,189.65,184.53,188.6,24280000,2026-02-13T03:45:45Z
AAPL,2008-06-03,5.55,5.64,5.46,5.6,902678263,185.37,188.2,182.34,186.86,27049500,2026-02-13T03:45:45Z
AAPL,2008-06-04,5.55,5.61,5.49,5.51,867031599,185.19,187.09,183.23,184.02,25981100,2026-02-13T03:45:45Z
AAPL,2008-06-05,5.68,5.69,5.57,5.58,900372048,189.43,189.84,185.7,186.34,26980100,2026-02-13T03:45:45Z
AAPL,2008-06-06,5.56,5.69,5.56,5.63,1151823481,185.64,189.95,185.55,188,34515000,2026-02-13T03:45:45Z
AAPL,2008-06-09,5.44,5.54,5.27,5.54,2147483647,181.61,184.94,175.75,184.77,67442496,2026-02-13T03:45:45Z
AAPL,2008-06-10,5.56,5.6,5.36,5.41,1359822517,185.64,186.78,179.02,180.63,40747800,2026-02-13T03:45:45Z
AAPL,2008-06-11,5.42,5.57,5.38,5.52,1146009698,180.81,186,179.59,184.34,34341000,2026-02-13T03:45:45Z
AAPL,2008-06-12,5.19,5.47,5.13,5.44,1559317323,173.26,182.6,171.2,181.49,46726100,2026-02-13T03:45:45Z
AAPL,2008-06-13,5.17,5.22,4.95,5.14,1604163966,172.37,174.16,165.31,171.64,48069800,2026-02-13T03:45:45Z
AAPL,2008-06-16,5.3,5.33,5.07,5.19,1253494880,176.84,177.9,169.07,173.3,37561700,2026-02-13T03:45:45Z
AAPL,2008-06-17,5.44,5.45,5.32,5.34,1072470723,181.43,181.99,177.41,178.11,32137100,2026-02-13T03:45:45Z
AAPL,2008-06-18,5.36,5.46,5.31,5.43,966830050,178.75,182.2,177.35,181.12,28971500,2026-02-13T03:45:45Z
AAPL,2008-06-19,5.42,5.46,5.3,5.35,944787118,180.9,182.34,176.8,178.48,28311300,2026-02-13T03:45:45Z
AAPL,2008-06-20,5.25,5.42,5.24,5.37,1058797701,175.27,181,175,179.35,31727300,2026-02-13T03:45:45Z
AAPL,2008-06-23,5.19,5.27,5.14,5.22,769942757,173.16,175.88,171.56,174.3,23072000,2026-02-13T03:45:45Z
AAPL,2008-06-24,5.19,5.27,5.14,5.17,741419071,173.25,175.78,171.63,172.37,22216900,2026-02-13T03:45:45Z
AAPL,2008-06-25,5.32,5.36,5.21,5.23,768085496,177.39,178.83,173.88,174.61,23016000,2026-02-13T03:45:45Z
AAPL,2008-06-26,5.04,5.24,5.04,5.22,1036439850,168.26,174.84,168.01,174.07,31057400,2026-02-13T03:45:45Z
AAPL,2008-06-27,5.1,5.11,4.92,4.99,1242197543,170.09,170.57,164.15,166.51,37223100,2026-02-13T03:45:45Z
AAPL,2008-06-30,5.02,5.15,4.99,5.1,815628361,167.44,172,166.62,170.17,24440600,2026-02-13T03:45:45Z
AAPL,2008-07-01,5.23,5.24,4.91,4.92,1324472275,174.68,174.72,164,164.1,39688500,2026-02-13T03:45:45Z
AAPL,2008-07-02,5.04,5.32,5.04,5.25,999534231,168.18,177.45,168.18,175.13,29951700,2026-02-13T03:45:45Z
AAPL,2008-07-03,5.1,5.16,4.97,5.08,623856271,170.12,172.17,165.75,169.69,18694100,2026-02-13T03:45:45Z
AAPL,2008-07-07,5.25,5.31,5.15,5.18,977767474,175.16,177.13,171.9,172.96,29299600,2026-02-13T03:45:45Z
AAPL,2008-07-08,5.38,5.38,5.18,5.26,1059182421,179.55,179.7,172.74,175.4,31738900,2026-02-13T03:45:45Z
AAPL,2008-07-09,5.22,5.42,5.22,5.4,1068006521,174.25,180.91,174.14,180.2,32003500,2026-02-13T03:45:45Z
AAPL,2008-07-10,5.29,5.31,5.13,5.24,1001967699,176.63,177.34,171.37,174.92,30024500,2026-02-13T03:45:45Z
AAPL,2008-07-11,5.17,5.31,5.12,5.26,1108421394,172.58,177.11,171,175.47,33214600,2026-02-13T03:45:45Z
AAPL,2008-07-14,5.21,5.37,5.19,5.37,1056037810,173.88,179.3,173.08,179.24,31644700,2026-02-13T03:45:45Z
AAPL,2008-07-15,5.08,5.21,4.99,5.17,1239561784,169.64,173.74,166.39,172.48,37144300,2026-02-13T03:45:45Z
AAPL,2008-07-16,5.18,5.18,5.05,5.1,891566561,172.81,172.93,168.6,170.2,26716500,2026-02-13T03:45:45Z
AAPL,2008-07-17,5.15,5.24,5.14,5.22,902850829,171.81,174.98,171.39,174.1,27054400,2026-02-13T03:45:45Z
AAPL,2008-07-18,4.95,5.08,4.94,5.05,1035011375,165.15,169.65,165,168.65,31014700,2026-02-13T03:45:45Z
AAPL,2008-07-21,4.98,5.02,4.83,5,1621447963,166.29,167.5,161.12,166.9,48588100,2026-02-13T03:45:45Z
AAPL,2008-07-22,4.86,4.88,4.39,4.46,2147483647,162.02,162.76,146.53,149,67128200,2026-02-13T03:45:45Z
AAPL,2008-07-23,4.98,5.04,4.84,4.94,1265461729,166.26,168.37,161.56,164.99,37920200,2026-02-13T03:45:45Z
AAPL,2008-07-24,4.77,4.95,4.75,4.92,1000689154,159.03,165.26,158.45,164.32,29986300,2026-02-13T03:45:45Z
AAPL,2008-07-25,4.86,4.88,4.75,4.81,755196131,162.12,163,158.65,160.4,22629800,2026-02-13T03:45:45Z
AAPL,2008-07-28,4.63,4.87,4.62,4.87,930773897,154.4,162.47,154.02,162.34,27891200,2026-02-13T03:45:45Z
AAPL,2008-07-29,4.71,4.78,4.6,4.66,815507753,157.08,159.45,153.65,155.41,24437200,2026-02-13T03:45:45Z
AAPL,2008-07-30,4.79,4.81,4.68,4.73,864397699,159.88,160.49,156.08,157.78,25902200,2026-02-13T03:45:45Z
AAPL,2008-07-31,4.76,4.86,4.7,4.72,759828153,158.95,162.2,156.98,157.54,22768500,2026-02-13T03:45:45Z
AAPL,2008-08-01,4.69,4.79,4.67,4.79,649449457,156.66,159.99,155.75,159.9,19461100,2026-02-13T03:45:45Z
AAPL,2008-08-04,4.59,4.73,4.58,4.69,706400998,153.23,157.9,152.91,156.6,21167600,2026-02-13T03:45:45Z
AAPL,2008-08-05,4.81,4.82,4.64,4.66,820767494,160.64,160.8,154.82,155.45,24594600,2026-02-13T03:45:45Z
AAPL,2008-08-06,4.92,5.02,4.74,4.79,943300147,164.19,167.4,158,159.97,28266400,2026-02-13T03:45:45Z
AAPL,2008-08-07,4.9,4.98,4.84,4.87,801509874,163.57,166.15,161.5,162.65,24017800,2026-02-13T03:45:45Z
AAPL,2008-08-08,5.08,5.08,4.91,4.91,851243169,169.55,169.65,163.75,163.86,25508000,2026-02-13T03:45:45Z
AAPL,2008-08-11,5.2,5.29,5.08,5.1,1062281703,173.56,176.5,169.67,170.07,31832200,2026-02-13T03:45:45Z
AAPL,2008-08-12,5.3,5.37,5.2,5.2,996885655,176.73,179.29,173.51,173.66,29872100,2026-02-13T03:45:45Z
AAPL,2008-08-13,5.37,5.39,5.27,5.33,1004500182,179.3,180,175.9,177.98,30100700,2026-02-13T03:45:45Z
AAPL,2008-08-14,5.37,5.41,5.33,5.34,847591888,179.32,180.45,177.84,178.33,25398400,2026-02-13T03:45:45Z
AAPL,2008-08-15,5.27,5.39,5.25,5.37,844209559,175.74,179.75,175.05,179.04,25297100,2026-02-13T03:45:45Z
AAPL,2008-08-18,5.26,5.33,5.21,5.26,657916301,175.39,177.81,173.82,175.57,19714700,2026-02-13T03:45:45Z
AAPL,2008-08-19,5.2,5.31,5.15,5.23,734419714,173.53,177.07,171.81,174.54,22007200,2026-02-13T03:45:45Z
AAPL,2008-08-20,5.27,5.3,5.2,5.24,604410712,175.84,176.94,173.61,174.77,18111700,2026-02-13T03:45:45Z
AAPL,2008-08-21,5.22,5.26,5.15,5.23,643610660,174.29,175.45,171.89,174.47,19286300,2026-02-13T03:45:45Z
AAPL,2008-08-22,5.3,5.32,5.26,5.27,524120395,176.79,177.5,175.57,175.82,15705600,2026-02-13T03:45:45Z
AAPL,2008-08-25,5.17,5.28,5.14,5.28,577438045,172.55,176.23,171.66,176.15,17303400,2026-02-13T03:45:45Z
AAPL,2008-08-26,5.2,5.24,5.17,5.18,531296053,173.64,174.88,172.61,172.76,15920600,2026-02-13T03:45:45Z
AAPL,2008-08-27,5.23,5.27,5.16,5.19,569434038,174.67,175.76,172.19,173.31,17063500,2026-02-13T03:45:45Z
AAPL,2008-08-28,5.21,5.28,5.18,5.25,514141729,173.74,176.25,172.75,175.3,15406500,2026-02-13T03:45:45Z
AAPL,2008-08-29,5.08,5.2,5.07,5.18,714333491,169.53,173.5,169.04,172.96,21405300,2026-02-13T03:45:45Z
AAPL,2008-09-02,4.98,5.2,4.94,5.16,931341361,166.19,173.5,165,172.31,27908100,2026-02-13T03:45:45Z
AAPL,2008-09-03,5,5.05,4.91,5,875939696,166.96,168.68,164,166.84,26248100,2026-02-13T03:45:45Z
AAPL,2008-09-04,4.83,5.03,4.82,4.97,886978454,161.22,167.91,160.81,165.86,26578900,2026-02-13T03:45:45Z
AAPL,2008-09-05,4.8,4.87,4.72,4.75,937834247,160.18,162.4,157.65,158.53,28102900,2026-02-13T03:45:45Z
AAPL,2008-09-08,4.73,4.94,4.54,4.93,1246934403,157.92,164.89,151.46,164.6,37365400,2026-02-13T03:45:45Z
AAPL,2008-09-09,4.55,4.79,4.49,4.7,1483853700,151.68,159.96,149.79,156.86,44465100,2026-02-13T03:45:45Z
AAPL,2008-09-10,4.54,4.64,4.46,4.57,1160033621,151.61,154.99,148.8,152.39,34761500,2026-02-13T03:45:45Z
AAPL,2008-09-11,4.57,4.58,4.38,4.44,1157427182,152.65,152.99,146,148.18,34683300,2026-02-13T03:45:45Z
AAPL,2008-09-12,4.46,4.52,4.39,4.52,945491564,148.94,150.91,146.5,150.91,28332300,2026-02-13T03:45:45Z
AAPL,2008-09-15,4.21,4.43,4.21,4.26,1097250001,140.36,147.69,140.36,142.09,32879700,2026-02-13T03:45:45Z
AAPL,2008-09-16,4.19,4.27,3.96,4.01,1430004839,139.88,142.5,132.15,133.86,42851200,2026-02-13T03:45:45Z
AAPL,2008-09-17,3.83,4.15,3.83,4.15,1430764894,127.83,138.51,127.83,138.49,42873300,2026-02-13T03:45:45Z
AAPL,2008-09-18,4.02,4.06,3.62,3.91,1996247216,134.09,135.43,120.68,130.57,59819300,2026-02-13T03:45:45Z
AAPL,2008-09-19,4.22,4.32,4.08,4.27,1705359476,140.91,144.2,136.31,142.6,51102700,2026-02-13T03:45:45Z
AAPL,2008-09-22,3.93,4.2,3.92,4.19,1021071209,131.05,140.25,130.66,139.94,30596800,2026-02-13T03:45:45Z
AAPL,2008-09-23,3.8,4.07,3.8,3.95,1529338227,126.84,135.8,126.66,131.85,45827100,2026-02-13T03:45:45Z
AAPL,2008-09-24,3.86,3.92,3.75,3.81,1248289566,128.71,130.95,125.15,127.27,37405900,2026-02-13T03:45:45Z
AAPL,2008-09-25,3.95,4.04,3.85,3.89,1199036712,131.93,134.79,128.52,129.79,35930100,2026-02-13T03:45:45Z
AAPL,2008-09-26,3.84,3.89,3.69,3.74,1342545228,128.24,129.8,123,124.91,40230300,2026-02-13T03:45:45Z
AAPL,2008-09-29,3.15,3.59,3.01,3.58,2147483647,105.26,119.68,100.59,119.62,93644800,2026-02-13T03:45:45Z
AAPL,2008-09-30,3.41,3.45,3.19,3.24,1940015487,113.66,115,106.3,108.25,58133700,2026-02-13T03:45:45Z
AAPL,2008-10-01,3.27,3.37,3.22,3.35,1546291071,109.12,112.36,107.39,111.86,46335400,2026-02-13T03:45:45Z
AAPL,2008-10-02,3,3.26,3,3.24,1919456396,100.1,108.79,100,108.01,57518500,2026-02-13T03:45:45Z
AAPL,2008-10-03,2.91,3.19,2.84,3.12,2147483647,97.07,106.5,94.65,104,82140200,2026-02-13T03:45:45Z
AAPL,2008-10-06,2.94,2.96,2.62,2.76,2147483647,98.14,98.78,87.54,92.08,75279600,2026-02-13T03:45:45Z
AAPL,2008-10-07,2.67,3.04,2.67,3.01,2147483647,89.16,101.5,88.95,100.4,67205904,2026-02-13T03:45:45Z
AAPL,2008-10-08,2.69,2.89,2.57,2.57,2147483647,89.79,96.33,85.68,85.91,78903000,2026-02-13T03:45:45Z
AAPL,2008-10-09,2.66,2.87,2.6,2.8,1928598445,88.74,95.8,86.6,93.43,57792500,2026-02-13T03:45:45Z
AAPL,2008-10-10,2.9,3,2.55,2.57,2147483647,96.8,100,85,85.7,79296400,2026-02-13T03:45:45Z
AAPL,2008-10-13,3.3,3.31,3.03,3.14,1836032365,110.26,110.53,101.02,104.7,55017100,2026-02-13T03:45:45Z
AAPL,2008-10-14,3.12,3.49,3.09,3.48,2147483647,104.08,116.4,103.14,116.26,70799504,2026-02-13T03:45:45Z
AAPL,2008-10-15,2.94,3.21,2.93,3.11,1888096545,97.95,107,97.89,103.85,56577600,2026-02-13T03:45:45Z
AAPL,2008-10-16,3.05,3.1,2.75,2.99,2147483647,101.89,103.43,91.74,99.92,70732800,2026-02-13T03:45:45Z
AAPL,2008-10-17,2.92,3.06,2.57,2.98,2101380141,97.4,102.04,85.89,99.6,62969700,2026-02-13T03:45:45Z
AAPL,2008-10-20,2.95,3,2.81,2.99,1846364712,98.44,100.03,93.64,99.78,55327400,2026-02-13T03:45:45Z
AAPL,2008-10-21,2.74,2.93,2.73,2.9,2147483647,91.49,97.9,91.16,96.9,78101104,2026-02-13T03:45:45Z
AAPL,2008-10-22,2.9,3.03,2.79,2.92,2147483647,96.87,101.25,92.93,97.37,80314496,2026-02-13T03:45:45Z
AAPL,2008-10-23,2.94,2.97,2.75,2.89,1996851980,98.23,99.25,91.9,96.51,59836700,2026-02-13T03:45:45Z
AAPL,2008-10-24,2.89,2.93,2.7,2.7,1895062552,96.38,97.9,90.11,90.25,56787700,2026-02-13T03:45:45Z
AAPL,2008-10-27,2.76,2.93,2.75,2.85,1441403463,92.09,97.63,91.86,95.07,43192400,2026-02-13T03:45:45Z
AAPL,2008-10-28,2.99,3.01,2.77,2.86,1949476685,99.91,100.5,92.37,95.42,58418200,2026-02-13T03:45:45Z
AAPL,2008-10-29,3.13,3.28,3,3.02,2147483647,104.55,109.54,99.94,100.76,69761296,2026-02-13T03:45:45Z
AAPL,2008-10-30,3.33,3.36,3.23,3.24,1952323076,111.04,112.19,107.61,108.23,58503100,2026-02-13T03:45:45Z
AAPL,2008-10-31,3.22,3.32,3.15,3.22,1978661175,107.59,110.78,105.14,107.4,59291800,2026-02-13T03:45:45Z
AAPL,2008-11-03,3.21,3.27,3.14,3.17,1261497624,106.96,109.1,104.86,105.95,37801300,2026-02-13T03:45:45Z
AAPL,2008-11-04,3.33,3.35,3.2,3.29,1668515271,110.99,111.79,106.67,109.96,49998700,2026-02-13T03:45:45Z
AAPL,2008-11-05,3.1,3.29,3.09,3.26,1498868549,103.3,109.72,102.99,108.91,44915100,2026-02-13T03:45:45Z
AAPL,2008-11-06,2.97,3.08,2.94,3.03,1572801399,99.1,102.78,98,101.07,47129900,2026-02-13T03:45:45Z
AAPL,2008-11-07,2.94,2.99,2.87,2.97,1305826897,98.24,99.85,95.72,99.24,39129300,2026-02-13T03:45:45Z
AAPL,2008-11-10,2.87,3.01,2.83,3.01,1341884868,95.88,100.4,94.5,100.3,40210200,2026-02-13T03:45:45Z
AAPL,2008-11-11,2.84,2.91,2.77,2.84,1460002551,94.77,97.17,92.26,94.84,43749800,2026-02-13T03:45:45Z
AAPL,2008-11-12,2.7,2.79,2.7,2.77,1405106686,90.12,93.24,90.01,92.5,42104500,2026-02-13T03:45:45Z
AAPL,2008-11-13,2.89,2.89,2.58,2.69,2147483647,96.44,96.44,86.02,89.87,66262900,2026-02-13T03:45:45Z
AAPL,2008-11-14,2.7,2.82,2.7,2.81,1674889888,90.24,93.99,90,93.77,50188500,2026-02-13T03:45:45Z
AAPL,2008-11-17,2.64,2.71,2.62,2.65,1386021204,88.14,90.55,87.26,88.48,41532900,2026-02-13T03:45:45Z
AAPL,2008-11-18,2.69,2.73,2.6,2.69,1442567200,89.91,90.99,86.86,89.72,43226900,2026-02-13T03:45:45Z
AAPL,2008-11-19,2.59,2.74,2.58,2.68,1397188716,86.29,91.58,86.21,89.44,41866900,2026-02-13T03:45:45Z
AAPL,2008-11-20,2.41,2.59,2.4,2.55,2046078397,80.49,86.45,80,85.24,61312100,2026-02-13T03:45:45Z
AAPL,2008-11-21,2.47,2.52,2.37,2.46,1870656267,82.58,84.12,79.14,81.96,56056000,2026-02-13T03:45:45Z
AAPL,2008-11-24,2.79,2.84,2.54,2.55,1719440768,92.95,94.79,84.84,85.21,51524700,2026-02-13T03:45:45Z
AAPL,2008-11-25,2.72,2.84,2.64,2.84,1472595065,90.8,94.71,88.16,94.63,44127000,2026-02-13T03:45:45Z
AAPL,2008-11-26,2.85,2.85,2.69,2.7,1073245075,95,95.25,89.85,89.97,32160800,2026-02-13T03:45:45Z
AAPL,2008-11-28,2.78,2.84,2.75,2.84,358985186,92.67,94.76,91.86,94.68,10757300,2026-02-13T03:45:45Z
AAPL,2008-12-01,2.66,2.77,2.66,2.73,1101438316,88.93,92.27,88.92,91.25,33005700,2026-02-13T03:45:45Z
AAPL,2008-12-02,2.77,2.78,2.59,2.7,1369930099,92.47,92.65,86.5,90.03,41050500,2026-02-13T03:45:45Z
AAPL,2008-12-03,2.87,2.88,2.66,2.68,1597328520,95.9,96.23,88.8,89.4,47864900,2026-02-13T03:45:45Z
AAPL,2008-12-04,2.74,2.85,2.67,2.83,1301124425,91.41,95.21,89.06,94.43,38988700,2026-02-13T03:45:45Z
AAPL,2008-12-05,2.82,2.83,2.66,2.71,1244777309,94,94.49,88.86,90.35,37300100,2026-02-13T03:45:45Z
AAPL,2008-12-08,2.99,3.02,2.87,2.92,1413178404,99.72,100.8,95.8,97.28,42346100,2026-02-13T03:45:45Z
AAPL,2008-12-09,3,3.1,2.91,2.94,1435110023,100.06,103.6,97.21,98.09,43004200,2026-02-13T03:45:45Z
AAPL,2008-12-10,2.94,2.98,2.89,2.93,1118527254,98.21,99.49,96.5,97.87,33517100,2026-02-13T03:45:45Z
AAPL,2008-12-11,2.85,3.03,2.84,2.92,1243411600,95,101.24,94.83,97.35,37260000,2026-02-13T03:45:45Z
AAPL,2008-12-12,2.94,2.97,2.77,2.78,1242861264,98.27,99,92.53,92.8,37243300,2026-02-13T03:45:45Z
AAPL,2008-12-15,2.84,2.88,2.79,2.88,1063188496,94.75,96.21,93,95.99,31858900,2026-02-13T03:45:45Z
AAPL,2008-12-16,2.86,2.89,2.78,2.82,1340195598,95.43,96.48,92.75,94.08,40159700,2026-02-13T03:45:45Z
AAPL,2008-12-17,2.67,2.73,2.64,2.73,1549559270,89.16,91.1,88.02,91.03,46432700,2026-02-13T03:45:45Z
AAPL,2008-12-18,2.68,2.72,2.65,2.68,1022291919,89.43,90.83,88.44,89.31,30633600,2026-02-13T03:45:45Z
AAPL,2008-12-19,2.7,2.73,2.66,2.69,971312773,90,90.94,88.8,89.94,29105800,2026-02-13T03:45:45Z
AAPL,2008-12-22,2.57,2.7,2.54,2.7,1007233838,85.74,90.03,84.69,90.02,30182200,2026-02-13T03:45:45Z
AAPL,2008-12-23,2.59,2.63,2.57,2.6,764785296,86.38,87.87,85.9,86.87,22917000,2026-02-13T03:45:45Z
AAPL,2008-12-24,2.55,2.58,2.53,2.58,323539202,85.04,86.25,84.55,86.14,9694900,2026-02-13T03:45:45Z
AAPL,2008-12-26,2.57,2.62,2.55,2.6,368524281,85.81,87.42,85.24,86.64,11043000,2026-02-13T03:45:45Z
AAPL,2008-12-29,2.6,2.63,2.55,2.59,819849359,86.61,87.62,85.07,86.52,24567200,2026-02-13T03:45:45Z
AAPL,2008-12-30,2.59,2.64,2.54,2.62,1153995847,86.29,88.05,84.72,87.42,34579600,2026-02-13T03:45:45Z
AAPL,2008-12-31,2.56,2.63,2.56,2.58,724673875,85.35,87.74,85.34,85.97,21715700,2026-02-13T03:45:45Z
AAPL,2009-01-02,2.72,2.73,2.55,2.57,899839176,90.75,91.04,85.16,85.88,26964200,2026-02-13T03:45:45Z
AAPL,2009-01-05,2.83,2.88,2.78,2.79,1416905671,94.58,96.18,92.71,93.17,42458700,2026-02-13T03:45:45Z
AAPL,2009-01-06,2.79,2.91,2.77,2.88,1540049211,93.02,97.17,92.39,95.95,46149100,2026-02-13T03:45:45Z
AAPL,2009-01-07,2.73,2.77,2.71,2.75,902466449,91.01,92.5,90.26,91.81,27042900,2026-02-13T03:45:45Z
AAPL,2009-01-08,2.78,2.79,2.7,2.71,802659968,92.7,93.15,90.04,90.43,24052200,2026-02-13T03:45:45Z
AAPL,2009-01-09,2.71,2.8,2.7,2.79,655250755,90.58,93.38,90.14,93.21,19635100,2026-02-13T03:45:45Z
AAPL,2009-01-12,2.66,2.73,2.62,2.71,736708565,88.66,90.99,87.55,90.46,22075700,2026-02-13T03:45:45Z
AAPL,2009-01-13,2.63,2.69,2.59,2.64,952172162,87.71,89.74,86.35,88.24,28532600,2026-02-13T03:45:45Z
AAPL,2009-01-14,2.56,2.61,2.54,2.58,1277620550,85.33,87.25,84.72,86.24,38285200,2026-02-13T03:45:45Z
AAPL,2009-01-15,2.5,2.52,2.4,2.41,2147483647,83.38,84.12,80.05,80.57,65443600,2026-02-13T03:45:45Z
AAPL,2009-01-16,2.47,2.53,2.41,2.53,1249624653,82.33,84.38,80.4,84.3,37445700,2026-02-13T03:45:45Z
AAPL,2009-01-20,2.34,2.46,2.34,2.46,1097506462,78.2,82,78.2,81.93,32886800,2026-02-13T03:45:45Z
AAPL,2009-01-21,2.48,2.48,2.38,2.38,1311106828,82.83,82.88,79.31,79.39,39287500,2026-02-13T03:45:45Z
AAPL,2009-01-22,2.65,2.7,2.57,2.64,1679900096,88.36,90,85.82,88.04,50340200,2026-02-13T03:45:45Z
AAPL,2009-01-23,2.65,2.69,2.59,2.6,910272605,88.36,89.87,86.5,86.82,27277400,2026-02-13T03:45:45Z
AAPL,2009-01-26,2.69,2.73,2.65,2.66,833590074,89.64,90.97,88.3,88.86,24979100,2026-02-13T03:45:45Z
AAPL,2009-01-27,2.72,2.74,2.69,2.7,737189212,90.73,91.55,89.74,90.19,22090200,2026-02-13T03:45:45Z
AAPL,2009-01-28,2.82,2.85,2.74,2.76,1047387009,94.2,95,91.5,92.12,31385900,2026-02-13T03:45:45Z
AAPL,2009-01-29,2.79,2.83,2.77,2.79,706994712,93,94.34,92.6,93.09,21185700,2026-02-13T03:45:45Z
AAPL,2009-01-30,2.7,2.81,2.7,2.77,776860301,90.13,93.62,90.01,92.6,23279300,2026-02-13T03:45:45Z
AAPL,2009-02-02,2.74,2.76,2.66,2.67,665549399,91.51,92,88.9,89.1,19943300,2026-02-13T03:45:45Z
AAPL,2009-02-03,2.79,2.8,2.71,2.75,714436384,92.98,93.38,90.28,91.92,21408600,2026-02-13T03:45:45Z
AAPL,2009-02-04,2.8,2.88,2.79,2.79,963500090,93.55,96.25,93.1,93.22,28871800,2026-02-13T03:45:45Z
AAPL,2009-02-05,2.89,2.91,2.78,2.78,893175077,96.46,97.25,92.62,92.77,26764700,2026-02-13T03:45:45Z
AAPL,2009-02-06,2.99,3,2.91,2.91,818971409,99.72,100,97,97.02,24540600,2026-02-13T03:45:45Z
AAPL,2009-02-09,3.07,3.09,2.98,3,852166314,102.51,103,99.5,100,25535700,2026-02-13T03:45:45Z
AAPL,2009-02-10,2.93,3.07,2.91,3.04,1012257635,97.83,102.51,97.06,101.33,30332800,2026-02-13T03:45:45Z
AAPL,2009-02-11,2.9,2.95,2.87,2.89,804620639,96.82,98.31,95.77,96.37,24110900,2026-02-13T03:45:45Z
AAPL,2009-02-12,2.97,2.99,2.87,2.87,974150447,99.27,99.75,95.83,95.83,29190800,2026-02-13T03:45:45Z
AAPL,2009-02-13,2.97,3,2.94,2.97,725900340,99.16,99.94,98.12,98.99,21752300,2026-02-13T03:45:45Z
AAPL,2009-02-17,2.83,2.91,2.83,2.9,808338861,94.53,97.04,94.28,96.87,24222600,2026-02-13T03:45:45Z
AAPL,2009-02-18,2.83,2.87,2.78,2.85,815892451,94.37,95.85,92.72,95.05,24448800,2026-02-13T03:45:45Z
AAPL,2009-02-19,2.72,2.82,2.7,2.8,1099852974,90.64,94.25,90.11,93.37,32957200,2026-02-13T03:45:45Z
AAPL,2009-02-20,2.73,2.77,2.67,2.68,894247398,91.2,92.4,89,89.4,26796400,2026-02-13T03:45:45Z
AAPL,2009-02-23,2.61,2.76,2.59,2.75,937961604,86.95,92,86.51,91.65,28106100,2026-02-13T03:45:45Z
AAPL,2009-02-24,2.7,2.72,2.61,2.62,961920261,90.25,90.89,87,87.45,28824700,2026-02-13T03:45:45Z
AAPL,2009-02-25,2.73,2.78,2.67,2.69,993158004,91.16,92.92,89.25,89.86,29761100,2026-02-13T03:45:45Z
AAPL,2009-02-26,2.67,2.78,2.67,2.76,750915298,89.19,92.92,88.96,92,22501900,2026-02-13T03:45:45Z
AAPL,2009-02-27,2.68,2.74,2.63,2.63,842323154,89.31,91.3,87.67,87.93,25240800,2026-02-13T03:45:45Z
AAPL,2009-03-02,2.64,2.73,2.63,2.64,918863865,87.94,91.2,87.67,88.12,27534700,2026-02-13T03:45:45Z
AAPL,2009-03-03,2.65,2.72,2.63,2.67,863291274,88.37,90.74,87.88,88.93,25869200,2026-02-13T03:45:45Z
AAPL,2009-03-04,2.73,2.78,2.68,2.7,883775963,91.17,92.77,89.45,90.18,26483000,2026-02-13T03:45:45Z
AAPL,2009-03-05,2.66,2.75,2.65,2.71,842499546,88.84,91.87,88.45,90.46,25246200,2026-02-13T03:45:45Z
AAPL,2009-03-06,2.56,2.65,2.47,2.65,1205144741,85.3,88.4,82.33,88.34,36112300,2026-02-13T03:45:45Z
AAPL,2009-03-09,2.49,2.62,2.47,2.52,832484086,83.11,87.6,82.57,84.18,24945600,2026-02-13T03:45:45Z
AAPL,2009-03-10,2.66,2.67,2.53,2.54,1006509124,88.63,89.17,84.36,84.87,30160800,2026-02-13T03:45:45Z
AAPL,2009-03-11,2.78,2.82,2.68,2.69,1009238064,92.68,94.07,89.58,89.81,30242300,2026-02-13T03:45:45Z
AAPL,2009-03-12,2.89,2.89,2.76,2.78,916306795,96.35,96.58,92,92.9,27457600,2026-02-13T03:45:45Z
AAPL,2009-03-13,2.87,2.91,2.85,2.89,716634283,95.93,97.2,95.01,96.3,21474200,2026-02-13T03:45:45Z
AAPL,2009-03-16,2.86,2.92,2.82,2.89,950534416,95.42,97.39,94.18,96.53,28483800,2026-02-13T03:45:45Z
AAPL,2009-03-17,2.99,2.99,2.85,2.85,939188291,99.66,99.69,95.07,95.24,28143500,2026-02-13T03:45:45Z
AAPL,2009-03-18,3.04,3.1,2.99,2.99,948943315,101.52,103.48,99.72,99.9,28435700,2026-02-13T03:45:45Z
AAPL,2009-03-19,3.05,3.09,3,3.05,596300222,101.62,103.2,100.25,101.85,17868400,2026-02-13T03:45:45Z
AAPL,2009-03-20,3.04,3.09,3.01,3.06,829165531,101.59,103.11,100.57,102.09,24846500,2026-02-13T03:45:45Z
AAPL,2009-03-23,3.23,3.24,3.05,3.08,794436624,107.66,108.16,101.75,102.71,23805800,2026-02-13T03:45:45Z
AAPL,2009-03-24,3.19,3.28,3.16,3.19,766853065,106.5,109.44,105.39,106.36,22979500,2026-02-13T03:45:45Z
AAPL,2009-03-25,3.19,3.25,3.11,3.22,770709624,106.49,108.36,103.86,107.58,23094600,2026-02-13T03:45:45Z
AAPL,2009-03-26,3.29,3.3,3.22,3.23,734471257,109.87,109.98,107.58,107.83,22008900,2026-02-13T03:45:45Z
AAPL,2009-03-27,3.2,3.25,3.19,3.24,587617581,106.85,108.53,106.4,108.24,17608600,2026-02-13T03:45:45Z
AAPL,2009-03-30,3.13,3.15,3.08,3.13,599333817,104.49,105.01,102.61,104.51,17959300,2026-02-13T03:45:45Z
AAPL,2009-03-31,3.15,3.22,3.15,3.16,679441452,105.12,107.45,105,105.45,20359900,2026-02-13T03:45:45Z
AAPL,2009-04-01,3.26,3.27,3.11,3.12,702696505,108.69,109,103.89,104.09,21056900,2026-02-13T03:45:45Z
AAPL,2009-04-02,3.38,3.44,3.29,3.3,968198274,112.71,114.75,109.78,110.16,29013000,2026-02-13T03:45:45Z
AAPL,2009-04-03,3.48,3.48,3.4,3.42,758425045,115.99,116.13,113.52,114.19,22726600,2026-02-13T03:45:45Z
AAPL,2009-04-06,3.55,3.56,3.39,3.44,784297383,118.45,118.75,113.28,114.94,23502200,2026-02-13T03:45:45Z
AAPL,2009-04-07,3.45,3.5,3.42,3.49,639765005,115,116.67,114.19,116.53,19170900,2026-02-13T03:45:45Z
AAPL,2009-04-08,3.49,3.5,3.43,3.46,543037613,116.32,116.79,114.58,115.43,16272400,2026-02-13T03:45:45Z
AAPL,2009-04-09,3.58,3.6,3.54,3.55,632796214,119.57,120,117.96,118.42,18962000,2026-02-13T03:45:45Z
AAPL,2009-04-13,3.6,3.62,3.57,3.6,464180732,120.22,120.98,119,120.01,13909500,2026-02-13T03:45:45Z
AAPL,2009-04-14,3.55,3.6,3.51,3.58,541989503,118.31,120.17,117.25,119.57,16241200,2026-02-13T03:45:45Z
AAPL,2009-04-15,3.53,3.54,3.47,3.51,492265139,117.64,118.25,115.76,117.09,14750900,2026-02-13T03:45:45Z
AAPL,2009-04-16,3.64,3.69,3.56,3.57,707458683,121.45,123.15,118.79,119.19,21199300,2026-02-13T03:45:45Z
AAPL,2009-04-17,3.7,3.72,3.6,3.63,593155125,123.42,124.25,120.25,121.06,17774300,2026-02-13T03:45:45Z
AAPL,2009-04-20,3.61,3.69,3.57,3.65,556174385,120.5,122.99,119.16,121.72,16666200,2026-02-13T03:45:45Z
AAPL,2009-04-21,3.65,3.66,3.55,3.56,560985225,121.76,122.14,118.6,118.89,16810100,2026-02-13T03:45:45Z
AAPL,2009-04-22,3.64,3.76,3.63,3.67,1118854662,121.51,125.35,121.2,122.63,33527300,2026-02-13T03:45:45Z
AAPL,2009-04-23,3.76,3.81,3.7,3.79,1126478015,125.4,127.2,123.51,126.62,33755500,2026-02-13T03:45:45Z
AAPL,2009-04-24,3.71,3.75,3.69,3.73,644729127,123.9,125.14,122.97,124.64,19319500,2026-02-13T03:45:45Z
AAPL,2009-04-27,3.74,3.75,3.68,3.68,573049507,124.73,125,122.66,122.9,17171900,2026-02-13T03:45:45Z
AAPL,2009-04-28,3.71,3.78,3.69,3.7,543225024,123.9,126.21,123.26,123.35,16277900,2026-02-13T03:45:45Z
AAPL,2009-04-29,3.75,3.8,3.71,3.74,546170547,125.14,126.85,123.83,124.85,16366300,2026-02-13T03:45:45Z
AAPL,2009-04-30,3.77,3.81,3.74,3.78,594109546,125.83,127,124.92,126.22,17803100,2026-02-13T03:45:45Z
AAPL,2009-05-01,3.81,3.83,3.77,3.77,473867637,127.24,127.95,125.8,125.8,14199600,2026-02-13T03:45:45Z
AAPL,2009-05-04,3.96,3.96,3.83,3.84,726517253,132.07,132.25,127.68,128.24,21770700,2026-02-13T03:45:45Z
AAPL,2009-05-05,3.98,3.98,3.93,3.95,474830938,132.71,132.86,131.12,131.76,14228600,2026-02-13T03:45:45Z
AAPL,2009-05-06,3.97,4,3.9,4,564504745,132.5,133.5,130.22,133.33,16915700,2026-02-13T03:45:45Z
AAPL,2009-05-07,3.87,3.97,3.83,3.96,633928997,129.06,132.39,127.9,132.33,18996200,2026-02-13T03:45:45Z
AAPL,2009-05-08,3.87,3.93,3.78,3.87,557814147,129.19,131.23,126.26,129.04,16715100,2026-02-13T03:45:45Z
AAPL,2009-05-11,3.88,3.92,3.81,3.82,482441769,129.57,130.96,127.12,127.37,14456500,2026-02-13T03:45:45Z
AAPL,2009-05-12,3.73,3.89,3.69,3.88,726411431,124.42,129.71,123.25,129.56,21767100,2026-02-13T03:45:45Z
AAPL,2009-05-13,3.58,3.72,3.58,3.69,710298970,119.49,124.02,119.38,123.21,21284600,2026-02-13T03:45:45Z
AAPL,2009-05-14,3.68,3.7,3.59,3.59,533834564,122.95,123.53,119.7,119.78,15996700,2026-02-13T03:45:45Z
AAPL,2009-05-15,3.67,3.73,3.64,3.67,438073294,122.42,124.62,121.61,122.32,13127300,2026-02-13T03:45:45Z
AAPL,2009-05-18,3.8,3.8,3.64,3.71,547161840,126.65,126.7,121.57,123.73,16395900,2026-02-13T03:45:45Z
AAPL,2009-05-19,3.82,3.88,3.77,3.8,443868792,127.45,129.31,125.74,126.82,13300700,2026-02-13T03:45:45Z
AAPL,2009-05-20,3.77,3.87,3.75,3.82,463355311,125.87,129.21,125.3,127.63,13884700,2026-02-13T03:45:45Z
AAPL,2009-05-21,3.72,3.8,3.68,3.75,486488082,124.18,126.78,122.89,125.15,14577800,2026-02-13T03:45:45Z
AAPL,2009-05-22,3.67,3.72,3.65,3.72,355249273,122.5,124.18,121.75,124.05,10645300,2026-02-13T03:45:45Z
AAPL,2009-05-26,3.92,3.92,3.73,3.74,759111560,130.78,130.83,124.55,124.76,22747300,2026-02-13T03:45:45Z
AAPL,2009-05-27,3.99,4.04,3.92,3.95,771084130,133.05,134.98,130.91,131.78,23105800,2026-02-13T03:45:45Z
AAPL,2009-05-28,4.05,4.06,3.96,4,581087173,135.07,135.39,132.03,133.45,17412500,2026-02-13T03:45:45Z
AAPL,2009-05-29,4.07,4.07,4.01,4.06,544252496,135.81,135.9,133.85,135.39,16309000,2026-02-13T03:45:45Z
AAPL,2009-06-01,4.18,4.2,4.08,4.13,539510856,139.35,139.99,136,137.92,16166700,2026-02-13T03:45:45Z
AAPL,2009-06-02,4.18,4.24,4.15,4.17,543745166,139.49,141.34,138.35,138.99,16293600,2026-02-13T03:45:45Z
AAPL,2009-06-03,4.22,4.23,4.17,4.2,673630047,140.95,141.11,139.07,140,20185600,2026-02-13T03:45:45Z
AAPL,2009-06-04,4.31,4.32,4.2,4.2,656262610,143.74,144.18,140.04,140.13,19665400,2026-02-13T03:45:45Z
AAPL,2009-06-05,4.34,4.39,4.29,4.35,754100700,144.67,146.4,143.21,145.31,22596900,2026-02-13T03:45:45Z
AAPL,2009-06-08,4.31,4.32,4.18,4.31,1110367297,143.85,144.23,139.43,143.82,33273200,2026-02-13T03:45:45Z
AAPL,2009-06-09,4.28,4.33,4.21,4.31,806823081,142.72,144.56,140.55,143.81,24177200,2026-02-13T03:45:45Z
AAPL,2009-06-10,4.2,4.27,4.14,4.26,820928446,140.25,142.35,138.3,142.28,24599900,2026-02-13T03:45:45Z
AAPL,2009-06-11,4.19,4.24,4.15,4.18,625499950,139.95,141.56,138.55,139.55,18743600,2026-02-13T03:45:45Z
AAPL,2009-06-12,4.1,4.17,4.08,4.16,671106057,136.97,139.1,136.04,138.81,20110100,2026-02-13T03:45:45Z
AAPL,2009-06-15,4.08,4.1,4.04,4.08,643523930,136.09,136.93,134.89,136.01,19283800,2026-02-13T03:45:45Z
AAPL,2009-06-16,4.09,4.15,4.08,4.09,613559443,136.35,138.47,136.1,136.66,18385800,2026-02-13T03:45:45Z
AAPL,2009-06-17,4.06,4.12,4.03,4.09,681030860,135.58,137.45,134.53,136.67,20407500,2026-02-13T03:45:45Z
AAPL,2009-06-18,4.07,4.13,4.06,4.08,509719591,135.88,138,135.59,136.15,15274200,2026-02-13T03:45:45Z
AAPL,2009-06-19,4.18,4.18,4.1,4.14,860331916,139.48,139.5,136.9,138.07,25780500,2026-02-13T03:45:45Z
AAPL,2009-06-22,4.12,4.24,4.08,4.21,756714002,137.37,141.56,136.33,140.67,22675400,2026-02-13T03:45:45Z
AAPL,2009-06-23,4.02,4.1,3.98,4.09,842075044,134.01,136.95,132.88,136.4,25233200,2026-02-13T03:45:45Z
AAPL,2009-06-24,4.08,4.12,4.04,4.06,578668732,136.22,137.5,134.86,135.42,17340100,2026-02-13T03:45:45Z
AAPL,2009-06-25,4.19,4.2,4.05,4.07,702813887,139.86,140.2,135.21,135.75,21060300,2026-02-13T03:45:45Z
AAPL,2009-06-26,4.27,4.3,4.19,4.19,523776125,142.44,143.56,139.74,139.79,15695400,2026-02-13T03:45:45Z
AAPL,2009-06-29,4.25,4.31,4.24,4.3,676554793,141.97,143.95,141.54,143.46,20273600,2026-02-13T03:45:45Z
AAPL,2009-06-30,4.27,4.31,4.25,4.27,517558207,142.43,143.8,141.8,142.58,15508900,2026-02-13T03:45:45Z
AAPL,2009-07-01,4.28,4.33,4.27,4.3,493747295,142.83,144.66,142.52,143.5,14795400,2026-02-13T03:45:45Z
AAPL,2009-07-02,4.2,4.28,4.19,4.23,441710086,140.02,142.83,139.79,141.25,13236200,2026-02-13T03:45:45Z
AAPL,2009-07-06,4.15,4.17,4.08,4.16,594350107,138.61,138.99,136.25,138.7,17810200,2026-02-13T03:45:45Z
AAPL,2009-07-07,4.06,4.19,4.05,4.15,550371783,135.4,139.68,135.18,138.48,16492100,2026-02-13T03:45:45Z
AAPL,2009-07-08,4.11,4.14,4.03,4.07,686408312,137.22,138.04,134.42,135.92,20568800,2026-02-13T03:45:45Z
AAPL,2009-07-09,4.09,4.13,4.07,4.13,408976451,136.36,137.99,135.93,137.76,12255200,2026-02-13T03:45:45Z
AAPL,2009-07-10,4.15,4.16,4.08,4.08,530694915,138.52,138.97,136.32,136.34,15902600,2026-02-13T03:45:45Z
AAPL,2009-07-13,4.27,4.26,4.12,4.18,576374547,142.34,142.34,137.53,139.54,17271300,2026-02-13T03:45:45Z
AAPL,2009-07-14,4.26,4.29,4.23,4.26,414167780,142.27,143.18,141.16,142.03,12410700,2026-02-13T03:45:45Z
AAPL,2009-07-15,4.4,4.41,4.33,4.35,578744853,146.88,147,144.32,145.04,17342300,2026-02-13T03:45:45Z
AAPL,2009-07-16,4.42,4.44,4.36,4.37,469065744,147.52,148.02,145.57,145.76,14056000,2026-02-13T03:45:45Z
AAPL,2009-07-17,4.55,4.55,4.45,4.47,717676364,151.75,152.02,148.63,149.08,21505400,2026-02-13T03:45:45Z
AAPL,2009-07-20,4.58,4.65,4.52,4.59,876621540,152.91,155.04,150.89,153.27,26268700,2026-02-13T03:45:45Z
AAPL,2009-07-21,4.54,4.6,4.49,4.59,1042601407,151.51,153.43,149.75,153.29,31242100,2026-02-13T03:45:45Z
AAPL,2009-07-22,4.7,4.76,4.68,4.73,1041800800,156.74,158.73,156.11,157.79,31217900,2026-02-13T03:45:45Z
AAPL,2009-07-23,4.73,4.75,4.66,4.69,628046419,157.82,158.44,155.56,156.63,18820000,2026-02-13T03:45:45Z
AAPL,2009-07-24,4.79,4.79,4.69,4.7,522452636,159.99,160,156.5,156.95,15655700,2026-02-13T03:45:45Z
AAPL,2009-07-27,4.8,4.82,4.71,4.8,516441819,160.1,160.88,157.26,160.17,15475400,2026-02-13T03:45:45Z
AAPL,2009-07-28,4.79,4.8,4.72,4.76,433297511,160,160.1,157.6,158.88,12984000,2026-02-13T03:45:45Z
AAPL,2009-07-29,4.8,4.81,4.74,4.76,455795510,160.03,160.45,158.25,158.9,13658100,2026-02-13T03:45:45Z
AAPL,2009-07-30,4.88,4.94,4.84,4.84,559688924,162.79,164.72,161.5,161.7,16771500,2026-02-13T03:45:45Z
AAPL,2009-07-31,4.9,4.94,4.88,4.88,503782542,163.39,165,162.91,162.99,15096100,2026-02-13T03:45:45Z
AAPL,2009-08-03,4.99,4.99,4.94,4.95,469864120,166.43,166.64,164.87,165.21,14079900,2026-02-13T03:45:45Z
AAPL,2009-08-04,4.96,4.96,4.92,4.94,471741289,165.55,165.57,164.21,164.93,14136000,2026-02-13T03:45:45Z
AAPL,2009-08-05,4.95,5.02,4.92,4.97,504368235,165.11,167.39,164.21,165.75,15113600,2026-02-13T03:45:45Z
AAPL,2009-08-06,4.91,4.99,4.89,4.96,407343442,163.91,166.51,163.09,165.58,12206200,2026-02-13T03:45:45Z
AAPL,2009-08-07,4.96,4.99,4.94,4.96,461822330,165.51,166.6,164.8,165.49,13838700,2026-02-13T03:45:45Z
AAPL,2009-08-10,4.94,4.99,4.9,4.96,358068365,164.72,166.6,163.66,165.66,10729800,2026-02-13T03:45:45Z
AAPL,2009-08-11,4.88,4.93,4.85,4.91,423688751,162.83,164.38,161.88,163.69,12696000,2026-02-13T03:45:45Z
AAPL,2009-08-12,4.95,5,4.87,4.87,530450395,165.31,166.71,162.46,162.55,15895300,2026-02-13T03:45:45Z
AAPL,2009-08-13,5.05,5.05,4.99,4.99,524602157,168.42,168.67,166.5,166.65,15720000,2026-02-13T03:45:45Z
AAPL,2009-08-14,5,5.04,4.96,5.03,364764367,166.78,168.23,165.53,167.94,10930300,2026-02-13T03:45:45Z
AAPL,2009-08-17,4.78,4.9,4.78,4.9,624973200,159.59,163.59,159.42,163.55,18727800,2026-02-13T03:45:45Z
AAPL,2009-08-18,4.91,4.92,4.84,4.84,513864824,164,164.24,161.41,161.63,15398200,2026-02-13T03:45:45Z
AAPL,2009-08-19,4.93,4.95,4.87,4.88,492547527,164.6,165.3,162.45,162.75,14759600,2026-02-13T03:45:45Z
AAPL,2009-08-20,4.98,5,4.93,4.94,407845437,166.33,166.72,164.61,164.98,12221300,2026-02-13T03:45:45Z
AAPL,2009-08-21,5.07,5.08,5,5.02,495892180,169.22,169.37,166.8,167.65,14859700,2026-02-13T03:45:45Z
AAPL,2009-08-24,5.07,5.12,5.04,5.1,484994679,169.06,170.71,168.27,170.12,14533100,2026-02-13T03:45:45Z
AAPL,2009-08-25,5.08,5.12,5.07,5.08,386574447,169.4,170.94,169.13,169.46,11584000,2026-02-13T03:45:45Z
AAPL,2009-08-26,5.02,5.08,5,5.06,362316649,167.41,169.55,166.76,168.92,10857000,2026-02-13T03:45:45Z
AAPL,2009-08-27,5.08,5.08,4.94,5.06,535348585,169.45,169.57,164.83,168.75,16042100,2026-02-13T03:45:45Z
AAPL,2009-08-28,5.1,5.17,5.05,5.16,540930960,170.05,172.49,168.53,172.27,16209200,2026-02-13T03:45:45Z
AAPL,2009-08-31,5.04,5.06,4.99,5.04,371306720,168.21,168.85,166.5,168.16,11126400,2026-02-13T03:45:45Z
AAPL,2009-09-01,4.95,5.09,4.94,5.03,559008480,165.3,170,164.94,167.99,16750900,2026-02-13T03:45:45Z
AAPL,2009-09-02,4.95,5.02,4.92,4.93,434310576,165.18,167.61,164.11,164.62,13014300,2026-02-13T03:45:45Z
AAPL,2009-09-03,4.99,5.01,4.94,4.99,350519009,166.55,167.1,165,166.44,10503600,2026-02-13T03:45:45Z
AAPL,2009-09-04,5.1,5.12,5.01,5.01,446498862,170.31,170.7,167.09,167.28,13379500,2026-02-13T03:45:45Z
AAPL,2009-09-08,5.18,5.19,5.15,5.18,375482035,172.93,173.14,172,172.98,11251600,2026-02-13T03:45:45Z
AAPL,2009-09-09,5.13,5.23,5.08,5.18,966924289,171.14,174.47,169.7,172.78,28974600,2026-02-13T03:45:45Z
AAPL,2009-09-10,5.17,5.19,5.12,5.16,585351101,172.56,173.25,170.81,172.06,17540400,2026-02-13T03:45:45Z
AAPL,2009-09-11,5.16,5.19,5.12,5.18,415903649,172.16,173.18,170.87,172.91,12462800,2026-02-13T03:45:45Z
AAPL,2009-09-14,5.21,5.21,5.1,5.12,383786018,173.72,173.9,170.25,170.83,11500300,2026-02-13T03:45:45Z
AAPL,2009-09-15,5.25,5.26,5.2,5.21,508279171,175.16,175.65,173.59,174.04,15231000,2026-02-13T03:45:45Z
AAPL,2009-09-16,5.45,5.48,5.33,5.33,898670315,181.87,182.75,177.88,177.99,26929300,2026-02-13T03:45:45Z
AAPL,2009-09-17,5.53,5.6,5.45,5.45,966066748,184.55,186.79,181.97,181.98,28948900,2026-02-13T03:45:45Z
AAPL,2009-09-18,5.54,5.59,5.54,5.57,717181844,185.02,186.55,184.76,185.83,21490900,2026-02-13T03:45:45Z
AAPL,2009-09-21,5.51,5.55,5.44,5.52,521691276,184.02,185.16,181.62,184.29,15632700,2026-02-13T03:45:45Z
AAPL,2009-09-22,5.53,5.55,5.48,5.55,425442768,184.48,185.38,182.85,185.19,12748700,2026-02-13T03:45:45Z
AAPL,2009-09-23,5.56,5.66,5.54,5.55,708004099,185.5,188.9,185.03,185.35,21215700,2026-02-13T03:45:45Z
AAPL,2009-09-24,5.51,5.62,5.48,5.61,656556620,183.82,187.7,182.77,187.2,19674200,2026-02-13T03:45:45Z
AAPL,2009-09-25,5.46,5.56,5.44,5.45,530950138,182.37,185.5,181.44,182.01,15910200,2026-02-13T03:45:45Z
AAPL,2009-09-28,5.58,5.59,5.49,5.51,402420227,186.15,186.68,183.33,183.87,12058800,2026-02-13T03:45:45Z
AAPL,2009-09-29,5.55,5.62,5.52,5.6,411642759,185.38,187.4,184.31,186.73,12335100,2026-02-13T03:45:45Z
AAPL,2009-09-30,5.55,5.59,5.47,5.58,643095908,185.35,186.45,182.61,186.13,19270800,2026-02-13T03:45:45Z
AAPL,2009-10-01,5.42,5.58,5.42,5.55,625369227,180.86,186.22,180.7,185.35,18739600,2026-02-13T03:45:45Z
AAPL,2009-10-02,5.54,5.57,5.43,5.43,659601906,184.9,185.94,181.35,181.38,19765500,2026-02-13T03:45:45Z
AAPL,2009-10-05,5.57,5.6,5.52,5.58,504307080,186.02,186.86,184.27,186.2,15111800,2026-02-13T03:45:45Z
AAPL,2009-10-06,5.69,5.69,5.61,5.63,721161912,190.01,190.01,187.3,187.74,21610100,2026-02-13T03:45:45Z
AAPL,2009-10-07,5.7,5.71,5.66,5.69,555001517,190.25,190.55,189.03,189.76,16630900,2026-02-13T03:45:45Z
AAPL,2009-10-08,5.67,5.74,5.66,5.71,522271157,189.27,191.45,188.89,190.66,15650300,2026-02-13T03:45:45Z
AAPL,2009-10-09,5.71,5.71,5.65,5.66,349674347,190.47,190.7,188.62,188.97,10478300,2026-02-13T03:45:45Z
AAPL,2009-10-12,5.72,5.74,5.68,5.72,343430422,190.81,191.51,189.64,191.02,10291100,2026-02-13T03:45:45Z
AAPL,2009-10-13,5.69,5.73,5.68,5.71,414785073,190.02,191.17,189.7,190.63,12429200,2026-02-13T03:45:45Z
AAPL,2009-10-14,5.73,5.76,5.7,5.76,447859273,191.29,192.32,190.23,192.25,13420300,2026-02-13T03:45:45Z
AAPL,2009-10-15,5.71,5.72,5.68,5.68,445219663,190.56,190.92,189.53,189.63,13341200,2026-02-13T03:45:45Z
AAPL,2009-10-16,5.64,5.7,5.63,5.67,514185443,188.05,190.36,187.84,189.35,15408000,2026-02-13T03:45:45Z
AAPL,2009-10-19,5.69,5.69,5.56,5.63,1122978975,189.86,190,185.55,187.85,33651000,2026-02-13T03:45:45Z
AAPL,2009-10-20,5.96,6.05,5.93,6.01,1359936076,198.76,201.75,197.85,200.6,40751400,2026-02-13T03:45:45Z
AAPL,2009-10-21,6.14,6.25,5.97,5.98,1422725268,204.92,208.71,199.23,199.52,42633000,2026-02-13T03:45:45Z
AAPL,2009-10-22,6.15,6.23,6.07,6.13,943205974,205.2,207.85,202.51,204.7,28263900,2026-02-13T03:45:45Z
AAPL,2009-10-23,6.11,6.17,6.09,6.16,501509005,203.94,205.8,203.23,205.7,15028000,2026-02-13T03:45:45Z
AAPL,2009-10-26,6.07,6.2,6,6.1,577252829,202.48,206.75,200.1,203.67,17297700,2026-02-13T03:45:45Z
AAPL,2009-10-27,5.91,6.08,5.89,6.04,901685046,197.37,202.81,196.45,201.66,27019600,2026-02-13T03:45:45Z
AAPL,2009-10-28,5.77,5.93,5.73,5.92,975377772,192.4,198.02,191.1,197.71,29228000,2026-02-13T03:45:45Z
AAPL,2009-10-29,5.88,5.9,5.76,5.84,679829755,196.35,196.81,192.14,195,20371700,2026-02-13T03:45:45Z
AAPL,2009-10-30,5.65,5.9,5.58,5.88,855170713,188.5,196.8,186.07,196.06,25625800,2026-02-13T03:45:45Z
AAPL,2009-11-02,5.67,5.78,5.56,5.68,809963629,189.31,192.88,185.57,189.69,24271000,2026-02-13T03:45:45Z
AAPL,2009-11-03,5.66,5.68,5.57,5.63,622790774,188.75,189.52,185.92,187.85,18662200,2026-02-13T03:45:45Z
AAPL,2009-11-04,5.72,5.81,5.7,5.71,581309793,190.81,193.85,190.23,190.73,17419300,2026-02-13T03:45:45Z
AAPL,2009-11-05,5.81,5.84,5.75,5.76,458765109,194.03,195,191.82,192.4,13747200,2026-02-13T03:45:45Z
AAPL,2009-11-06,5.82,5.85,5.76,5.77,351866902,194.34,195.19,192.4,192.51,10543900,2026-02-13T03:45:45Z
AAPL,2009-11-09,6.04,6.05,5.88,5.9,630306183,201.46,201.9,196.26,196.94,18887600,2026-02-13T03:45:45Z
AAPL,2009-11-10,6.08,6.14,6.02,6.02,478160569,202.98,204.98,201.01,201.02,14328300,2026-02-13T03:45:45Z
AAPL,2009-11-11,6.09,6.14,6.05,6.13,529268798,203.25,205,201.83,204.56,15859900,2026-02-13T03:45:45Z
AAPL,2009-11-12,6.05,6.14,6.04,6.09,433729266,201.99,204.87,201.43,203.14,12996900,2026-02-13T03:45:45Z
AAPL,2009-11-13,6.13,6.14,6.05,6.08,409194377,204.45,204.83,202.07,202.87,12261800,2026-02-13T03:45:45Z
AAPL,2009-11-16,6.19,6.23,6.14,6.16,578282233,206.63,208,205.01,205.48,17328700,2026-02-13T03:45:45Z
AAPL,2009-11-17,6.2,6.22,6.14,6.17,472579661,207,207.44,205,206.08,14161100,2026-02-13T03:45:45Z
AAPL,2009-11-18,6.17,6.2,6.11,6.19,446128396,205.96,207,204,206.54,13368500,2026-02-13T03:45:45Z
