ticker,tradeDate,clsPx,hiPx,loPx,open,stockVolume,unadjClsPx,unadjHiPx,unadjLoPx,unadjOpen,unadjStockVolume,updatedAt
ABBV,2013-01-02,20.73,20.9,20.13,20.61,23323267,35.12,35.4,34.1,34.92,13767900,2026-01-17T03:44:31Z
ABBV,2013-01-03,20.56,20.66,20.16,20.66,28356625,34.83,35,34.16,35,16739200,2026-01-17T03:44:31Z
ABBV,2013-01-04,20.3,20.6,20.22,20.44,36205832,34.39,34.89,34.25,34.62,21372600,2026-01-17T03:44:31Z
ABBV,2013-01-07,20.34,20.93,20.16,20.16,30318263,34.46,35.45,34.15,34.15,17897100,2026-01-17T03:44:31Z
ABBV,2013-01-08,19.9,20.45,19.69,20.24,30260956,33.71,34.64,33.36,34.29,17863300,2026-01-17T03:44:31Z
ABBV,2013-01-09,20.01,20.04,19.84,19.84,31848705,33.9,33.95,33.61,33.61,18800600,2026-01-17T03:44:31Z
ABBV,2013-01-10,20.07,20.07,19.68,19.68,26529674,34,34,33.33,33.34,15660700,2026-01-17T03:44:31Z
ABBV,2013-01-11,20.22,20.25,19.92,20.06,18735538,33.85,33.9,33.35,33.59,11191400,2026-01-17T03:44:31Z
ABBV,2013-01-14,20.36,20.46,20.19,20.32,19394263,34.09,34.25,33.8,34.01,11584900,2026-01-17T03:44:31Z
ABBV,2013-01-15,20.67,20.74,20.14,20.14,21834470,34.6,34.72,33.71,33.71,13042500,2026-01-17T03:44:31Z
ABBV,2013-01-16,21.23,21.23,20.58,20.65,27643766,35.54,35.54,34.45,34.57,16512600,2026-01-17T03:44:31Z
ABBV,2013-01-17,21.75,21.92,21.36,21.36,24150870,36.42,36.7,35.75,35.75,14426200,2026-01-17T03:44:31Z
ABBV,2013-01-18,22.29,22.29,21.53,21.76,29872774,37.32,37.32,36.04,36.43,17844100,2026-01-17T03:44:31Z
ABBV,2013-01-22,21.75,22.25,21.46,22.09,26466817,36.42,37.25,35.93,36.98,15809600,2026-01-17T03:44:31Z
ABBV,2013-01-23,22.58,22.6,21.8,22.05,18384628,37.8,37.84,36.5,36.91,10981800,2026-01-17T03:44:31Z
ABBV,2013-01-24,22.38,23.01,22.24,22.57,18963368,37.46,38.52,37.23,37.79,11327500,2026-01-17T03:44:31Z
ABBV,2013-01-25,22.46,22.6,21.89,22.41,14964129,37.6,37.84,36.64,37.52,8938600,2026-01-17T03:44:31Z
ABBV,2013-01-28,22.04,22.62,21.93,22.51,11953084,36.89,37.87,36.71,37.69,7140000,2026-01-17T03:44:31Z
ABBV,2013-01-29,22.29,22.38,21.65,21.93,14797371,37.31,37.46,36.25,36.71,8839000,2026-01-17T03:44:31Z
ABBV,2013-01-30,22.06,22.42,21.99,21.99,18151272,36.93,37.53,36.81,36.81,10842400,2026-01-17T03:44:31Z
ABBV,2013-01-31,21.92,22.06,21.66,22.01,17947652,36.69,36.93,36.27,36.84,10720800,2026-01-17T03:44:31Z
ABBV,2013-02-01,22.21,22.22,21.82,22.01,15950787,37.18,37.2,36.52,36.84,9528000,2026-01-17T03:44:31Z
ABBV,2013-02-04,22.27,22.28,21.83,21.89,10627010,37.28,37.3,36.55,36.64,6347900,2026-01-17T03:44:31Z
ABBV,2013-02-05,22.22,22.54,22.21,22.35,12195146,37.2,37.73,37.18,37.42,7284600,2026-01-17T03:44:31Z
ABBV,2013-02-06,22.19,22.27,22.02,22.08,9607304,37.14,37.28,36.86,36.96,5738800,2026-01-17T03:44:31Z
ABBV,2013-02-07,21.75,22.44,21.39,22.44,16530376,36.42,37.57,35.8,37.57,9874200,2026-01-17T03:44:31Z
ABBV,2013-02-08,21.65,21.75,21.4,21.73,23201378,36.25,36.42,35.83,36.37,13859000,2026-01-17T03:44:31Z
ABBV,2013-02-11,21.41,21.61,21.36,21.58,10098166,35.85,36.18,35.75,36.13,6032000,2026-01-17T03:44:31Z
ABBV,2013-02-12,21.16,21.44,21.03,21.37,12512018,35.42,35.9,35.2,35.77,7473900,2026-01-17T03:44:31Z
ABBV,2013-02-13,21.07,21.25,21,21.16,8136101,35.27,35.57,35.15,35.42,4860000,2026-01-17T03:44:31Z
ABBV,2013-02-14,21.84,21.94,20.91,20.94,12672921,36.57,36.73,35.01,35.05,7570000,2026-01-17T03:44:31Z
ABBV,2013-02-15,22.45,22.59,22.06,22.06,22260155,37.58,37.81,36.93,36.93,13296800,2026-01-17T03:44:31Z
ABBV,2013-02-19,22.81,22.9,22.17,22.36,13882614,38.19,38.33,37.11,37.44,8292600,2026-01-17T03:44:31Z
ABBV,2013-02-20,23.06,23.37,22.47,22.79,13553979,38.61,39.13,37.61,38.16,8096300,2026-01-17T03:44:31Z
ABBV,2013-02-21,23.16,23.31,22.81,22.99,12155799,38.78,39.03,38.19,38.49,7261100,2026-01-17T03:44:31Z
ABBV,2013-02-22,22.97,23.21,22.78,23.03,7518027,38.46,38.85,38.14,38.56,4490800,2026-01-17T03:44:31Z
ABBV,2013-02-25,22.32,23.06,22.32,23.02,7810660,37.37,38.61,37.37,38.54,4665600,2026-01-17T03:44:31Z
ABBV,2013-02-26,22.16,22.46,22.08,22.46,7471337,37.09,37.6,36.96,37.6,4462900,2026-01-17T03:44:31Z
ABBV,2013-02-27,21.94,22.09,21.74,22.08,20488254,36.73,36.98,36.4,36.97,12238400,2026-01-17T03:44:31Z
ABBV,2013-02-28,22.05,22.18,21.8,21.9,17280682,36.92,37.14,36.5,36.66,10322400,2026-01-17T03:44:31Z
ABBV,2013-03-01,22.59,22.74,21.83,21.98,14948520,37.81,38.07,36.55,36.8,8929300,2026-01-17T03:44:31Z
ABBV,2013-03-04,22.84,22.85,22.42,22.42,9074804,38.24,38.25,37.53,37.53,5420700,2026-01-17T03:44:31Z
ABBV,2013-03-05,22.41,23.04,22.27,22.97,11133251,37.51,38.57,37.29,38.45,6650300,2026-01-17T03:44:31Z
ABBV,2013-03-06,22.54,22.61,22.32,22.44,9190121,37.74,37.86,37.37,37.56,5489600,2026-01-17T03:44:31Z
ABBV,2013-03-07,22.39,22.7,22.36,22.49,7437029,37.49,38.01,37.44,37.65,4442400,2026-01-17T03:44:31Z
ABBV,2013-03-08,22.3,22.49,22.2,22.48,6888593,37.34,37.65,37.16,37.64,4114800,2026-01-17T03:44:31Z
ABBV,2013-03-11,22.5,22.79,22.15,22.25,7724779,37.67,38.15,37.08,37.25,4614300,2026-01-17T03:44:31Z
ABBV,2013-03-12,22.2,22.88,22.13,22.52,10921816,37.17,38.3,37.05,37.7,6524000,2026-01-17T03:44:31Z
ABBV,2013-03-13,22.2,22.45,22.12,22.22,6211741,37.17,37.59,37.04,37.2,3710500,2026-01-17T03:44:31Z
ABBV,2013-03-14,22.44,22.45,22.02,22.36,16514111,37.56,37.59,36.86,37.43,9864500,2026-01-17T03:44:31Z
ABBV,2013-03-15,23,23.02,22.27,22.36,20438690,38.5,38.54,37.28,37.44,12208800,2026-01-17T03:44:31Z
ABBV,2013-03-18,22.79,22.99,22.69,22.73,8670140,38.16,38.49,37.99,38.05,5179000,2026-01-17T03:44:31Z
ABBV,2013-03-19,22.91,22.94,22.6,22.85,8551806,38.36,38.4,37.84,38.25,5108300,2026-01-17T03:44:31Z
ABBV,2013-03-20,23.33,23.41,22.94,23,11841213,39.06,39.19,38.41,38.5,7073200,2026-01-17T03:44:31Z
ABBV,2013-03-21,22.99,23.28,22.98,23.19,7932038,38.49,38.97,38.48,38.82,4738100,2026-01-17T03:44:31Z
ABBV,2013-03-22,23.28,23.28,22.88,23.04,5563531,38.97,38.97,38.3,38.57,3323300,2026-01-17T03:44:31Z
ABBV,2013-03-25,23.49,23.61,23.25,23.37,10153225,39.32,39.52,38.93,39.12,6064900,2026-01-17T03:44:31Z
ABBV,2013-03-26,24.02,24.2,23.64,23.64,12136208,40.21,40.52,39.57,39.57,7249400,2026-01-17T03:44:31Z
ABBV,2013-03-27,23.98,24.07,23.69,24.02,7157092,40.15,40.29,39.66,40.22,4275200,2026-01-17T03:44:31Z
ABBV,2013-03-28,24.36,24.37,23.76,24.05,12161812,40.78,40.8,39.78,40.26,7264700,2026-01-17T03:44:31Z
ABBV,2013-04-01,24.56,24.57,23.87,23.87,9609147,41.12,41.14,39.96,39.96,5739900,2026-01-17T03:44:31Z
ABBV,2013-04-02,24.32,24.62,24.2,24.62,9225274,40.71,41.22,40.52,41.22,5510600,2026-01-17T03:44:31Z
ABBV,2013-04-03,24.23,24.76,24.1,24.34,6901314,40.57,41.45,40.35,40.75,4122400,2026-01-17T03:44:31Z
ABBV,2013-04-04,24.85,24.96,24.26,24.35,34634245,41.6,41.78,40.62,40.77,20688300,2026-01-17T03:44:31Z
ABBV,2013-04-05,24.68,24.79,24.55,24.68,23590862,41.31,41.5,41.09,41.31,14091700,2026-01-17T03:44:31Z
ABBV,2013-04-08,24.95,25.01,24.53,24.65,27537626,41.77,41.87,41.07,41.27,16449200,2026-01-17T03:44:31Z
ABBV,2013-04-09,25.42,26.02,24.97,25.06,14522114,42.55,43.56,41.8,41.96,8674600,2026-01-17T03:44:31Z
ABBV,2013-04-10,26.06,26.14,25.39,25.47,13083923,43.62,43.77,42.5,42.64,7815500,2026-01-17T03:44:31Z
ABBV,2013-04-11,26.04,26.35,25.99,26.18,10772381,43.2,43.71,43.11,43.42,6494300,2026-01-17T03:44:31Z
ABBV,2013-04-12,25.98,26.1,25.69,25.91,6970397,43.09,43.29,42.62,42.97,4202200,2026-01-17T03:44:31Z
ABBV,2013-04-15,24.98,25.94,24.96,25.84,11865188,41.44,43.03,41.41,42.87,7153100,2026-01-17T03:44:31Z
ABBV,2013-04-16,25.59,25.64,24.8,25.12,11609739,42.45,42.53,41.13,41.67,6999100,2026-01-17T03:44:31Z
ABBV,2013-04-17,25.46,25.58,24.97,25.41,8370371,42.24,42.43,41.42,42.14,5046200,2026-01-17T03:44:31Z
ABBV,2013-04-18,25.51,25.71,25.25,25.54,8308508,42.32,42.64,41.89,42.37,5008900,2026-01-17T03:44:31Z
ABBV,2013-04-19,25.56,25.67,25.44,25.63,10770755,42.39,42.58,42.2,42.51,6493300,2026-01-17T03:44:31Z
ABBV,2013-04-22,26.65,27.03,25.85,25.92,14151776,44.2,44.83,42.88,43,8531600,2026-01-17T03:44:31Z
ABBV,2013-04-23,27.21,27.93,26.77,26.89,15559551,45.14,46.32,44.4,44.61,9380300,2026-01-17T03:44:31Z
ABBV,2013-04-24,26.72,27.33,26.49,27.21,9192431,44.32,45.34,43.94,45.14,5541800,2026-01-17T03:44:31Z
ABBV,2013-04-25,26.67,27,26.38,26.86,8687201,44.24,44.79,43.76,44.55,5237200,2026-01-17T03:44:31Z
ABBV,2013-04-26,27.64,27.92,26.98,27.1,16754848,45.84,46.31,44.75,44.95,10100900,2026-01-17T03:44:31Z
ABBV,2013-04-29,27.27,27.69,27.16,27.63,9994769,45.23,45.93,45.05,45.83,6025500,2026-01-17T03:44:31Z
ABBV,2013-04-30,27.76,27.87,27.14,27.16,11278657,46.05,46.23,45.01,45.05,6799500,2026-01-17T03:44:31Z
ABBV,2013-05-01,27.46,27.79,27.46,27.57,10615145,45.55,46.09,45.55,45.74,6399500,2026-01-17T03:44:31Z
ABBV,2013-05-02,26.52,27.54,26.44,27.54,16009241,43.99,45.68,43.86,45.68,9651400,2026-01-17T03:44:31Z
ABBV,2013-05-03,26.94,26.99,26.42,26.71,7701560,44.68,44.77,43.83,44.31,4643000,2026-01-17T03:44:31Z
ABBV,2013-05-06,26.88,27.1,26.62,27.1,6776986,44.59,44.95,44.15,44.95,4085600,2026-01-17T03:44:31Z
ABBV,2013-05-07,27.07,27.13,26.78,26.83,6212826,44.91,45,44.42,44.5,3745500,2026-01-17T03:44:31Z
ABBV,2013-05-08,26.22,27.16,26.16,27.14,11566934,43.49,45.05,43.39,45.01,6973300,2026-01-17T03:44:31Z
ABBV,2013-05-09,26.67,26.8,26.07,26.13,8371707,44.24,44.45,43.25,43.34,5047000,2026-01-17T03:44:31Z
ABBV,2013-05-10,27.13,27.14,26.65,26.65,7391055,45.01,45.01,44.2,44.21,4455800,2026-01-17T03:44:31Z
ABBV,2013-05-13,26.85,27,26.63,27,6201721,44.54,44.79,44.17,44.79,3738800,2026-01-17T03:44:31Z
ABBV,2013-05-14,27.34,27.44,26.58,26.58,9556212,45.35,45.52,44.09,44.09,5761100,2026-01-17T03:44:31Z
ABBV,2013-05-15,27.75,28.29,27.42,27.56,11117735,46.03,46.93,45.48,45.72,6702500,2026-01-17T03:44:31Z
ABBV,2013-05-16,27.86,28.27,27.74,27.77,7639518,46.21,46.9,46.01,46.06,4605600,2026-01-17T03:44:31Z
ABBV,2013-05-17,28.44,28.54,27.64,27.75,8701131,47.17,47.34,45.85,46.03,5245600,2026-01-17T03:44:31Z
ABBV,2013-05-20,27.89,28.42,27.77,28.41,5868319,46.26,47.14,46.07,47.12,3537800,2026-01-17T03:44:31Z
ABBV,2013-05-21,28.06,28.31,27.83,27.85,7813036,46.54,46.96,46.17,46.19,4710200,2026-01-17T03:44:31Z
ABBV,2013-05-22,28.19,28.94,27.64,28.01,8631607,46.76,48,45.85,46.46,5203700,2026-01-17T03:44:31Z
ABBV,2013-05-23,28.09,28.3,27.74,27.8,5483976,46.59,46.95,46.02,46.12,3306100,2026-01-17T03:44:31Z
ABBV,2013-05-24,27.39,28.02,27.32,27.88,7483595,45.44,46.48,45.31,46.25,4511600,2026-01-17T03:44:31Z
ABBV,2013-05-28,27.36,27.76,26.95,27.67,10254218,45.39,46.04,44.7,45.89,6181900,2026-01-17T03:44:31Z
ABBV,2013-05-29,26.45,27.24,26.4,27.06,11459289,43.88,45.18,43.79,44.89,6908400,2026-01-17T03:44:31Z
ABBV,2013-05-30,26.86,27.2,26.57,26.57,8049408,44.55,45.12,44.07,44.07,4852700,2026-01-17T03:44:31Z
ABBV,2013-05-31,25.74,26.94,25.73,26.69,15442599,42.69,44.69,42.68,44.27,9309800,2026-01-17T03:44:31Z
ABBV,2013-06-03,26.14,26.27,25.77,25.85,11905663,43.36,43.58,42.75,42.88,7177500,2026-01-17T03:44:31Z
ABBV,2013-06-04,26.3,26.81,26.15,26.18,7511632,43.63,44.47,43.38,43.42,4528500,2026-01-17T03:44:31Z
ABBV,2013-06-05,25.95,26.47,25.74,26.22,7964140,43.04,43.9,42.69,43.49,4801300,2026-01-17T03:44:31Z
ABBV,2013-06-06,26.22,26.27,25.71,26.06,7068256,43.5,43.57,42.65,43.22,4261200,2026-01-17T03:44:31Z
ABBV,2013-06-07,26.53,26.69,26.23,26.36,9063078,44,44.27,43.5,43.72,5463800,2026-01-17T03:44:31Z
ABBV,2013-06-10,26.48,26.73,26.06,26.73,7801589,43.92,44.33,43.22,44.33,4703300,2026-01-17T03:44:31Z
ABBV,2013-06-11,26.28,26.56,25.95,26.11,5929682,43.59,44.05,43.05,43.31,3574800,2026-01-17T03:44:31Z
ABBV,2013-06-12,25.78,26.53,25.75,26.47,6207865,42.77,44,42.72,43.91,3742500,2026-01-17T03:44:31Z
ABBV,2013-06-13,26.01,26.04,24.18,25.57,10112722,43.15,43.2,40.1,42.42,6096600,2026-01-17T03:44:31Z
ABBV,2013-06-14,26.05,26.23,25.62,25.91,6765029,43.21,43.5,42.5,42.98,4078400,2026-01-17T03:44:31Z
ABBV,2013-06-17,25.93,26.23,25.73,26.16,5735783,43.01,43.5,42.68,43.4,3457900,2026-01-17T03:44:31Z
ABBV,2013-06-18,26.25,26.26,25.7,25.91,6046139,43.54,43.56,42.63,42.97,3645000,2026-01-17T03:44:31Z
ABBV,2013-06-19,25.95,26.42,25.93,26.26,6076818,43.04,43.83,43.01,43.56,3663500,2026-01-17T03:44:31Z
ABBV,2013-06-20,24.75,25.79,24.66,25.71,12400971,41.06,42.78,40.91,42.65,7476100,2026-01-17T03:44:31Z
ABBV,2013-06-21,25.69,25.75,24.84,25.11,16298346,42.62,42.71,41.2,41.66,9825700,2026-01-17T03:44:31Z
ABBV,2013-06-24,25.25,25.56,24.91,25.36,10026296,41.89,42.4,41.32,42.07,6044500,2026-01-17T03:44:31Z
ABBV,2013-06-25,25.7,25.79,25.09,25.41,7775383,42.63,42.77,41.61,42.15,4687500,2026-01-17T03:44:31Z
ABBV,2013-06-26,26.15,26.29,25.94,25.98,7851835,43.38,43.61,43.03,43.1,4733600,2026-01-17T03:44:31Z
ABBV,2013-06-27,26,26.51,25.77,26.26,8566086,43.13,43.98,42.74,43.56,5164200,2026-01-17T03:44:31Z
ABBV,2013-06-28,24.92,25.91,24.91,25.64,17839014,41.34,42.97,41.32,42.53,10754500,2026-01-17T03:44:31Z
ABBV,2013-07-01,25.09,25.28,24.76,24.96,7612654,41.61,41.93,41.07,41.4,4589400,2026-01-17T03:44:31Z
ABBV,2013-07-02,25.45,25.66,25.07,25.07,7244251,42.21,42.57,41.58,41.58,4367300,2026-01-17T03:44:31Z
ABBV,2013-07-03,25.46,25.51,25.09,25.25,4010183,42.23,42.31,41.61,41.88,2417600,2026-01-17T03:44:31Z
ABBV,2013-07-05,25.75,25.82,25.51,25.78,4551100,42.72,42.83,42.31,42.76,2743700,2026-01-17T03:44:31Z
ABBV,2013-07-08,26.33,26.34,25.82,25.86,6605635,43.68,43.69,42.82,42.9,3982300,2026-01-17T03:44:31Z
ABBV,2013-07-09,26.12,26.66,26.07,26.53,6317171,43.32,44.23,43.25,44,3808400,2026-01-17T03:44:31Z
ABBV,2013-07-10,26.47,26.6,26.14,26.14,5129341,43.91,44.12,43.36,43.36,3092300,2026-01-17T03:44:31Z
ABBV,2013-07-11,26.64,26.84,26.36,26.73,6675454,43.78,44.11,43.33,43.94,4061400,2026-01-17T03:44:31Z
ABBV,2013-07-12,27.41,27.45,26.65,26.73,9360193,45.05,45.11,43.8,43.93,5694800,2026-01-17T03:44:31Z
ABBV,2013-07-15,27.15,27.36,27.1,27.35,5368942,44.62,44.97,44.54,44.95,3266500,2026-01-17T03:44:31Z
ABBV,2013-07-16,26.65,27.24,26.59,27.1,6105126,43.81,44.77,43.7,44.54,3714400,2026-01-17T03:44:31Z
ABBV,2013-07-17,26.75,26.86,26.61,26.75,5992692,43.96,44.15,43.74,43.97,3646000,2026-01-17T03:44:31Z
ABBV,2013-07-18,26.96,27.11,26.65,26.75,5002572,44.32,44.56,43.81,43.96,3043600,2026-01-17T03:44:31Z
ABBV,2013-07-19,27.09,27.32,26.84,27.07,7097053,44.52,44.91,44.12,44.49,4317900,2026-01-17T03:44:31Z
ABBV,2013-07-22,27.36,27.44,26.65,26.95,6262904,44.97,45.1,43.8,44.3,3810400,2026-01-17T03:44:31Z
ABBV,2013-07-23,26.96,27.43,26.91,27.33,5811080,44.31,45.09,44.23,44.92,3535500,2026-01-17T03:44:31Z
ABBV,2013-07-24,26.55,27,26.4,26.94,5075546,43.64,44.37,43.39,44.28,3088000,2026-01-17T03:44:31Z
ABBV,2013-07-25,26.92,27.03,26.37,26.41,6721494,44.24,44.43,43.35,43.41,4089400,2026-01-17T03:44:31Z
ABBV,2013-07-26,27.25,27.45,26.87,27.38,7381886,44.79,45.12,44.17,45.01,4491200,2026-01-17T03:44:31Z
ABBV,2013-07-29,27.41,27.65,27.06,27.21,7111527,45.06,45.45,44.47,44.72,4326700,2026-01-17T03:44:31Z
ABBV,2013-07-30,27.2,27.52,26.89,27.43,5949305,44.7,45.23,44.2,45.08,3619600,2026-01-17T03:44:31Z
ABBV,2013-07-31,27.67,27.93,27.26,27.28,9902563,45.48,45.91,44.81,44.84,6024800,2026-01-17T03:44:31Z
ABBV,2013-08-01,27.53,27.93,27.4,27.46,6003386,45.25,45.9,45.04,45.14,3652500,2026-01-17T03:44:31Z
ABBV,2013-08-02,27.57,27.63,27.26,27.45,5245174,45.32,45.42,44.81,45.11,3191200,2026-01-17T03:44:31Z
ABBV,2013-08-05,27.2,27.6,27.07,27.41,4854312,44.71,45.37,44.49,45.05,2953400,2026-01-17T03:44:31Z
ABBV,2013-08-06,27.31,27.37,27.02,27.02,8186462,44.88,44.99,44.42,44.42,4980700,2026-01-17T03:44:31Z
ABBV,2013-08-07,27.12,27.29,26.9,27.2,5429424,44.57,44.86,44.22,44.7,3303300,2026-01-17T03:44:31Z
ABBV,2013-08-08,27.41,27.49,27.14,27.29,4753893,45.06,45.18,44.61,44.86,2892300,2026-01-17T03:44:31Z
ABBV,2013-08-09,27.2,27.38,27.06,27.32,5408710,44.71,45,44.47,44.9,3290700,2026-01-17T03:44:31Z
ABBV,2013-08-12,27.4,27.5,27.01,27.2,6289035,45.04,45.2,44.39,44.71,3826300,2026-01-17T03:44:31Z
ABBV,2013-08-13,27.34,27.49,27.18,27.45,4588544,44.93,45.18,44.68,45.12,2791700,2026-01-17T03:44:31Z
ABBV,2013-08-14,27.12,27.52,27.04,27.29,4915456,44.58,45.23,44.45,44.85,2990600,2026-01-17T03:44:31Z
ABBV,2013-08-15,26.29,27.15,26.24,27.14,7171341,43.21,44.62,43.13,44.6,4363100,2026-01-17T03:44:31Z
ABBV,2013-08-16,26.16,26.25,25.81,26.12,10015006,43,43.14,42.42,42.94,6093200,2026-01-17T03:44:31Z
ABBV,2013-08-19,26.39,26.65,26.13,26.17,5468052,43.37,43.81,42.95,43.01,3326800,2026-01-17T03:44:31Z
ABBV,2013-08-20,26.14,26.45,26.07,26.34,4606940,42.97,43.48,42.85,43.29,2802900,2026-01-17T03:44:31Z
ABBV,2013-08-21,25.74,26.09,25.7,26.05,6769810,42.31,42.88,42.25,42.82,4118800,2026-01-17T03:44:31Z
ABBV,2013-08-22,26.11,26.22,25.73,25.8,6702099,42.92,43.1,42.29,42.4,4077600,2026-01-17T03:44:31Z
ABBV,2013-08-23,26.42,26.47,26.07,26.17,4500937,43.43,43.5,42.85,43.01,2738400,2026-01-17T03:44:31Z
ABBV,2013-08-26,26.44,26.61,26.28,26.42,5750587,43.45,43.74,43.19,43.43,3498700,2026-01-17T03:44:31Z
ABBV,2013-08-27,25.94,26.22,25.92,26.17,7367434,42.63,43.09,42.6,43.02,4482400,2026-01-17T03:44:31Z
ABBV,2013-08-28,25.89,26.05,25.77,25.88,4946689,42.56,42.81,42.35,42.53,3009600,2026-01-17T03:44:31Z
ABBV,2013-08-29,25.93,26.22,25.71,25.75,4583774,42.62,43.09,42.26,42.32,2788800,2026-01-17T03:44:31Z
ABBV,2013-08-30,25.92,26.18,25.74,26.02,5211318,42.61,43.03,42.3,42.76,3170600,2026-01-17T03:44:31Z
ABBV,2013-09-03,25.91,26.33,25.74,26.16,4808450,42.59,43.28,42.31,43,2925500,2026-01-17T03:44:31Z
ABBV,2013-09-04,26.24,26.25,25.91,25.92,5247965,43.13,43.14,42.59,42.6,3192900,2026-01-17T03:44:31Z
ABBV,2013-09-05,26.47,26.56,26.16,26.18,5515055,43.51,43.66,43,43.03,3355400,2026-01-17T03:44:31Z
ABBV,2013-09-06,26.7,26.98,26.09,26.48,6561721,43.89,44.35,42.89,43.53,3992200,2026-01-17T03:44:31Z
ABBV,2013-09-09,27.03,27.04,26.47,26.7,5403295,44.43,44.44,43.5,43.88,3287400,2026-01-17T03:44:31Z
ABBV,2013-09-10,27.24,27.27,26.83,27.12,7038371,44.78,44.82,44.1,44.58,4282200,2026-01-17T03:44:31Z
ABBV,2013-09-11,27.35,27.36,27.01,27.26,5656738,44.95,44.97,44.39,44.81,3441600,2026-01-17T03:44:31Z
ABBV,2013-09-12,27.2,27.35,27.07,27.28,4269838,44.7,44.95,44.5,44.84,2597800,2026-01-17T03:44:31Z
ABBV,2013-09-13,27.31,27.31,27.03,27.2,3736806,44.89,44.89,44.43,44.71,2273500,2026-01-17T03:44:31Z
ABBV,2013-09-16,27.88,27.96,27.49,27.57,5813215,45.82,45.95,45.19,45.32,3536800,2026-01-17T03:44:31Z
ABBV,2013-09-17,28.96,29.02,27.9,27.94,11990482,47.6,47.7,45.86,45.92,7295100,2026-01-17T03:44:31Z
ABBV,2013-09-18,29.15,29.46,28.53,28.71,10994928,47.92,48.42,46.89,47.19,6689400,2026-01-17T03:44:31Z
ABBV,2013-09-19,28.84,29.34,28.78,29.33,8754664,47.4,48.23,47.31,48.21,5326400,2026-01-17T03:44:31Z
ABBV,2013-09-20,29.11,29.2,28.8,28.86,17262617,47.84,48,47.33,47.44,10502700,2026-01-17T03:44:31Z
ABBV,2013-09-23,28.66,28.94,28.55,28.94,5225772,47.1,47.56,46.93,47.56,3179400,2026-01-17T03:44:31Z
ABBV,2013-09-24,27.97,28.57,27.95,28.57,11924070,45.98,46.95,45.94,46.95,7254700,2026-01-17T03:44:31Z
ABBV,2013-09-25,27.58,28.08,27.39,28.04,7514374,45.33,46.16,45.02,46.09,4571800,2026-01-17T03:44:31Z
ABBV,2013-09-26,27.38,27.76,27.26,27.58,8273906,45,45.62,44.81,45.33,5033900,2026-01-17T03:44:31Z
ABBV,2013-09-27,26.97,27.32,26.78,27.3,10876758,44.33,44.9,44.02,44.87,6617500,2026-01-17T03:44:31Z
ABBV,2013-09-30,27.21,27.35,26.79,27.09,9563350,44.73,44.95,44.03,44.52,5818400,2026-01-17T03:44:31Z
ABBV,2013-10-01,27.86,27.93,27.26,27.26,6839838,45.8,45.9,44.81,44.81,4161400,2026-01-17T03:44:31Z
ABBV,2013-10-02,27.96,27.97,27.45,27.59,6667741,45.95,45.97,45.12,45.34,4056700,2026-01-17T03:44:31Z
ABBV,2013-10-03,27.99,28.19,27.44,27.74,11539809,46.01,46.34,45.1,45.6,7020900,2026-01-17T03:44:31Z
ABBV,2013-10-04,28.47,28.52,27.99,28.1,6806967,46.8,46.88,46,46.18,4141400,2026-01-17T03:44:31Z
ABBV,2013-10-07,28.04,28.58,28.04,28.06,7733304,46.09,46.98,46.09,46.12,4705000,2026-01-17T03:44:31Z
ABBV,2013-10-08,27.09,28.18,27.01,28.16,11656169,44.52,46.32,44.39,46.29,7091700,2026-01-17T03:44:31Z
ABBV,2013-10-09,27.26,27.57,26.96,27.21,8404577,44.81,45.31,44.32,44.72,5113400,2026-01-17T03:44:31Z
ABBV,2013-10-10,28.04,28.04,27.32,27.69,6462906,45.68,45.68,44.51,45.1,3967500,2026-01-17T03:44:31Z
ABBV,2013-10-11,28.02,28.05,27.6,28.05,4863931,45.65,45.7,44.96,45.7,2985900,2026-01-17T03:44:31Z
ABBV,2013-10-14,28.44,28.52,27.67,27.75,5501335,46.33,46.45,45.07,45.21,3377200,2026-01-17T03:44:31Z
ABBV,2013-10-15,28.29,28.47,28.09,28.27,5755621,46.08,46.38,45.75,46.05,3533300,2026-01-17T03:44:31Z
ABBV,2013-10-16,28.89,29.02,28.36,28.43,7167285,47.06,47.27,46.2,46.31,4399900,2026-01-17T03:44:31Z
ABBV,2013-10-17,29.57,29.66,28.82,28.82,11798439,48.17,48.32,46.95,46.95,7242900,2026-01-17T03:44:31Z
ABBV,2013-10-18,29.67,30.05,29.32,29.7,15007627,48.33,48.95,47.77,48.38,9213000,2026-01-17T03:44:31Z
ABBV,2013-10-21,29.68,29.8,29.32,29.52,7677480,48.35,48.55,47.76,48.08,4713100,2026-01-17T03:44:31Z
ABBV,2013-10-22,30.08,30.27,29.53,29.71,11303532,49,49.31,48.11,48.39,6939100,2026-01-17T03:44:31Z
ABBV,2013-10-23,29.67,29.99,29.64,29.93,6728590,48.33,48.86,48.28,48.76,4130600,2026-01-17T03:44:31Z
ABBV,2013-10-24,29.42,30.07,29.31,29.85,8272207,47.93,48.98,47.74,48.63,5078200,2026-01-17T03:44:31Z
ABBV,2013-10-25,30.26,30.59,29.81,30.14,11336950,49.3,49.83,48.56,49.1,6959600,2026-01-17T03:44:31Z
ABBV,2013-10-28,30.34,30.68,30.06,30.16,9048894,49.42,49.97,48.97,49.13,5555000,2026-01-17T03:44:31Z
ABBV,2013-10-29,30.57,30.82,30.38,30.38,8182296,49.79,50.2,49.48,49.48,5023000,2026-01-17T03:44:31Z
ABBV,2013-10-30,29.96,30.43,29.91,30.43,6534912,48.8,49.57,48.72,49.57,4011700,2026-01-17T03:44:31Z
ABBV,2013-10-31,29.74,30.08,29.74,29.88,7433947,48.45,49,48.44,48.68,4563600,2026-01-17T03:44:31Z
ABBV,2013-11-01,30.06,30.28,29.77,29.86,6298880,48.96,49.33,48.5,48.64,3866800,2026-01-17T03:44:31Z
ABBV,2013-11-04,29.93,30.2,29.47,30.2,6671592,48.76,49.19,48,49.19,4095600,2026-01-17T03:44:31Z
ABBV,2013-11-05,29.57,29.93,29.48,29.83,6671594,48.17,48.76,48.03,48.59,4095600,2026-01-17T03:44:31Z
ABBV,2013-11-06,29.5,29.92,29.47,29.77,7017571,48.05,48.74,48,48.5,4308000,2026-01-17T03:44:31Z
ABBV,2013-11-07,29,29.69,28.96,29.57,7240589,47.24,48.36,47.18,48.17,4444900,2026-01-17T03:44:31Z
ABBV,2013-11-08,29.48,29.53,28.75,28.93,8455625,48.03,48.1,46.83,47.13,5190800,2026-01-17T03:44:31Z
ABBV,2013-11-11,29.82,29.88,29.58,29.61,3718598,48.57,48.67,48.19,48.23,2282800,2026-01-17T03:44:31Z
ABBV,2013-11-12,29.15,29.76,29.02,29.74,8716737,47.48,48.48,47.28,48.45,5351100,2026-01-17T03:44:31Z
ABBV,2013-11-13,29.37,29.42,29.03,29.07,6100632,47.85,47.93,47.29,47.36,3745100,2026-01-17T03:44:31Z
ABBV,2013-11-14,29.49,29.75,29.28,29.46,5557543,48.04,48.47,47.69,47.99,3411700,2026-01-17T03:44:31Z
ABBV,2013-11-15,29.74,29.93,29.47,29.48,10192424,48.44,48.75,48,48.03,6257000,2026-01-17T03:44:31Z
ABBV,2013-11-18,30,30.67,29.91,30.01,13985616,48.87,49.96,48.73,48.89,8585600,2026-01-17T03:44:31Z
ABBV,2013-11-19,29.75,30.08,29.69,29.91,6598437,48.46,49,48.37,48.73,4050700,2026-01-17T03:44:31Z
ABBV,2013-11-20,29.44,29.8,29.36,29.72,5082691,47.95,48.54,47.83,48.42,3120200,2026-01-17T03:44:31Z
ABBV,2013-11-21,29.82,29.88,29.46,29.64,7264852,48.57,48.67,47.99,48.28,4459800,2026-01-17T03:44:31Z
ABBV,2013-11-22,30.04,30.17,29.82,29.87,9464292,48.94,49.14,48.57,48.65,5810000,2026-01-17T03:44:31Z
ABBV,2013-11-25,29.72,30.25,29.66,30.08,5445947,48.41,49.28,48.32,49,3343200,2026-01-17T03:44:31Z
ABBV,2013-11-26,29.83,30.19,29.66,29.7,7708749,48.6,49.18,48.31,48.38,4732300,2026-01-17T03:44:31Z
ABBV,2013-11-27,29.62,30.05,29.61,29.98,5562595,48.25,48.95,48.24,48.83,3414800,2026-01-17T03:44:31Z
ABBV,2013-11-29,29.74,30.04,29.51,29.73,6588025,48.45,48.93,48.07,48.43,4044300,2026-01-17T03:44:31Z
ABBV,2013-12-02,29.71,29.88,29.48,29.77,7040544,48.39,48.68,48.02,48.49,4322100,2026-01-17T03:44:31Z
ABBV,2013-12-03,30.68,30.85,30.06,30.16,15442761,49.97,50.26,48.97,49.13,9480100,2026-01-17T03:44:31Z
ABBV,2013-12-04,30.49,30.87,30.27,30.54,8648813,49.67,50.29,49.3,49.75,5309400,2026-01-17T03:44:31Z
ABBV,2013-12-05,30.55,30.74,30.11,30.34,8876393,49.76,50.07,49.05,49.42,5449100,2026-01-17T03:44:31Z
ABBV,2013-12-06,31.52,31.61,30.73,30.8,11868143,51.35,51.5,50.05,50.17,7285700,2026-01-17T03:44:31Z
ABBV,2013-12-09,31.44,31.8,31.17,31.58,8911752,51.21,51.81,50.77,51.45,5470800,2026-01-17T03:44:31Z
ABBV,2013-12-10,32.01,33.23,31.14,31.46,24283924,52.14,54.13,50.72,51.24,14907600,2026-01-17T03:44:31Z
ABBV,2013-12-11,32.33,32.69,31.93,32.33,17552755,52.67,53.25,52.02,52.67,10775400,2026-01-17T03:44:31Z
ABBV,2013-12-12,32.16,32.3,31.8,32.27,12651204,52.39,52.62,51.8,52.56,7766400,2026-01-17T03:44:31Z
ABBV,2013-12-13,32.15,32.29,31.82,32.11,10531730,52.37,52.6,51.84,52.3,6465300,2026-01-17T03:44:31Z
ABBV,2013-12-16,32.76,33.63,32.52,32.79,16042553,53.37,54.78,52.98,53.42,9848300,2026-01-17T03:44:31Z
ABBV,2013-12-17,32.92,33.1,32.54,32.8,13016386,53.63,53.92,53,53.43,7990600,2026-01-17T03:44:31Z
ABBV,2013-12-18,33.35,33.41,32.06,32.4,15696068,54.32,54.43,52.22,52.78,9635600,2026-01-17T03:44:31Z
ABBV,2013-12-19,32.31,32.66,31.93,32.66,13657551,52.63,53.21,52.02,53.21,8384200,2026-01-17T03:44:31Z
ABBV,2013-12-20,32.28,32.54,32.1,32.4,20315964,52.59,53.01,52.29,52.77,12471700,2026-01-17T03:44:31Z
ABBV,2013-12-23,32.28,32.5,32.07,32.37,8086825,52.58,52.94,52.24,52.73,4964400,2026-01-17T03:44:31Z
ABBV,2013-12-24,32.14,32.41,32.09,32.4,2845802,52.36,52.79,52.28,52.78,1747000,2026-01-17T03:44:31Z
ABBV,2013-12-26,32.53,32.57,32.13,32.28,3911954,52.99,53.06,52.34,52.59,2401500,2026-01-17T03:44:31Z
ABBV,2013-12-27,32.26,32.57,32.16,32.49,3836206,52.55,53.05,52.38,52.92,2355000,2026-01-17T03:44:31Z
ABBV,2013-12-30,32.54,32.55,32.29,32.37,4722048,53.01,53.03,52.6,52.73,2898800,2026-01-17T03:44:31Z
ABBV,2013-12-31,32.42,32.57,32.14,32.53,4918979,52.81,53.06,52.36,52.99,3019700,2026-01-17T03:44:31Z
ABBV,2014-01-02,31.91,32.12,31.63,32,7442748,51.98,52.33,51.52,52.12,4569000,2026-01-17T03:44:31Z
ABBV,2014-01-03,32.11,32.33,31.9,32.08,7810066,52.3,52.67,51.97,52.25,4794500,2026-01-17T03:44:31Z
ABBV,2014-01-06,30.93,32.35,30.71,32.35,19337414,50.39,52.7,50.03,52.7,11871000,2026-01-17T03:44:31Z
ABBV,2014-01-07,31,31.44,30.88,31.21,15833184,50.49,51.21,50.3,50.84,9719800,2026-01-17T03:44:31Z
ABBV,2014-01-08,30.92,31.38,30.84,31.08,11098640,50.36,51.11,50.24,50.63,6813300,2026-01-17T03:44:31Z
ABBV,2014-01-09,31.44,31.71,30.61,31.06,11338403,51.22,51.65,49.87,50.59,6960500,2026-01-17T03:44:31Z
ABBV,2014-01-10,31.25,31.61,31.16,31.47,8989616,50.9,51.49,50.76,51.27,5518600,2026-01-17T03:44:31Z
ABBV,2014-01-13,30.83,31.39,30.71,31.35,11402509,49.83,50.74,49.64,50.66,7055300,2026-01-17T03:44:31Z
ABBV,2014-01-14,31.31,31.48,30.71,30.9,10684137,50.6,50.88,49.63,49.94,6610800,2026-01-17T03:44:31Z
ABBV,2014-01-15,31.01,31.35,30.98,31.34,7641873,50.11,50.67,50.07,50.65,4728400,2026-01-17T03:44:31Z
ABBV,2014-01-16,31.25,31.32,30.95,31,8035898,50.5,50.62,50.02,50.1,4972200,2026-01-17T03:44:31Z
ABBV,2014-01-17,30.97,31.35,30.94,31.33,13909830,50.06,50.66,50.01,50.64,8606700,2026-01-17T03:44:31Z
ABBV,2014-01-21,30.94,31.51,30.88,31.02,9417858,50,50.92,49.91,50.14,5827300,2026-01-17T03:44:31Z
ABBV,2014-01-22,30.37,30.94,30.08,30.93,13223295,49.08,50,48.62,49.98,8181900,2026-01-17T03:44:31Z
ABBV,2014-01-23,30.24,30.36,29.94,30.16,11750307,48.87,49.06,48.39,48.74,7270500,2026-01-17T03:44:31Z
ABBV,2014-01-24,29.57,30.38,29.56,29.96,14874537,47.79,49.1,47.77,48.42,9203600,2026-01-17T03:44:31Z
ABBV,2014-01-27,28.98,29.59,28.72,29.57,17436321,46.83,47.83,46.42,47.79,10788700,2026-01-17T03:44:31Z
ABBV,2014-01-28,29.51,29.99,29.13,29.13,19876515,47.69,48.47,47.08,47.08,12298600,2026-01-17T03:44:31Z
ABBV,2014-01-29,29.46,29.6,29.07,29.17,12296561,47.61,47.84,46.98,47.15,7608500,2026-01-17T03:44:31Z
ABBV,2014-01-30,29.89,30.24,29.64,29.68,12397419,48.31,48.88,47.9,47.97,7670900,2026-01-17T03:44:31Z
ABBV,2014-01-31,30.46,31.28,30.36,30.84,20839476,49.23,50.55,49.07,49.85,12894400,2026-01-17T03:44:31Z
ABBV,2014-02-03,29.3,30.62,29.12,30.57,16671198,47.35,49.49,47.06,49.4,10315300,2026-01-17T03:44:31Z
ABBV,2014-02-04,29.67,29.68,29.05,29.19,15525043,47.95,47.97,46.95,47.18,9606100,2026-01-17T03:44:31Z
ABBV,2014-02-05,29.53,29.74,29.18,29.55,11292135,47.73,48.07,47.16,47.76,6987000,2026-01-17T03:44:31Z
ABBV,2014-02-06,29.66,29.81,29.36,29.63,8012602,47.93,48.18,47.45,47.89,4957800,2026-01-17T03:44:31Z
ABBV,2014-02-07,30.25,30.34,29.49,29.7,11319267,48.89,49.03,47.66,48,7003800,2026-01-17T03:44:31Z
ABBV,2014-02-10,30.66,31.05,30.14,30.16,12779823,49.55,50.19,48.72,48.75,7907500,2026-01-17T03:44:31Z
ABBV,2014-02-11,30.73,30.92,30.34,30.57,11669342,49.66,49.97,49.04,49.41,7220400,2026-01-17T03:44:31Z
ABBV,2014-02-12,31.28,31.51,30.68,30.71,10560646,50.56,50.93,49.59,49.63,6534400,2026-01-17T03:44:31Z
ABBV,2014-02-13,31.15,31.26,30.86,31.12,8510723,50.35,50.52,49.88,50.3,5266000,2026-01-17T03:44:31Z
ABBV,2014-02-14,31.39,31.5,31.04,31.28,6666663,50.73,50.91,50.17,50.56,4125000,2026-01-17T03:44:31Z
ABBV,2014-02-18,31.84,31.9,31.28,31.33,8056261,51.46,51.56,50.56,50.64,4984800,2026-01-17T03:44:31Z
ABBV,2014-02-19,31.67,32.09,31.33,31.66,8473053,51.19,51.86,50.64,51.17,5242700,2026-01-17T03:44:31Z
ABBV,2014-02-20,32.09,32.24,31.39,31.67,9824507,51.86,52.11,50.73,51.19,6078900,2026-01-17T03:44:31Z
ABBV,2014-02-21,31.58,32.16,31.56,32.06,9442748,51.04,51.97,51.01,51.82,5842700,2026-01-17T03:44:31Z
ABBV,2014-02-24,31.46,31.9,31.45,31.56,9218919,50.85,51.56,50.83,51.01,5704200,2026-01-17T03:44:31Z
ABBV,2014-02-25,31.38,31.64,31.25,31.51,8767515,50.72,51.13,50.5,50.93,5424900,2026-01-17T03:44:31Z
ABBV,2014-02-26,31.4,31.54,30.89,30.91,9229436,50.74,50.97,49.93,49.95,5710700,2026-01-17T03:44:31Z
ABBV,2014-02-27,31.5,31.51,31.23,31.31,8166319,50.91,50.92,50.47,50.6,5052900,2026-01-17T03:44:31Z
ABBV,2014-02-28,31.5,32.15,31.25,31.46,11468790,50.91,51.96,50.51,50.84,7096300,2026-01-17T03:44:31Z
ABBV,2014-03-03,30.99,31.47,30.81,31.15,11018339,50.09,50.86,49.79,50.34,6817600,2026-01-17T03:44:31Z
ABBV,2014-03-04,31.92,32.01,31.27,31.39,10017297,51.59,51.73,50.53,50.73,6198200,2026-01-17T03:44:31Z
ABBV,2014-03-05,31.99,32.25,31.74,31.98,8486646,51.7,52.12,51.3,51.68,5251100,2026-01-17T03:44:31Z
ABBV,2014-03-06,32.2,32.65,32.16,32.2,10551935,52.04,52.77,51.97,52.04,6529000,2026-01-17T03:44:31Z
ABBV,2014-03-07,31.84,32.48,31.56,32.33,9471860,51.46,52.5,51.01,52.25,5860700,2026-01-17T03:44:31Z
ABBV,2014-03-10,31.96,32.11,31.47,32.11,4987478,51.66,51.9,50.86,51.9,3086000,2026-01-17T03:44:31Z
ABBV,2014-03-11,32.02,32.26,31.87,31.98,5873941,51.75,52.14,51.5,51.68,3634500,2026-01-17T03:44:31Z
ABBV,2014-03-12,31.95,32.01,31.6,31.84,6342959,51.64,51.74,51.07,51.46,3924700,2026-01-17T03:44:31Z
ABBV,2014-03-13,31.75,32.24,31.64,32.11,7821264,51.32,52.1,51.14,51.89,4839400,2026-01-17T03:44:31Z
ABBV,2014-03-14,31.69,31.82,31.43,31.71,8834905,51.21,51.42,50.8,51.25,5466600,2026-01-17T03:44:31Z
ABBV,2014-03-17,32.16,32.29,31.72,31.85,6263277,51.98,52.19,51.26,51.47,3875400,2026-01-17T03:44:31Z
ABBV,2014-03-18,32.86,32.93,32.16,32.22,7615682,53.1,53.22,51.97,52.08,4712200,2026-01-17T03:44:31Z
ABBV,2014-03-19,32.86,33.12,32.45,32.85,10357336,53.11,53.53,52.44,53.09,6408600,2026-01-17T03:44:31Z
ABBV,2014-03-20,33.21,33.29,32.5,32.71,11188040,53.68,53.8,52.52,52.86,6922600,2026-01-17T03:44:31Z
ABBV,2014-03-21,33.08,33.86,32.85,33.55,20897663,53.46,54.73,53.09,54.22,12930400,2026-01-17T03:44:31Z
ABBV,2014-03-24,31.78,33.18,31.77,33.12,16424081,51.36,53.62,51.35,53.53,10162400,2026-01-17T03:44:31Z
ABBV,2014-03-25,31.98,32.24,31.87,32.03,9902379,51.69,52.1,51.5,51.77,6127100,2026-01-17T03:44:31Z
ABBV,2014-03-26,31.87,32.38,31.84,32.17,9187724,51.5,52.34,51.46,52,5684900,2026-01-17T03:44:31Z
ABBV,2014-03-27,31.96,32.08,31.82,31.88,7721864,51.66,51.84,51.43,51.53,4777900,2026-01-17T03:44:31Z
ABBV,2014-03-28,31.54,32.26,31.49,32.07,6801309,50.98,52.13,50.89,51.83,4208300,2026-01-17T03:44:31Z
ABBV,2014-03-31,31.8,31.99,31.52,31.77,7778598,51.4,51.7,50.95,51.34,4813000,2026-01-17T03:44:31Z
ABBV,2014-04-01,32.24,32.41,31.89,31.94,6869995,52.1,52.38,51.54,51.62,4250800,2026-01-17T03:44:31Z
ABBV,2014-04-02,33,33.05,32.17,32.24,9708774,53.34,53.41,51.99,52.1,6007300,2026-01-17T03:44:31Z
ABBV,2014-04-03,33.1,33.31,32.92,33.01,11056816,53.5,53.83,53.21,53.35,6841400,2026-01-17T03:44:31Z
ABBV,2014-04-04,32.3,33.69,32.21,33.28,11337230,52.2,54.44,52.05,53.78,7014900,2026-01-17T03:44:31Z
ABBV,2014-04-07,31.32,32.37,30.72,31.98,14783526,50.62,52.31,49.65,51.68,9147300,2026-01-17T03:44:31Z
ABBV,2014-04-08,30.38,31.48,30.27,31.15,13328334,49.1,50.87,48.93,50.35,8246900,2026-01-17T03:44:31Z
ABBV,2014-04-09,31.33,31.41,30.48,30.62,9726549,50.63,50.76,49.26,49.49,6018300,2026-01-17T03:44:31Z
ABBV,2014-04-10,29.3,31.11,29.26,30.99,21297463,47.35,50.27,47.29,50.08,13177800,2026-01-17T03:44:31Z
ABBV,2014-04-11,29,29.47,28.41,29.08,18366055,46.46,47.21,45.5,46.58,11465700,2026-01-17T03:44:31Z
ABBV,2014-04-14,29.24,29.65,28.85,29.4,11680510,46.83,47.5,46.21,47.1,7292000,2026-01-17T03:44:31Z
ABBV,2014-04-15,29.88,30.02,29.19,29.73,15267324,47.86,48.09,46.76,47.63,9531200,2026-01-17T03:44:31Z
ABBV,2014-04-16,30.04,30.49,29.73,30.33,11454503,48.12,48.84,47.62,48.58,7150900,2026-01-17T03:44:31Z
ABBV,2014-04-17,30.31,30.45,29.79,29.92,9926214,48.55,48.78,47.72,47.92,6196800,2026-01-17T03:44:31Z
ABBV,2014-04-21,30.86,30.87,30.21,30.28,7119964,49.43,49.45,48.4,48.5,4444900,2026-01-17T03:44:31Z
ABBV,2014-04-22,31.22,31.48,30.81,30.9,10593201,50.01,50.42,49.35,49.49,6613200,2026-01-17T03:44:31Z
ABBV,2014-04-23,31.3,31.38,30.83,31.3,10537317,50.14,50.26,49.39,50.14,6578300,2026-01-17T03:44:31Z
ABBV,2014-04-24,30.79,31.3,30.59,31.22,10618044,49.32,50.13,49,50.01,6628700,2026-01-17T03:44:31Z
ABBV,2014-04-25,30.68,31.83,30.56,31.34,11675865,49.14,50.98,48.95,50.21,7289100,2026-01-17T03:44:31Z
ABBV,2014-04-28,31.76,31.79,30.9,30.93,12705846,50.87,50.92,49.5,49.55,7932100,2026-01-17T03:44:31Z
ABBV,2014-04-29,32.07,32.17,31.69,31.8,8972161,51.37,51.53,50.76,50.94,5601200,2026-01-17T03:44:31Z
ABBV,2014-04-30,32.51,32.57,31.84,32.08,11902365,52.08,52.17,51,51.38,7430500,2026-01-17T03:44:31Z
ABBV,2014-05-01,32.22,32.52,32.09,32.39,6855512,51.61,52.1,51.41,51.89,4279800,2026-01-17T03:44:31Z
ABBV,2014-05-02,31.95,32.29,31.84,32.09,5352027,51.18,51.72,51,51.41,3341200,2026-01-17T03:44:31Z
ABBV,2014-05-05,32.06,32.07,31.41,31.83,4133192,51.36,51.37,50.31,50.99,2580300,2026-01-17T03:44:31Z
ABBV,2014-05-06,31.78,32.03,31.73,31.96,5371095,50.91,51.3,50.83,51.2,3353100,2026-01-17T03:44:31Z
ABBV,2014-05-07,32.96,33.01,32.01,32.7,11249637,52.79,52.87,51.27,52.38,7023000,2026-01-17T03:44:31Z
ABBV,2014-05-08,32.56,33.14,32.44,32.89,6554831,52.15,53.09,51.96,52.69,4092100,2026-01-17T03:44:31Z
ABBV,2014-05-09,32.63,32.68,31.89,32.51,8029169,52.26,52.35,51.08,52.07,5012500,2026-01-17T03:44:31Z
ABBV,2014-05-12,32.69,32.81,32.6,32.69,5808708,52.37,52.56,52.22,52.36,3626300,2026-01-17T03:44:31Z
ABBV,2014-05-13,32.59,32.77,32.41,32.74,6639891,52.2,52.5,51.92,52.45,4145200,2026-01-17T03:44:31Z
ABBV,2014-05-14,33.01,33.09,32.51,32.61,7814206,52.87,53,52.08,52.23,4878300,2026-01-17T03:44:31Z
ABBV,2014-05-15,32.89,33.13,32.73,33.06,11154799,52.69,53.07,52.42,52.96,6963800,2026-01-17T03:44:31Z
ABBV,2014-05-16,33.04,33.07,32.72,32.87,9332570,52.93,52.97,52.41,52.65,5826200,2026-01-17T03:44:31Z
ABBV,2014-05-19,33.78,33.84,32.91,32.99,9627614,54.11,54.21,52.71,52.84,6010400,2026-01-17T03:44:31Z
ABBV,2014-05-20,33.42,33.67,33.28,33.62,8043101,53.54,53.93,53.31,53.86,5021200,2026-01-17T03:44:31Z
ABBV,2014-05-21,33.26,33.61,33.15,33.4,6548264,53.27,53.84,53.1,53.5,4088000,2026-01-17T03:44:31Z
ABBV,2014-05-22,33.48,33.92,33.05,33.27,7186280,53.63,54.34,52.94,53.29,4486300,2026-01-17T03:44:31Z
ABBV,2014-05-23,33.68,33.95,33.61,33.67,4843122,53.95,54.38,53.84,53.94,3023500,2026-01-17T03:44:31Z
ABBV,2014-05-27,33.71,33.84,33.57,33.84,6112885,53.99,54.2,53.78,54.2,3816200,2026-01-17T03:44:31Z
ABBV,2014-05-28,33.76,34.09,33.6,33.69,6580786,54.07,54.61,53.82,53.96,4108300,2026-01-17T03:44:31Z
ABBV,2014-05-29,33.73,33.99,33.55,33.77,4434662,54.03,54.45,53.75,54.1,2768500,2026-01-17T03:44:31Z
ABBV,2014-05-30,33.92,33.98,33.64,33.7,6447197,54.33,54.43,53.89,53.98,4024900,2026-01-17T03:44:31Z
ABBV,2014-06-02,33.81,34.3,33.66,33.98,5822489,54.15,54.95,53.91,54.43,3634900,2026-01-17T03:44:31Z
ABBV,2014-06-03,33.94,34.01,33.63,33.75,4930262,54.37,54.47,53.87,54.06,3077900,2026-01-17T03:44:31Z
ABBV,2014-06-04,34.07,34.11,33.51,33.66,5427149,54.58,54.64,53.67,53.92,3388100,2026-01-17T03:44:31Z
ABBV,2014-06-05,34.52,34.54,33.94,34.05,7764370,55.3,55.32,54.36,54.55,4847200,2026-01-17T03:44:31Z
ABBV,2014-06-06,34.4,34.59,34.27,34.54,5526466,55.1,55.4,54.89,55.32,3450100,2026-01-17T03:44:31Z
ABBV,2014-06-09,33.61,34.26,33.54,33.97,10087671,53.84,54.88,53.72,54.42,6297600,2026-01-17T03:44:31Z
ABBV,2014-06-10,33.69,33.76,32.64,33.17,13478885,53.97,54.08,52.29,53.14,8414700,2026-01-17T03:44:31Z
ABBV,2014-06-11,33.86,34.15,33.55,33.62,8628559,54.23,54.7,53.75,53.85,5386700,2026-01-17T03:44:31Z
ABBV,2014-06-12,33.5,33.87,33.37,33.85,6313770,53.66,54.25,53.46,54.22,3941600,2026-01-17T03:44:31Z
ABBV,2014-06-13,33.81,33.91,33.36,33.51,7068860,54.16,54.31,53.44,53.67,4413000,2026-01-17T03:44:31Z
ABBV,2014-06-16,33.71,33.91,33.37,33.82,7064538,54,54.31,53.45,54.18,4410300,2026-01-17T03:44:31Z
ABBV,2014-06-17,33.9,34.05,33.62,34.02,5423144,54.3,54.54,53.85,54.49,3385600,2026-01-17T03:44:31Z
ABBV,2014-06-18,34.07,34.09,33.71,33.88,5345625,54.57,54.61,54,54.27,3337200,2026-01-17T03:44:31Z
ABBV,2014-06-19,33.83,34.22,33.66,33.8,6343238,54.19,54.81,53.92,54.14,3960000,2026-01-17T03:44:31Z
ABBV,2014-06-20,33.27,34.72,33.19,34.72,21556909,53.3,55.62,53.16,55.62,13457700,2026-01-17T03:44:31Z
ABBV,2014-06-23,33.56,33.96,33.42,33.49,9988361,53.75,54.4,53.54,53.64,6235600,2026-01-17T03:44:31Z
ABBV,2014-06-24,33.46,33.68,33.36,33.55,8783630,53.59,53.95,53.43,53.74,5483500,2026-01-17T03:44:31Z
ABBV,2014-06-25,34.34,34.83,33.34,33.41,17756409,55,55.79,53.4,53.52,11085100,2026-01-17T03:44:31Z
ABBV,2014-06-26,35.28,35.3,34.32,34.38,17165961,56.51,56.54,54.97,55.07,10716500,2026-01-17T03:44:31Z
ABBV,2014-06-27,35.45,35.52,35.13,35.32,11999274,56.79,56.9,56.28,56.58,7491000,2026-01-17T03:44:31Z
ABBV,2014-06-30,35.23,35.52,35.02,35.28,10375184,56.44,56.89,56.1,56.51,6477100,2026-01-17T03:44:31Z
ABBV,2014-07-01,35.52,35.71,35.07,35.22,11004710,56.89,57.2,56.17,56.42,6870100,2026-01-17T03:44:31Z
ABBV,2014-07-02,36.28,36.28,35.53,35.87,9930693,58.11,58.11,56.92,57.46,6199600,2026-01-17T03:44:31Z
ABBV,2014-07-03,36.35,36.38,35.99,36.15,6133234,58.22,58.27,57.65,57.9,3828900,2026-01-17T03:44:31Z
ABBV,2014-07-07,35.83,36.3,35.83,36.15,7586569,57.4,58.15,57.39,57.91,4736200,2026-01-17T03:44:31Z
ABBV,2014-07-08,34.77,35.57,34.63,35.38,14892688,55.69,56.97,55.48,56.68,9297300,2026-01-17T03:44:31Z
ABBV,2014-07-09,34.34,34.73,34.22,34.69,18446978,55.01,55.64,54.82,55.56,11516200,2026-01-17T03:44:31Z
ABBV,2014-07-10,34.83,34.88,33.89,34.02,12099554,55.79,55.88,54.28,54.5,7553600,2026-01-17T03:44:31Z
ABBV,2014-07-11,34.57,35.6,34.27,34.81,21609706,54.96,56.6,54.48,55.34,13593000,2026-01-17T03:44:31Z
ABBV,2014-07-14,34.5,34.63,33.79,33.85,49001879,54.85,55.05,53.72,53.82,30823300,2026-01-17T03:44:31Z
ABBV,2014-07-15,33.62,34.4,33.58,34.29,26702828,53.44,54.69,53.39,54.52,16796700,2026-01-17T03:44:31Z
ABBV,2014-07-16,33.75,33.76,32.6,33.49,37066938,53.65,53.67,51.82,53.25,23315900,2026-01-17T03:44:31Z
ABBV,2014-07-17,33.67,34.6,33.26,33.47,29726904,53.52,55,52.88,53.21,18698900,2026-01-17T03:44:31Z
ABBV,2014-07-18,34.54,34.67,33.34,33.36,67506535,54.91,55.12,53,53.03,42463100,2026-01-17T03:44:31Z
ABBV,2014-07-21,33.97,34.25,33.91,34.03,35507329,54,54.45,53.91,54.1,22334900,2026-01-17T03:44:31Z
ABBV,2014-07-22,34,34.21,33.81,33.85,23408042,54.05,54.38,53.75,53.82,14724200,2026-01-17T03:44:31Z
ABBV,2014-07-23,34.27,34.48,34.01,34.27,23864519,54.48,54.81,54.07,54.48,15011300,2026-01-17T03:44:31Z
ABBV,2014-07-24,34.02,34.32,33.95,34.11,18620498,54.08,54.56,53.97,54.22,11712700,2026-01-17T03:44:31Z
ABBV,2014-07-25,33.45,34.27,33.36,34.22,18570250,53.18,54.49,53.03,54.4,11681100,2026-01-17T03:44:31Z
ABBV,2014-07-28,33.8,33.96,33.45,33.62,16638341,53.74,53.99,53.17,53.44,10465900,2026-01-17T03:44:31Z
ABBV,2014-07-29,33.61,33.75,33.49,33.68,25708916,53.43,53.66,53.24,53.55,16171500,2026-01-17T03:44:31Z
ABBV,2014-07-30,33.81,33.9,33.36,33.51,20158457,53.75,53.89,53.03,53.28,12680100,2026-01-17T03:44:31Z
ABBV,2014-07-31,32.92,33.59,32.9,33.42,24609322,52.34,53.4,52.3,53.13,15479800,2026-01-17T03:44:31Z
ABBV,2014-08-01,33.01,33.11,32.55,32.73,18430501,52.48,52.64,51.75,52.03,11593200,2026-01-17T03:44:31Z
ABBV,2014-08-04,33.52,33.59,32.94,33.07,16622939,53.29,53.4,52.37,52.58,10456200,2026-01-17T03:44:31Z
ABBV,2014-08-05,33.21,33.46,32.99,33.19,20323278,52.79,53.19,52.45,52.77,12783800,2026-01-17T03:44:31Z
ABBV,2014-08-06,32.74,33.12,32.31,32.38,28816474,52.05,52.66,51.37,51.48,18126200,2026-01-17T03:44:31Z
ABBV,2014-08-07,32.98,33.16,32.34,32.45,27310352,52.43,52.71,51.42,51.59,17178800,2026-01-17T03:44:31Z
ABBV,2014-08-08,33.23,33.27,32.89,33.16,20867437,52.82,52.89,52.29,52.72,13126100,2026-01-17T03:44:31Z
ABBV,2014-08-11,33.53,33.75,33.19,33.34,16016116,53.31,53.65,52.77,53,10074500,2026-01-17T03:44:31Z
ABBV,2014-08-12,33.24,33.53,33.07,33.48,13552158,52.84,53.3,52.57,53.22,8524600,2026-01-17T03:44:31Z
ABBV,2014-08-13,33.72,33.74,33.18,33.32,14354656,53.6,53.64,52.75,52.97,9029400,2026-01-17T03:44:31Z
ABBV,2014-08-14,34.09,34.11,33.67,33.73,12654088,54.19,54.23,53.53,53.62,7959700,2026-01-17T03:44:31Z
ABBV,2014-08-15,33.9,34.34,33.7,34.18,16071291,53.9,54.59,53.58,54.34,10109200,2026-01-17T03:44:31Z
ABBV,2014-08-18,34.16,34.29,33.87,34.21,11717550,54.31,54.52,53.84,54.39,7370600,2026-01-17T03:44:31Z
ABBV,2014-08-19,34.78,34.79,34.08,34.27,14562618,55.29,55.31,54.18,54.48,9160200,2026-01-17T03:44:31Z
ABBV,2014-08-20,34.63,34.71,34.4,34.48,12102262,55.06,55.18,54.69,54.82,7612600,2026-01-17T03:44:31Z
ABBV,2014-08-21,34.57,34.67,34.4,34.46,12818452,54.96,55.12,54.68,54.79,8063100,2026-01-17T03:44:31Z
ABBV,2014-08-22,34.72,34.77,34.19,34.51,14808073,55.2,55.27,54.36,54.87,9314600,2026-01-17T03:44:31Z
ABBV,2014-08-25,35.14,35.17,34.71,34.84,12008309,55.87,55.92,55.18,55.38,7553500,2026-01-17T03:44:31Z
ABBV,2014-08-26,35.07,35.19,35,35.02,14800425,55.75,55.94,55.64,55.68,9309800,2026-01-17T03:44:31Z
ABBV,2014-08-27,35.04,35.13,34.85,35.13,17523407,55.7,55.85,55.4,55.85,11022600,2026-01-17T03:44:31Z
ABBV,2014-08-28,34.97,35.02,34.75,34.92,11570032,55.6,55.68,55.25,55.52,7277800,2026-01-17T03:44:31Z
ABBV,2014-08-29,34.77,35.1,34.75,35.07,11962039,55.28,55.8,55.24,55.75,7524400,2026-01-17T03:44:31Z
ABBV,2014-09-02,34.64,34.93,34.57,34.87,11692575,55.07,55.53,54.96,55.43,7354900,2026-01-17T03:44:31Z
ABBV,2014-09-03,34.92,34.93,34.49,34.7,12022317,55.51,55.53,54.83,55.16,7562300,2026-01-17T03:44:31Z
ABBV,2014-09-04,34.94,34.97,34.65,34.82,15928369,55.54,55.6,55.09,55.36,10019300,2026-01-17T03:44:31Z
ABBV,2014-09-05,35.19,35.19,34.51,34.9,15761448,55.94,55.94,54.87,55.49,9914300,2026-01-17T03:44:31Z
ABBV,2014-09-08,34.95,35.19,34.83,35.09,10443181,55.57,55.95,55.37,55.78,6569000,2026-01-17T03:44:31Z
ABBV,2014-09-09,35.82,35.97,34.87,34.93,27926054,56.95,57.18,55.43,55.53,17566100,2026-01-17T03:44:31Z
ABBV,2014-09-10,35.97,36.06,35.55,35.79,13894890,57.19,57.32,56.51,56.9,8740200,2026-01-17T03:44:31Z
ABBV,2014-09-11,36.39,36.41,35.76,35.84,15808517,57.85,57.88,56.85,56.97,9943900,2026-01-17T03:44:31Z
ABBV,2014-09-12,36.41,36.97,36.32,36.39,24730769,57.88,58.77,57.74,57.85,15556200,2026-01-17T03:44:31Z
ABBV,2014-09-15,36.44,36.58,36.15,36.33,13723823,57.93,58.15,57.47,57.75,8632600,2026-01-17T03:44:31Z
ABBV,2014-09-16,36.86,36.92,36.14,36.25,14486452,58.6,58.7,57.46,57.63,9112300,2026-01-17T03:44:31Z
ABBV,2014-09-17,37.5,37.75,36.95,37.04,22875823,59.62,60.02,58.75,58.89,14389400,2026-01-17T03:44:31Z
ABBV,2014-09-18,37.4,37.52,37.17,37.49,17456443,59.45,59.65,59.1,59.6,10980500,2026-01-17T03:44:31Z
ABBV,2014-09-19,37.15,37.7,37.12,37.64,22236070,59.06,59.93,59.01,59.84,13987000,2026-01-17T03:44:31Z
ABBV,2014-09-22,36.93,37.3,36.74,37.26,14381841,58.71,59.3,58.41,59.23,9046500,2026-01-17T03:44:31Z
ABBV,2014-09-23,36.21,36.65,35.6,35.73,38479422,57.56,58.27,56.6,56.8,24204400,2026-01-17T03:44:31Z
ABBV,2014-09-24,37.14,37.33,36.24,36.27,25060615,59.05,59.35,57.61,57.66,15763700,2026-01-17T03:44:31Z
ABBV,2014-09-25,36.48,37.43,36.46,36.78,16024231,58,59.5,57.97,58.47,10079600,2026-01-17T03:44:31Z
ABBV,2014-09-26,37.23,37.26,36.55,36.8,25223131,59.19,59.24,58.1,58.5,15865900,2026-01-17T03:44:31Z
ABBV,2014-09-29,36.81,37.01,36.45,36.57,12146306,58.52,58.83,57.94,58.14,7640300,2026-01-17T03:44:31Z
ABBV,2014-09-30,36.33,36.99,36.31,36.65,13670432,57.76,58.81,57.73,58.26,8599000,2026-01-17T03:44:31Z
ABBV,2014-10-01,36,36.45,35.83,36.44,13404946,57.23,57.94,56.96,57.93,8432000,2026-01-17T03:44:31Z
ABBV,2014-10-02,35.65,36.3,35.31,36.19,13309063,56.67,57.7,56.14,57.54,8371700,2026-01-17T03:44:31Z
ABBV,2014-10-03,36.92,36.97,36.07,36.12,18569620,58.69,58.78,57.34,57.42,11680700,2026-01-17T03:44:31Z
ABBV,2014-10-06,36.36,37.11,36.27,36.85,11700532,57.81,58.99,57.66,58.59,7359900,2026-01-17T03:44:31Z
ABBV,2014-10-07,35.63,36.23,35.55,36.23,14187895,56.65,57.6,56.51,57.6,8924500,2026-01-17T03:44:31Z
ABBV,2014-10-08,36.7,36.77,35.34,35.56,17355804,58.34,58.45,56.18,56.54,10917200,2026-01-17T03:44:31Z
ABBV,2014-10-09,35.68,36.83,35.67,36.81,18939097,56.72,58.55,56.71,58.52,11913100,2026-01-17T03:44:31Z
ABBV,2014-10-10,34.84,35.91,34.82,35.48,19107650,54.97,56.67,54.95,55.99,12108800,2026-01-17T03:44:31Z
ABBV,2014-10-13,33.98,34.95,33.95,34.78,26681865,53.62,55.15,53.58,54.88,16908700,2026-01-17T03:44:31Z
ABBV,2014-10-14,34.3,34.75,33.6,33.96,22555244,54.13,54.83,53.02,53.59,14293600,2026-01-17T03:44:31Z
ABBV,2014-10-15,34.62,35.31,32.99,33.16,193684829,54.63,55.72,52.06,52.33,122740800,2026-01-17T03:44:31Z
ABBV,2014-10-16,33.52,35.42,33.49,35.36,96631365,52.9,55.9,52.84,55.8,61236700,2026-01-17T03:44:31Z
ABBV,2014-10-17,33.82,34.16,33.52,33.95,50325571,53.37,53.9,52.9,53.58,31892100,2026-01-17T03:44:31Z
ABBV,2014-10-20,34.48,34.59,33.11,33.31,28332320,54.41,54.59,52.25,52.56,17954600,2026-01-17T03:44:31Z
ABBV,2014-10-21,35.67,35.77,34.87,35.04,27649826,56.29,56.44,55.02,55.3,17522100,2026-01-17T03:44:31Z
ABBV,2014-10-22,36.06,36.41,35.65,36.1,25324781,56.9,57.45,56.26,56.96,16048700,2026-01-17T03:44:31Z
ABBV,2014-10-23,37.72,37.83,36.68,36.82,23242792,59.52,59.7,57.88,58.1,14729300,2026-01-17T03:44:31Z
ABBV,2014-10-24,38.21,38.28,37.6,37.6,16397898,60.29,60.41,59.34,59.34,10391600,2026-01-17T03:44:31Z
ABBV,2014-10-27,38.33,38.64,38.16,38.24,15797014,60.49,60.98,60.21,60.35,10010800,2026-01-17T03:44:31Z
ABBV,2014-10-28,38.61,38.74,38.3,38.51,14852754,60.93,61.13,60.44,60.76,9412400,2026-01-17T03:44:31Z
ABBV,2014-10-29,38.01,38.65,37.62,38.65,26112544,59.98,60.99,59.36,60.99,16547900,2026-01-17T03:44:31Z
ABBV,2014-10-30,38.77,38.93,37.97,38.02,18360296,61.18,61.43,59.91,60,11635200,2026-01-17T03:44:31Z
ABBV,2014-10-31,40.22,40.55,39.52,39.96,23686862,63.46,63.99,62.37,63.06,15010700,2026-01-17T03:44:31Z
ABBV,2014-11-03,40.08,40.49,39.89,40.34,13020039,63.25,63.9,62.94,63.66,8251000,2026-01-17T03:44:31Z
ABBV,2014-11-04,39.71,40.31,39.49,40.16,15372360,62.66,63.61,62.32,63.38,9741700,2026-01-17T03:44:31Z
ABBV,2014-11-05,39.63,40.35,39.42,40.23,10201598,62.54,63.67,62.2,63.49,6464900,2026-01-17T03:44:31Z
ABBV,2014-11-06,39.74,40.17,39.56,39.77,8130462,62.71,63.39,62.42,62.76,5152400,2026-01-17T03:44:31Z
ABBV,2014-11-07,38.97,39.5,38.85,39.49,11049912,61.5,62.33,61.31,62.31,7002500,2026-01-17T03:44:31Z
ABBV,2014-11-10,40.42,40.6,39.21,39.28,15011629,63.79,64.06,61.87,61.99,9513100,2026-01-17T03:44:31Z
ABBV,2014-11-11,40.46,40.68,40.24,40.36,7954995,63.85,64.2,63.5,63.69,5041200,2026-01-17T03:44:31Z
ABBV,2014-11-12,40.41,40.57,40.28,40.28,8468468,63.76,64.02,63.56,63.56,5366600,2026-01-17T03:44:31Z
ABBV,2014-11-13,40.32,41.06,40.18,40.72,7117077,63.63,64.79,63.4,64.25,4510200,2026-01-17T03:44:31Z
ABBV,2014-11-14,40.56,40.56,40.01,40.55,7392590,64,64,63.13,63.98,4684800,2026-01-17T03:44:31Z
ABBV,2014-11-17,41.22,41.45,40.58,40.61,11230607,65.04,65.41,64.03,64.08,7117000,2026-01-17T03:44:31Z
ABBV,2014-11-18,41.86,41.98,41.05,41.05,10149983,66.05,66.24,64.78,64.78,6432200,2026-01-17T03:44:31Z
ABBV,2014-11-19,41.51,41.92,41.33,41.75,9011786,65.5,66.15,65.22,65.88,5710900,2026-01-17T03:44:31Z
ABBV,2014-11-20,41.31,41.62,41.15,41.22,7851317,65.19,65.68,64.93,65.04,4975500,2026-01-17T03:44:31Z
ABBV,2014-11-21,42.69,42.69,41.67,42.09,14463772,67.36,67.36,65.75,66.41,9165900,2026-01-17T03:44:31Z
ABBV,2014-11-24,42.95,43.13,42.71,42.71,12198543,67.78,68.06,67.4,67.4,7730400,2026-01-17T03:44:31Z
ABBV,2014-11-25,43.13,43.23,42.55,42.86,11915146,68.06,68.21,67.15,67.64,7550800,2026-01-17T03:44:31Z
ABBV,2014-11-26,43.54,43.64,43.02,43.31,6384418,68.7,68.86,67.88,68.34,4045900,2026-01-17T03:44:31Z
ABBV,2014-11-28,43.85,44.03,43.66,43.73,4660767,69.2,69.48,68.89,69,2953600,2026-01-17T03:44:31Z
ABBV,2014-12-01,43.8,44.04,43.62,43.78,7708677,69.11,69.5,68.83,69.08,4885100,2026-01-17T03:44:31Z
ABBV,2014-12-02,43.9,44.04,43.51,43.85,10243414,69.27,69.49,68.65,69.2,6491400,2026-01-17T03:44:31Z
ABBV,2014-12-03,43.41,44.03,43.35,43.83,9185827,68.5,69.48,68.41,69.17,5821200,2026-01-17T03:44:31Z
ABBV,2014-12-04,44.09,44.27,43.28,43.31,12103404,69.57,69.86,68.29,68.35,7670100,2026-01-17T03:44:31Z
ABBV,2014-12-05,44.18,44.47,43.94,44.06,6880217,69.71,70.17,69.34,69.52,4360100,2026-01-17T03:44:31Z
ABBV,2014-12-08,43.99,44.84,43.95,44.24,8603392,69.42,70.76,69.35,69.81,5452100,2026-01-17T03:44:31Z
ABBV,2014-12-09,43.81,43.85,42.85,43.23,10791773,69.14,69.19,67.61,68.21,6838900,2026-01-17T03:44:31Z
ABBV,2014-12-10,42.83,44.01,42.8,44.01,13532410,67.58,69.44,67.53,69.44,8575700,2026-01-17T03:44:31Z
ABBV,2014-12-11,42.48,43.07,41.98,42.49,15019375,67.03,67.96,66.24,67.05,9518000,2026-01-17T03:44:31Z
ABBV,2014-12-12,41.36,42.57,41.2,42.16,14551328,65.27,67.17,65.01,66.53,9221400,2026-01-17T03:44:31Z
ABBV,2014-12-15,41.58,42.12,41.07,41.67,11410486,65.62,66.47,64.81,65.75,7231000,2026-01-17T03:44:31Z
ABBV,2014-12-16,41.35,42.42,41.06,41.29,13483034,65.25,66.94,64.8,65.16,8544400,2026-01-17T03:44:31Z
ABBV,2014-12-17,42.19,42.29,41.25,41.51,9365094,66.57,66.74,65.09,65.5,5934800,2026-01-17T03:44:31Z
ABBV,2014-12-18,43.04,43.1,42.59,43,11337436,67.92,68.01,67.2,67.86,7184700,2026-01-17T03:44:31Z
ABBV,2014-12-19,42.91,43.49,42.36,42.9,19931692,67.71,68.62,66.84,67.69,12631000,2026-01-17T03:44:31Z
ABBV,2014-12-22,42.44,43.25,42.35,43.12,20319067,66.97,68.25,66.83,68.04,12876500,2026-01-17T03:44:31Z
ABBV,2014-12-23,40.78,42.66,40.57,42.6,19129874,64.35,67.32,64.02,67.23,12122900,2026-01-17T03:44:31Z
ABBV,2014-12-24,41.96,42.43,41.03,41.03,7437248,66.21,66.95,64.75,64.75,4713100,2026-01-17T03:44:31Z
ABBV,2014-12-26,42.45,42.61,42.15,42.15,6561471,66.98,67.24,66.51,66.51,4158100,2026-01-17T03:44:31Z
ABBV,2014-12-29,42.55,42.69,42.09,42.19,6115844,67.14,67.37,66.42,66.58,3875700,2026-01-17T03:44:31Z
ABBV,2014-12-30,42.02,42.56,41.84,42.31,8787389,66.3,67.16,66.02,66.77,5568700,2026-01-17T03:44:31Z
ABBV,2014-12-31,41.47,42.52,41.41,42.28,6294629,65.44,67.1,65.35,66.72,3989000,2026-01-17T03:44:31Z
ABBV,2015-01-02,41.76,42.08,41.5,41.58,8027579,65.89,66.4,65.49,65.62,5087200,2026-01-17T03:44:31Z
ABBV,2015-01-05,40.97,41.89,40.48,41.51,12635641,64.65,66.1,63.88,65.5,8007400,2026-01-17T03:44:31Z
ABBV,2015-01-06,40.77,41.67,40.37,41.58,8660357,64.33,65.75,63.7,65.62,5488200,2026-01-17T03:44:31Z
ABBV,2015-01-07,42.41,42.49,40.86,41.27,13070873,66.93,67.05,64.48,65.12,8283200,2026-01-17T03:44:31Z
ABBV,2015-01-08,42.86,43.28,42.73,43.19,12543347,67.63,68.29,67.42,68.16,7948900,2026-01-17T03:44:31Z
ABBV,2015-01-09,41.69,42.59,41.26,42.26,13854642,65.78,67.2,65.11,66.69,8779900,2026-01-17T03:44:31Z
ABBV,2015-01-12,41.67,42.41,41.39,42.04,9720142,65.76,66.93,65.31,66.34,6159800,2026-01-17T03:44:31Z
ABBV,2015-01-13,40.47,42.18,40.17,41.96,21783693,63.39,66.07,62.91,65.72,13908300,2026-01-17T03:44:31Z
ABBV,2015-01-14,40.67,40.91,39.5,39.98,14798287,63.7,64.07,61.86,62.62,9448300,2026-01-17T03:44:31Z
ABBV,2015-01-15,40.15,40.93,40.14,40.86,9630806,62.89,64.11,62.87,64,6149000,2026-01-17T03:44:31Z
ABBV,2015-01-16,41.21,41.26,39.99,40.3,12695931,64.54,64.62,62.64,63.12,8106000,2026-01-17T03:44:31Z
ABBV,2015-01-20,40.51,41.69,40.06,41.54,14198411,63.45,65.29,62.75,65.06,9065300,2026-01-17T03:44:31Z
ABBV,2015-01-21,40.03,40.51,39.76,40.29,12497649,62.7,63.45,62.28,63.1,7979400,2026-01-17T03:44:31Z
ABBV,2015-01-22,40.21,40.51,39.51,40.35,14004674,62.98,63.45,61.88,63.2,8941600,2026-01-17T03:44:31Z
ABBV,2015-01-23,39.86,40.65,39.81,40.65,10777295,62.43,63.66,62.35,63.66,6881000,2026-01-17T03:44:31Z
ABBV,2015-01-26,40.12,40.25,39.38,39.75,12813403,62.83,63.04,61.68,62.26,8181000,2026-01-17T03:44:31Z
ABBV,2015-01-27,40.29,40.54,39.71,39.8,10231140,63.1,63.5,62.2,62.33,6532300,2026-01-17T03:44:31Z
ABBV,2015-01-28,39.49,40.58,39.39,40.51,10822868,61.85,63.56,61.69,63.44,6910100,2026-01-17T03:44:31Z
ABBV,2015-01-29,40.3,40.47,39.32,39.66,13290308,63.12,63.38,61.59,62.12,8485500,2026-01-17T03:44:31Z
ABBV,2015-01-30,38.53,40.02,38.38,39.64,27538236,60.35,62.68,60.12,62.09,17582400,2026-01-17T03:44:31Z
ABBV,2015-02-02,38.76,39.26,37.45,39.23,17997633,60.7,61.49,58.65,61.44,11491000,2026-01-17T03:44:31Z
ABBV,2015-02-03,39.36,39.43,38.3,39.33,16792748,61.65,61.76,59.98,61.6,10721700,2026-01-17T03:44:31Z
ABBV,2015-02-04,36.34,37.64,36.17,37.64,48945844,56.91,58.95,56.65,58.95,31250600,2026-01-17T03:44:31Z
ABBV,2015-02-05,37.02,37.2,35.85,36.77,29703096,57.99,58.26,56.15,57.59,18964600,2026-01-17T03:44:31Z
ABBV,2015-02-06,36.33,36.92,36.2,36.85,21756449,56.9,57.83,56.69,57.71,13890900,2026-01-17T03:44:31Z
ABBV,2015-02-09,35.42,35.98,35.23,35.54,35274867,55.48,56.35,55.18,55.67,22522000,2026-01-17T03:44:31Z
ABBV,2015-02-10,36.32,36.4,35.5,35.71,29628369,56.89,57.01,55.6,55.93,18916900,2026-01-17T03:44:31Z
ABBV,2015-02-11,36.2,36.92,35.92,36.49,22994886,56.69,57.83,56.26,57.16,14681600,2026-01-17T03:44:31Z
ABBV,2015-02-12,36.42,36.76,35.86,36.65,18702321,57.05,57.58,56.16,57.4,11940900,2026-01-17T03:44:31Z
ABBV,2015-02-13,37.06,37.09,36.33,36.62,17703515,58.05,58.1,56.9,57.35,11303200,2026-01-17T03:44:31Z
ABBV,2015-02-17,37.49,37.67,36.97,37.64,20031562,58.72,59,57.9,58.95,12789600,2026-01-17T03:44:31Z
ABBV,2015-02-18,37.82,37.98,37.22,37.77,16886558,59.24,59.48,58.3,59.15,10781600,2026-01-17T03:44:31Z
ABBV,2015-02-19,37.67,37.72,37.45,37.62,13572229,59,59.08,58.65,58.92,8665500,2026-01-17T03:44:31Z
ABBV,2015-02-20,39.14,39.16,37.81,38.06,24329763,61.3,61.34,59.22,59.61,15533900,2026-01-17T03:44:31Z
ABBV,2015-02-23,38.67,39.52,38.46,39.29,18141258,60.57,61.9,60.24,61.54,11582700,2026-01-17T03:44:31Z
ABBV,2015-02-24,38.86,39.14,38.64,38.85,12374227,60.87,61.3,60.52,60.85,7900600,2026-01-17T03:44:31Z
ABBV,2015-02-25,38.7,39.01,38.44,38.96,15637008,60.62,61.1,60.21,61.02,9983800,2026-01-17T03:44:31Z
ABBV,2015-02-26,38.64,38.83,38.48,38.53,11477722,60.52,60.81,60.27,60.35,7328200,2026-01-17T03:44:31Z
ABBV,2015-02-27,38.63,38.94,38.55,38.65,13546545,60.5,60.99,60.37,60.53,8649100,2026-01-17T03:44:31Z
ABBV,2015-03-02,38.6,38.79,38.35,38.5,9633629,60.46,60.75,60.06,60.3,6150800,2026-01-17T03:44:31Z
ABBV,2015-03-03,38.07,38.6,37.95,38.45,11623062,59.62,60.45,59.44,60.22,7421000,2026-01-17T03:44:31Z
ABBV,2015-03-04,38.48,38.58,37.69,37.87,13369264,60.27,60.42,59.03,59.32,8535900,2026-01-17T03:44:31Z
ABBV,2015-03-05,36.3,37.98,36.17,36.53,73694262,56.86,59.48,56.65,57.21,47051700,2026-01-17T03:44:31Z
ABBV,2015-03-06,35.52,36.65,35.4,36.36,35793093,55.64,57.4,55.44,56.95,22852900,2026-01-17T03:44:31Z
ABBV,2015-03-09,35.46,35.77,35.28,35.71,23148662,55.54,56.03,55.26,55.93,14779800,2026-01-17T03:44:31Z
ABBV,2015-03-10,35.65,35.95,34.98,35.26,28047724,55.84,56.3,54.78,55.22,17907700,2026-01-17T03:44:31Z
ABBV,2015-03-11,36.15,36.32,35.54,35.88,22912506,56.62,56.88,55.66,56.2,14629000,2026-01-17T03:44:31Z
ABBV,2015-03-12,37.03,37.61,36.17,36.25,28549081,58,58.9,56.65,56.78,18227800,2026-01-17T03:44:31Z
ABBV,2015-03-13,37.03,37.59,36.61,37.11,15841719,58,58.87,57.34,58.12,10114500,2026-01-17T03:44:31Z
ABBV,2015-03-16,37.75,38.12,37.24,37.33,18949287,59.12,59.7,58.33,58.46,12098600,2026-01-17T03:44:31Z
ABBV,2015-03-17,38.14,38.42,37.48,37.49,17202759,59.73,60.18,58.7,58.72,10983500,2026-01-17T03:44:31Z
ABBV,2015-03-18,38.24,38.58,37.83,38.14,18621327,59.89,60.42,59.25,59.74,11889200,2026-01-17T03:44:31Z
ABBV,2015-03-19,39.07,39.25,38.3,38.37,22100422,61.19,61.48,59.99,60.09,14110500,2026-01-17T03:44:31Z
ABBV,2015-03-20,38.56,39.41,38.51,39.27,20851505,60.4,61.73,60.32,61.5,13313100,2026-01-17T03:44:31Z
ABBV,2015-03-23,38.61,39.07,38.07,38.4,12414479,60.48,61.19,59.62,60.15,7926300,2026-01-17T03:44:31Z
ABBV,2015-03-24,38.07,38.83,37.96,38.44,12482766,59.63,60.82,59.45,60.2,7969900,2026-01-17T03:44:31Z
ABBV,2015-03-25,37.17,38.37,37.17,38.36,18198261,58.22,60.09,58.21,60.08,11619100,2026-01-17T03:44:31Z
ABBV,2015-03-26,36.57,37.09,36.53,37.02,16999802,57.27,58.09,57.22,57.98,10853900,2026-01-17T03:44:31Z
ABBV,2015-03-27,36.81,37.06,36.59,36.8,10697574,57.65,58.05,57.31,57.64,6830100,2026-01-17T03:44:31Z
ABBV,2015-03-30,37.18,37.25,36.9,36.99,9055841,58.24,58.34,57.79,57.93,5781900,2026-01-17T03:44:31Z
ABBV,2015-03-31,37.38,37.55,36.85,36.97,19286019,58.54,58.81,57.71,57.9,12313600,2026-01-17T03:44:31Z
ABBV,2015-04-01,36.46,37.34,35.97,37.34,23341947,57.1,58.49,56.33,58.48,14903200,2026-01-17T03:44:31Z
ABBV,2015-04-02,36.4,36.91,36.33,36.67,13762540,57.01,57.81,56.9,57.44,8787000,2026-01-17T03:44:31Z
ABBV,2015-04-06,36.78,36.96,36.19,36.27,16100929,57.61,57.89,56.68,56.81,10280000,2026-01-17T03:44:31Z
ABBV,2015-04-07,37.3,37.51,36.9,37,15930975,58.42,58.75,57.79,57.95,10171500,2026-01-17T03:44:31Z
ABBV,2015-04-08,37.55,37.66,37,37.35,17347326,58.81,58.98,57.95,58.5,11075800,2026-01-17T03:44:31Z
ABBV,2015-04-09,38.51,38.58,37.7,37.8,19887916,60.32,60.43,59.05,59.2,12697900,2026-01-17T03:44:31Z
ABBV,2015-04-10,39.59,39.8,38.51,38.63,28027202,62,62.33,60.32,60.5,17894600,2026-01-17T03:44:31Z
ABBV,2015-04-13,39.4,40.02,39.31,39.86,17709485,61.2,62.16,61.06,61.91,11400800,2026-01-17T03:44:31Z
ABBV,2015-04-14,39.73,39.79,38.95,39.39,20304345,61.72,61.81,60.51,61.18,13071300,2026-01-17T03:44:31Z
ABBV,2015-04-15,39.93,40.36,39.89,39.98,17916716,62.03,62.7,61.97,62.1,11534200,2026-01-17T03:44:31Z
ABBV,2015-04-16,40.29,40.5,39.69,39.78,15247122,62.59,62.91,61.65,61.8,9815600,2026-01-17T03:44:31Z
ABBV,2015-04-17,40.1,40.42,39.83,39.99,15386913,62.29,62.79,61.87,62.12,9905600,2026-01-17T03:44:31Z
ABBV,2015-04-20,40.91,41.2,40.43,40.43,19850483,63.54,64,62.8,62.8,12779100,2026-01-17T03:44:31Z
ABBV,2015-04-21,40.95,41.36,40.73,41.13,13137025,63.61,64.24,63.27,63.89,8457200,2026-01-17T03:44:31Z
ABBV,2015-04-22,41.54,41.67,40.92,40.94,21551557,64.52,64.73,63.56,63.6,13874200,2026-01-17T03:44:31Z
ABBV,2015-04-23,41.36,42.04,40.38,42.01,28589955,64.25,65.31,62.73,65.26,18405300,2026-01-17T03:44:31Z
ABBV,2015-04-24,42.53,42.73,41.29,41.4,23082101,66.07,66.37,64.14,64.31,14859500,2026-01-17T03:44:31Z
ABBV,2015-04-27,41.86,42.91,41.76,42.5,28180332,65.02,66.66,64.86,66.02,18141600,2026-01-17T03:44:31Z
ABBV,2015-04-28,42.8,42.8,41.33,41.56,20325350,66.49,66.49,64.2,64.56,13084800,2026-01-17T03:44:31Z
ABBV,2015-04-29,42.25,42.6,42.17,42.3,15322597,65.63,66.18,65.51,65.7,9864200,2026-01-17T03:44:31Z
ABBV,2015-04-30,41.63,42.44,41.41,42.1,15997238,64.66,65.92,64.32,65.39,10298500,2026-01-17T03:44:31Z
ABBV,2015-05-01,41.41,42.17,41.12,41.9,15332873,64.32,65.5,63.88,65.09,9870800,2026-01-17T03:44:31Z
ABBV,2015-05-04,41.64,42.13,41.21,41.41,13193421,64.68,65.44,64.01,64.32,8493500,2026-01-17T03:44:31Z
ABBV,2015-05-05,41.11,41.78,41.06,41.33,11861267,63.86,64.9,63.78,64.2,7635900,2026-01-17T03:44:31Z
ABBV,2015-05-06,41.16,41.54,40.81,41.27,13166707,63.94,64.53,63.4,64.11,8476300,2026-01-17T03:44:31Z
ABBV,2015-05-07,41.65,41.72,40.94,40.94,13418184,64.7,64.81,63.59,63.59,8638200,2026-01-17T03:44:31Z
ABBV,2015-05-08,42,42.36,41.78,41.84,11714008,65.24,65.8,64.9,64.99,7541100,2026-01-17T03:44:31Z
ABBV,2015-05-11,41.97,42.36,41.9,41.97,12393741,65.2,65.8,65.08,65.19,7978700,2026-01-17T03:44:31Z
ABBV,2015-05-12,41.72,42.02,41.58,41.68,9206578,64.81,65.27,64.59,64.75,5926900,2026-01-17T03:44:31Z
ABBV,2015-05-13,42.04,42.05,41.61,41.83,13233356,65.3,65.32,64.63,64.98,8519200,2026-01-17T03:44:31Z
ABBV,2015-05-14,42.47,42.66,41.81,42.4,9116322,65.97,66.27,64.94,65.86,5868800,2026-01-17T03:44:31Z
ABBV,2015-05-15,42.48,42.82,42.43,42.44,10541542,65.99,66.52,65.91,65.93,6786300,2026-01-17T03:44:31Z
ABBV,2015-05-18,42.24,42.43,41.94,42.35,12206266,65.61,65.91,65.14,65.79,7858000,2026-01-17T03:44:31Z
ABBV,2015-05-19,42.31,42.57,42.1,42.3,11921367,65.73,66.12,65.4,65.71,7674600,2026-01-17T03:44:31Z
ABBV,2015-05-20,42.42,42.62,42.1,42.44,15465033,65.89,66.2,65.39,65.92,9955900,2026-01-17T03:44:31Z
ABBV,2015-05-21,42.26,42.37,41.76,42.13,16393160,65.65,65.81,64.87,65.45,10553400,2026-01-17T03:44:31Z
ABBV,2015-05-22,42.15,42.41,42.04,42.15,21811289,65.48,65.87,65.31,65.48,14041400,2026-01-17T03:44:31Z
ABBV,2015-05-26,42.55,43.13,42.27,42.31,32673699,66.1,67,65.66,65.72,21034300,2026-01-17T03:44:31Z
ABBV,2015-05-27,43.38,43.77,42.86,42.97,63343913,67.38,67.99,66.57,66.75,40778800,2026-01-17T03:44:31Z
ABBV,2015-05-28,43.44,43.47,42.89,43.4,20024928,67.47,67.53,66.63,67.42,12891400,2026-01-17T03:44:31Z
ABBV,2015-05-29,42.87,43.46,42.74,43.27,14680602,66.59,67.51,66.39,67.22,9450900,2026-01-17T03:44:31Z
ABBV,2015-06-01,43.09,43.3,42.66,43,19304467,66.93,67.26,66.26,66.8,12427600,2026-01-17T03:44:31Z
ABBV,2015-06-02,42.89,43.28,42.7,42.92,17294595,66.62,67.23,66.33,66.67,11133700,2026-01-17T03:44:31Z
ABBV,2015-06-03,43.14,43.33,42.89,43.07,32315984,67.01,67.3,66.62,66.9,20804000,2026-01-17T03:44:31Z
ABBV,2015-06-04,43.4,43.69,42.82,42.84,16370818,67.42,67.87,66.52,66.55,10539000,2026-01-17T03:44:31Z
ABBV,2015-06-05,43.39,43.62,42.89,43.12,13838514,67.4,67.76,66.62,66.98,8908800,2026-01-17T03:44:31Z
ABBV,2015-06-08,43.64,43.91,43.47,43.69,15963371,67.79,68.2,67.53,67.87,10276700,2026-01-17T03:44:31Z
ABBV,2015-06-09,43.56,43.83,43.46,43.47,12632960,67.67,68.08,67.51,67.52,8132700,2026-01-17T03:44:31Z
ABBV,2015-06-10,43.93,44.06,43.48,43.56,11416076,68.24,68.44,67.54,67.66,7349300,2026-01-17T03:44:31Z
ABBV,2015-06-11,43.8,44.21,43.55,43.99,11731238,68.04,68.67,67.65,68.34,7552200,2026-01-17T03:44:31Z
ABBV,2015-06-12,43.16,43.73,42.87,43.7,12814567,67.05,67.93,66.59,67.89,8249600,2026-01-17T03:44:31Z
ABBV,2015-06-15,43.07,43.16,42.55,42.9,10917602,66.91,67.05,66.1,66.64,7028400,2026-01-17T03:44:31Z
ABBV,2015-06-16,42.98,43.39,42.89,42.95,8078994,66.77,67.4,66.62,66.72,5201000,2026-01-17T03:44:31Z
ABBV,2015-06-17,43.63,43.77,43.05,43.11,11459266,67.77,67.99,66.88,66.97,7377100,2026-01-17T03:44:31Z
ABBV,2015-06-18,44.41,44.47,43.64,43.64,14102912,68.98,69.07,67.79,67.79,9079000,2026-01-17T03:44:31Z
ABBV,2015-06-19,44.73,44.9,44.1,44.1,15501703,69.48,69.75,68.5,68.5,9979500,2026-01-17T03:44:31Z
ABBV,2015-06-22,45.14,45.45,44.89,44.97,15727409,70.12,70.6,69.73,69.85,10124800,2026-01-17T03:44:31Z
ABBV,2015-06-23,45.08,45.38,44.78,45.07,13545263,70.02,70.49,69.56,70.01,8720000,2026-01-17T03:44:31Z
ABBV,2015-06-24,44.56,45.55,44.44,45.4,14458787,69.22,70.75,69.03,70.52,9308100,2026-01-17T03:44:31Z
ABBV,2015-06-25,44.95,45.31,44.61,44.88,9616969,69.82,70.38,69.29,69.71,6191100,2026-01-17T03:44:31Z
ABBV,2015-06-26,45.36,45.45,44.86,45.03,15020159,70.46,70.6,69.68,69.95,9669500,2026-01-17T03:44:31Z
ABBV,2015-06-29,43.25,45.08,43.18,44.59,18728967,67.18,70.02,67.08,69.27,12057100,2026-01-17T03:44:31Z
ABBV,2015-06-30,43.25,43.92,42.91,43.78,18058979,67.19,68.22,66.66,68,11625800,2026-01-17T03:44:31Z
ABBV,2015-07-01,44.1,44.16,43.57,43.71,11952920,68.51,68.6,67.68,67.9,7694900,2026-01-17T03:44:31Z
ABBV,2015-07-02,43.91,44.36,43.64,44.21,9701790,68.21,68.9,67.79,68.68,6245700,2026-01-17T03:44:31Z
ABBV,2015-07-06,43.92,44.42,43.45,43.47,26452107,68.22,69,67.49,67.53,17029000,2026-01-17T03:44:31Z
ABBV,2015-07-07,44.14,44.28,43.34,44.05,12149727,68.56,68.79,67.32,68.42,7821600,2026-01-17T03:44:31Z
ABBV,2015-07-08,43.56,44.06,43.51,43.64,7808876,67.66,68.44,67.58,67.79,5027100,2026-01-17T03:44:31Z
ABBV,2015-07-09,43.76,44.37,43.65,44.09,10122748,67.97,68.92,67.8,68.48,6516700,2026-01-17T03:44:31Z
ABBV,2015-07-10,44.57,44.74,44.12,44.42,10704623,69.23,69.5,68.53,69,6891300,2026-01-17T03:44:31Z
ABBV,2015-07-13,45.12,45.2,44.86,45.02,8491310,69.57,69.7,69.17,69.42,5507000,2026-01-17T03:44:31Z
ABBV,2015-07-14,45.27,45.73,45.01,45.21,10220095,69.8,70.52,69.4,69.71,6628200,2026-01-17T03:44:31Z
ABBV,2015-07-15,45.24,45.42,44.95,45.27,25844573,69.75,70.04,69.31,69.81,16761400,2026-01-17T03:44:31Z
ABBV,2015-07-16,45.39,45.59,45.29,45.49,10553923,69.99,70.3,69.83,70.14,6844700,2026-01-17T03:44:31Z
ABBV,2015-07-17,45.39,45.48,45.2,45.39,9469188,69.99,70.13,69.7,69.99,6141200,2026-01-17T03:44:31Z
ABBV,2015-07-20,45.92,46.12,45.31,45.4,14853245,70.8,71.11,69.86,70,9633000,2026-01-17T03:44:31Z
ABBV,2015-07-21,45.75,46.44,45.54,45.92,7753503,70.54,71.6,70.22,70.81,5028500,2026-01-17T03:44:31Z
ABBV,2015-07-22,45.76,45.82,45.42,45.57,8792129,70.56,70.65,70.03,70.26,5702100,2026-01-17T03:44:31Z
ABBV,2015-07-23,45.74,46,45.49,45.56,8690990,70.52,70.93,70.14,70.25,5636500,2026-01-17T03:44:31Z
ABBV,2015-07-24,44.15,44.76,43.68,43.85,20808244,68.08,69.02,67.35,67.61,13495100,2026-01-17T03:44:31Z
ABBV,2015-07-27,44.97,46.02,44.4,44.4,19800326,69.34,70.96,68.46,68.46,12841400,2026-01-17T03:44:31Z
ABBV,2015-07-28,46.2,46.33,44.8,45.07,15570688,71.23,71.44,69.08,69.5,10098300,2026-01-17T03:44:31Z
ABBV,2015-07-29,45.9,46.38,45.88,46.23,10474507,70.77,71.51,70.74,71.29,6793200,2026-01-17T03:44:31Z
ABBV,2015-07-30,45.5,45.97,44.92,45.96,10516445,70.16,70.88,69.27,70.86,6820400,2026-01-17T03:44:31Z
ABBV,2015-07-31,45.4,45.65,45.22,45.65,9530859,70.01,70.38,69.73,70.38,6181200,2026-01-17T03:44:31Z
ABBV,2015-08-03,45.22,45.91,44.93,45.52,15222210,69.73,70.79,69.28,70.19,9872300,2026-01-17T03:44:31Z
ABBV,2015-08-04,45.37,45.65,45.18,45.42,8343123,69.95,70.39,69.67,70.04,5410900,2026-01-17T03:44:31Z
ABBV,2015-08-05,45.59,45.81,45.43,45.46,15558028,70.3,70.64,70.05,70.1,10090100,2026-01-17T03:44:31Z
ABBV,2015-08-06,44.91,45.9,44.62,45.64,9516985,69.24,70.78,68.8,70.37,6172200,2026-01-17T03:44:31Z
ABBV,2015-08-07,44.5,44.94,43.95,44.8,9582056,68.62,69.3,67.77,69.08,6214400,2026-01-17T03:44:31Z
ABBV,2015-08-10,44.89,45.03,44.42,44.7,12627342,69.21,69.43,68.5,68.92,8189400,2026-01-17T03:44:31Z
ABBV,2015-08-11,44.26,44.94,44.06,44.42,11522869,68.25,69.29,67.94,68.5,7473100,2026-01-17T03:44:31Z
ABBV,2015-08-12,44.59,44.7,43.61,43.99,13222048,68.75,68.92,67.24,67.83,8575100,2026-01-17T03:44:31Z
ABBV,2015-08-13,44.45,44.81,44.24,44.54,11078484,68.54,69.09,68.21,68.68,7184900,2026-01-17T03:44:31Z
ABBV,2015-08-14,44.52,45.03,44.37,44.46,9042839,68.65,69.44,68.41,68.56,5864700,2026-01-17T03:44:31Z
ABBV,2015-08-17,44.99,45.28,44.3,44.56,27245276,69.37,69.82,68.3,68.71,17669800,2026-01-17T03:44:31Z
ABBV,2015-08-18,44.66,45.23,44.54,45.02,9831856,68.86,69.74,68.67,69.42,6376400,2026-01-17T03:44:31Z
ABBV,2015-08-19,44.48,44.8,44.24,44.59,9668103,68.59,69.08,68.21,68.75,6270200,2026-01-17T03:44:31Z
ABBV,2015-08-20,43.76,44.38,43.76,44.1,14803724,67.48,68.43,67.48,68,9600900,2026-01-17T03:44:31Z
ABBV,2015-08-21,42.74,43.56,42.69,43.28,25097669,65.9,67.16,65.83,66.74,16277000,2026-01-17T03:44:31Z
ABBV,2015-08-24,41.15,42.06,34.94,39.67,37457059,63.45,64.85,53.87,61.17,24292600,2026-01-17T03:44:31Z
ABBV,2015-08-25,39.37,42.23,39.33,42.23,23540367,60.71,65.12,60.65,65.11,15267000,2026-01-17T03:44:31Z
ABBV,2015-08-26,40.95,41,39.48,40.52,23575039,63.14,63.22,60.88,62.47,15289500,2026-01-17T03:44:31Z
ABBV,2015-08-27,41.84,41.9,40.86,41.53,19415741,64.51,64.6,63,64.03,12592000,2026-01-17T03:44:31Z
ABBV,2015-08-28,41.49,42.01,41.14,41.45,11281254,63.98,64.78,63.44,63.91,7316400,2026-01-17T03:44:31Z
ABBV,2015-08-31,40.48,41.71,40.37,41.6,24024697,62.41,64.31,62.25,64.14,15581100,2026-01-17T03:44:31Z
ABBV,2015-09-01,39.24,39.97,39.02,39.73,19587061,60.5,61.63,60.16,61.26,12703100,2026-01-17T03:44:31Z
ABBV,2015-09-02,39.55,39.95,39.09,39.92,18571558,60.98,61.6,60.28,61.56,12044500,2026-01-17T03:44:31Z
ABBV,2015-09-03,39.94,40.39,39.79,39.85,18159572,61.58,62.28,61.35,61.45,11777300,2026-01-17T03:44:31Z
ABBV,2015-09-04,38.76,39.43,38.24,39.33,14311242,59.77,60.8,58.96,60.65,9281500,2026-01-17T03:44:31Z
ABBV,2015-09-08,39.28,39.52,38.85,39.05,14283038,60.57,60.94,59.91,60.22,9263200,2026-01-17T03:44:31Z
ABBV,2015-09-09,38.43,39.9,38.34,39.9,13008804,59.26,61.52,59.11,61.52,8436800,2026-01-17T03:44:31Z
ABBV,2015-09-10,38.64,39,38.19,38.5,14349971,59.58,60.13,58.89,59.36,9306600,2026-01-17T03:44:31Z
ABBV,2015-09-11,38.49,38.76,38.24,38.67,14440457,59.35,59.76,58.97,59.62,9365300,2026-01-17T03:44:31Z
ABBV,2015-09-14,38.23,38.67,37.32,38.54,14024603,58.94,59.62,57.54,59.43,9095600,2026-01-17T03:44:31Z
ABBV,2015-09-15,38.39,38.55,37.86,38.25,16151061,59.2,59.44,58.37,58.98,10474700,2026-01-17T03:44:31Z
ABBV,2015-09-16,38.59,38.68,38.02,38.59,12403307,59.51,59.64,58.62,59.5,8044100,2026-01-17T03:44:31Z
ABBV,2015-09-17,38.82,39.51,38.52,38.63,15853489,59.86,60.92,59.39,59.56,10281700,2026-01-17T03:44:31Z
ABBV,2015-09-18,39.7,40.1,38.24,38.54,44649092,61.22,61.83,58.97,59.42,28957000,2026-01-17T03:44:31Z
ABBV,2015-09-21,38.52,40.04,38.45,39.72,17019630,59.39,61.74,59.29,61.24,11038000,2026-01-17T03:44:31Z
ABBV,2015-09-22,37.45,37.78,36.91,37.73,21882824,57.74,58.26,56.91,58.17,14192000,2026-01-17T03:44:31Z
ABBV,2015-09-23,37.25,37.88,37.06,37.55,15152355,57.43,58.4,57.15,57.9,9827000,2026-01-17T03:44:31Z
ABBV,2015-09-24,36.69,37.28,36.27,36.92,13299612,56.57,57.48,55.92,56.93,8625400,2026-01-17T03:44:31Z
ABBV,2015-09-25,36.15,37.54,35.72,37.51,13373628,55.74,57.88,55.08,57.84,8673400,2026-01-17T03:44:31Z
ABBV,2015-09-28,34.05,35.95,33.95,35.92,23318206,52.5,55.43,52.34,55.39,15122900,2026-01-17T03:44:31Z
ABBV,2015-09-29,34.24,35.15,33.65,34.44,19802475,52.79,54.19,51.88,53.1,12842800,2026-01-17T03:44:31Z
ABBV,2015-09-30,35.29,35.35,34.61,34.72,18341638,54.41,54.5,53.36,53.54,11895400,2026-01-17T03:44:31Z
ABBV,2015-10-01,35.75,35.82,34.98,35.46,14271479,55.13,55.23,53.93,54.68,9255700,2026-01-17T03:44:31Z
ABBV,2015-10-02,36.2,36.22,34.84,34.94,10704725,55.82,55.85,53.72,53.87,6942500,2026-01-17T03:44:31Z
ABBV,2015-10-05,36.76,36.94,35.95,36.57,14390184,56.68,56.95,55.44,56.39,9332700,2026-01-17T03:44:31Z
ABBV,2015-10-06,35.72,36.75,34.99,36.49,13889845,55.08,56.67,53.96,56.26,9008200,2026-01-17T03:44:31Z
ABBV,2015-10-07,36.08,36.67,34.96,35.57,17077436,55.63,56.55,53.91,54.85,11075500,2026-01-17T03:44:31Z
ABBV,2015-10-08,36.34,36.42,35.54,35.75,10388319,56.04,56.16,54.8,55.13,6737300,2026-01-17T03:44:31Z
ABBV,2015-10-09,36.09,36.64,35.98,36.44,11068451,55.64,56.5,55.47,56.18,7178400,2026-01-17T03:44:31Z
ABBV,2015-10-12,36.17,36.49,36.01,36.19,10045551,55.77,56.27,55.52,55.8,6515000,2026-01-17T03:44:31Z
ABBV,2015-10-13,35.21,36.23,35.16,36.11,14465154,53.8,55.36,53.71,55.17,9467900,2026-01-17T03:44:31Z
ABBV,2015-10-14,35.31,35.75,35.06,35.4,13333669,53.94,54.62,53.56,54.09,8727300,2026-01-17T03:44:31Z
ABBV,2015-10-15,36.75,36.78,35.25,35.55,11888808,56.14,56.2,53.85,54.32,7781600,2026-01-17T03:44:31Z
ABBV,2015-10-16,37,37.29,36.52,36.84,11218425,56.53,56.97,55.79,56.29,7342800,2026-01-17T03:44:31Z
ABBV,2015-10-19,36.76,37.11,36.44,36.84,9874235,56.16,56.7,55.68,56.29,6463000,2026-01-17T03:44:31Z
ABBV,2015-10-20,35.89,36.9,35.76,36.75,9922381,54.83,56.38,54.63,56.15,6494500,2026-01-17T03:44:31Z
ABBV,2015-10-21,35.23,36.4,34.74,36.18,17961719,53.83,55.61,53.07,55.28,11756500,2026-01-17T03:44:31Z
ABBV,2015-10-22,31.59,35.63,29.75,35.27,71070154,48.27,54.44,45.45,53.88,46517600,2026-01-17T03:44:31Z
ABBV,2015-10-23,32.95,33.86,31.84,32.34,40051260,50.34,51.73,48.64,49.41,26214800,2026-01-17T03:44:31Z
ABBV,2015-10-26,33.95,34.35,32.3,32.84,21221926,51.87,52.48,49.35,50.17,13890400,2026-01-17T03:44:31Z
ABBV,2015-10-27,34.42,35.01,34.04,34.04,17891916,52.58,53.49,52.01,52.01,11710800,2026-01-17T03:44:31Z
ABBV,2015-10-28,34.86,35.24,34.09,34.57,12022203,53.26,53.84,52.08,52.82,7868900,2026-01-17T03:44:31Z
ABBV,2015-10-29,35.41,36.12,34.7,34.82,14215380,54.1,55.18,53.02,53.2,9304400,2026-01-17T03:44:31Z
ABBV,2015-10-30,38.98,39.75,37.74,37.88,41962283,59.55,60.73,57.66,57.87,27465600,2026-01-17T03:44:31Z
ABBV,2015-11-02,41.48,42.02,40.21,40.32,25985920,63.38,64.2,61.44,61.6,17008600,2026-01-17T03:44:31Z
ABBV,2015-11-03,40.86,41.71,40.53,41.31,13375369,62.43,63.72,61.92,63.12,8754600,2026-01-17T03:44:31Z
ABBV,2015-11-04,41.76,41.99,40.78,40.86,15801533,63.8,64.15,62.3,62.43,10342600,2026-01-17T03:44:31Z
ABBV,2015-11-05,41.08,42.01,40.38,41.69,15640516,62.77,64.18,61.69,63.7,10237200,2026-01-17T03:44:31Z
ABBV,2015-11-06,41.98,42.09,40.67,40.74,11093584,64.13,64.3,62.13,62.25,7261100,2026-01-17T03:44:31Z
ABBV,2015-11-09,41.39,41.98,41.31,41.64,12563497,63.23,64.13,63.11,63.62,8223200,2026-01-17T03:44:31Z
ABBV,2015-11-10,40.78,41.64,40.76,41.45,10538227,62.3,63.62,62.28,63.33,6897600,2026-01-17T03:44:31Z
ABBV,2015-11-11,39.83,40.76,39.65,40.71,12547138,60.86,62.27,60.57,62.2,8212500,2026-01-17T03:44:31Z
ABBV,2015-11-12,39.42,40.4,39.37,39.79,11864220,60.23,61.73,60.15,60.79,7765500,2026-01-17T03:44:31Z
ABBV,2015-11-13,39.18,39.91,38.55,39.28,11969495,59.86,60.97,58.89,60.01,7834400,2026-01-17T03:44:31Z
ABBV,2015-11-16,39.28,39.8,38.98,39.1,10641208,60.01,60.81,59.56,59.74,6965000,2026-01-17T03:44:31Z
ABBV,2015-11-17,39.52,40.4,39.09,39.34,12841708,60.38,61.73,59.73,60.1,8405300,2026-01-17T03:44:31Z
ABBV,2015-11-18,39.92,39.97,39.17,39.44,8357444,60.99,61.06,59.85,60.26,5470200,2026-01-17T03:44:31Z
ABBV,2015-11-19,39.63,40.4,39.36,40.07,8511733,60.55,61.73,60.14,61.22,5571200,2026-01-17T03:44:31Z
ABBV,2015-11-20,40,40.16,39.65,39.89,11443457,61.11,61.36,60.57,60.94,7490100,2026-01-17T03:44:31Z
ABBV,2015-11-23,40.02,40.27,39.82,40.13,9785472,61.15,61.53,60.84,61.31,6404900,2026-01-17T03:44:31Z
ABBV,2015-11-24,40.01,40.35,39.62,39.64,7966769,61.13,61.65,60.53,60.56,5214500,2026-01-17T03:44:31Z
ABBV,2015-11-25,39.46,40.01,39.41,39.99,7455257,60.29,61.13,60.21,61.1,4879700,2026-01-17T03:44:31Z
ABBV,2015-11-27,39.27,39.57,39.02,39.38,3673007,60,60.45,59.61,60.17,2404100,2026-01-17T03:44:31Z
ABBV,2015-11-30,38.06,39.41,37.94,39.25,19342388,58.15,60.21,57.96,59.96,12660200,2026-01-17T03:44:31Z
ABBV,2015-12-01,38.63,38.68,37.41,38.11,17249611,59.02,59.1,57.16,58.23,11290400,2026-01-17T03:44:31Z
ABBV,2015-12-02,37.78,38.87,37.55,38.73,11707629,57.72,59.39,57.37,59.17,7663000,2026-01-17T03:44:31Z
ABBV,2015-12-03,36.73,37.8,36.35,37.77,14821902,56.12,57.75,55.53,57.71,9701400,2026-01-17T03:44:31Z
ABBV,2015-12-04,37.43,37.62,36.78,36.98,10309819,57.18,57.48,56.2,56.5,6748100,2026-01-17T03:44:31Z
ABBV,2015-12-07,36.83,37.96,36.5,37.9,12055794,56.27,57.99,55.76,57.9,7890900,2026-01-17T03:44:31Z
ABBV,2015-12-08,37.09,37.22,36.33,36.37,10535932,56.67,56.87,55.51,55.56,6896100,2026-01-17T03:44:31Z
ABBV,2015-12-09,36.67,37.6,36.47,36.84,9484493,56.03,57.44,55.72,56.28,6207900,2026-01-17T03:44:31Z
ABBV,2015-12-10,36.51,37.08,36.42,36.65,10292571,55.78,56.65,55.65,56,6736800,2026-01-17T03:44:31Z
ABBV,2015-12-11,35.37,36.26,35.25,36.11,14343994,54.04,55.39,53.85,55.17,9388600,2026-01-17T03:44:31Z
ABBV,2015-12-14,36.29,36.31,34.85,35.16,14391066,55.44,55.48,53.24,53.71,9419400,2026-01-17T03:44:31Z
ABBV,2015-12-15,36.91,37.31,36.59,36.75,10679402,56.39,57,55.91,56.15,6990000,2026-01-17T03:44:31Z
ABBV,2015-12-16,37.72,37.76,36.78,37.09,9598481,57.63,57.69,56.2,56.67,6282500,2026-01-17T03:44:31Z
ABBV,2015-12-17,36.9,37.92,36.88,37.74,11991626,56.38,57.93,56.35,57.66,7848900,2026-01-17T03:44:31Z
ABBV,2015-12-18,36.48,36.72,36.23,36.59,21094316,55.74,56.1,55.36,55.9,13806900,2026-01-17T03:44:31Z
ABBV,2015-12-21,36.78,36.82,36.46,36.65,6985162,56.2,56.26,55.7,56,4572000,2026-01-17T03:44:31Z
ABBV,2015-12-22,37.69,37.96,36.93,37.01,12819421,57.59,57.99,56.42,56.54,8390700,2026-01-17T03:44:31Z
ABBV,2015-12-23,38.34,38.36,37.71,37.88,10136120,58.58,58.61,57.61,57.88,6634400,2026-01-17T03:44:31Z
ABBV,2015-12-24,38.26,38.44,37.96,38.21,3289223,58.46,58.73,58,58.38,2152900,2026-01-17T03:44:31Z
ABBV,2015-12-28,38.45,38.6,37.81,38.14,8534048,58.75,58.97,57.76,58.27,5585800,2026-01-17T03:44:31Z
ABBV,2015-12-29,38.91,39.08,38.63,38.63,7751803,59.45,59.7,59.02,59.02,5073800,2026-01-17T03:44:31Z
ABBV,2015-12-30,39.14,39.35,38.82,38.88,7975625,59.8,60.12,59.31,59.4,5220300,2026-01-17T03:44:31Z
ABBV,2015-12-31,38.77,39.23,38.75,38.95,9326987,59.24,59.93,59.2,59.5,6104800,2026-01-17T03:44:31Z
ABBV,2016-01-04,37.71,38.17,36.92,38,15749152,57.61,58.32,56.4,58.06,10308300,2026-01-17T03:44:31Z
ABBV,2016-01-05,37.55,38.13,37.19,37.96,10969087,57.37,58.25,56.82,57.99,7179600,2026-01-17T03:44:31Z
ABBV,2016-01-06,37.56,37.67,36.77,36.9,13677881,57.38,57.56,56.18,56.37,8952600,2026-01-17T03:44:31Z
ABBV,2016-01-07,37.45,37.86,36.88,36.99,14197347,57.21,57.84,56.34,56.52,9292600,2026-01-17T03:44:31Z
ABBV,2016-01-08,36.42,37.84,36.31,37.67,12199863,55.65,57.81,55.48,57.55,7985200,2026-01-17T03:44:31Z
ABBV,2016-01-11,35.27,36.64,34.58,36.56,16016366,53.88,55.98,52.83,55.86,10483200,2026-01-17T03:44:31Z
ABBV,2016-01-12,35.89,35.98,35.06,35.65,10388348,54.84,54.97,53.57,54.47,6799500,2026-01-17T03:44:31Z
ABBV,2016-01-13,33.85,36.13,33.72,36.08,15772790,51.18,54.62,50.98,54.55,10432200,2026-01-17T03:44:31Z
ABBV,2016-01-14,36.09,37.59,33.54,33.94,25256507,54.56,56.83,50.71,51.32,16704800,2026-01-17T03:44:31Z
ABBV,2016-01-15,37.92,37.97,35.06,35.06,40835305,57.34,57.41,53.01,53.01,27008700,2026-01-17T03:44:31Z
ABBV,2016-01-19,36.37,38.18,35.87,38.05,20629396,54.99,57.73,54.23,57.53,13644400,2026-01-17T03:44:31Z
ABBV,2016-01-20,37.8,38.31,35.52,35.85,18132761,57.15,57.93,53.7,54.21,11993100,2026-01-17T03:44:31Z
ABBV,2016-01-21,38.6,38.87,37.65,37.89,18289699,58.36,58.77,56.92,57.29,12096900,2026-01-17T03:44:31Z
ABBV,2016-01-22,38.91,39.31,38.24,39.09,15699592,58.83,59.43,57.82,59.1,10383800,2026-01-17T03:44:31Z
ABBV,2016-01-25,38.79,39.56,38.48,39.04,14638233,58.65,59.81,58.18,59.03,9681800,2026-01-17T03:44:31Z
ABBV,2016-01-26,38.53,39.2,37.84,39.03,11220040,58.26,59.27,57.21,59.01,7421000,2026-01-17T03:44:31Z
ABBV,2016-01-27,37.77,38.98,37.34,38.6,13724851,57.11,58.93,56.45,58.36,9077700,2026-01-17T03:44:31Z
ABBV,2016-01-28,36.94,38.18,36.23,37.85,15907032,55.85,57.73,54.78,57.23,10521000,2026-01-17T03:44:31Z
ABBV,2016-01-29,36.31,36.58,35.33,35.33,26864885,54.9,55.31,53.42,53.42,17768600,2026-01-17T03:44:31Z
ABBV,2016-02-01,35.97,36.3,34.73,35.82,17679342,54.39,54.88,52.51,54.16,11693200,2026-01-17T03:44:31Z
ABBV,2016-02-02,35.68,36.23,35.27,35.48,11971938,53.95,54.78,53.32,53.64,7918300,2026-01-17T03:44:31Z
ABBV,2016-02-03,37.59,37.82,35.75,36.07,24849498,56.84,57.18,54.05,54.53,16435600,2026-01-17T03:44:31Z
ABBV,2016-02-04,37.54,37.91,36.61,37.53,15650297,56.76,57.31,55.35,56.74,10351200,2026-01-17T03:44:31Z
ABBV,2016-02-05,35.13,37.26,34.8,37.2,20053031,53.12,56.34,52.62,56.25,13263200,2026-01-17T03:44:31Z
ABBV,2016-02-08,34.98,35.78,34.35,34.78,14165756,52.89,54.1,51.94,52.58,9369300,2026-01-17T03:44:31Z
ABBV,2016-02-09,35.37,35.68,34.43,34.6,11574884,53.48,53.94,52.06,52.31,7655700,2026-01-17T03:44:31Z
ABBV,2016-02-10,34.87,36.17,34.76,35.79,14065047,52.72,54.69,52.55,54.11,9302700,2026-01-17T03:44:31Z
ABBV,2016-02-11,34.51,35.13,34.27,34.59,12928694,52.18,53.12,51.82,52.3,8551100,2026-01-17T03:44:31Z
ABBV,2016-02-12,34.78,35.03,34.13,34.74,15083184,52.58,52.97,51.6,52.53,9976100,2026-01-17T03:44:31Z
ABBV,2016-02-16,35.39,35.63,34.88,35.35,12568540,53.51,53.87,52.73,53.44,8312900,2026-01-17T03:44:31Z
ABBV,2016-02-17,36.38,36.48,35.29,35.94,15127791,55.01,55.16,53.35,54.34,10005600,2026-01-17T03:44:31Z
ABBV,2016-02-18,36.08,36.73,35.83,36.73,9910704,54.55,55.53,54.17,55.53,6555000,2026-01-17T03:44:31Z
ABBV,2016-02-19,35.91,36.38,35.7,36.05,12900560,54.29,55,53.98,54.5,8532500,2026-01-17T03:44:31Z
ABBV,2016-02-22,36.56,36.59,35.54,36.16,14184639,55.28,55.32,53.74,54.67,9381800,2026-01-17T03:44:31Z
ABBV,2016-02-23,36.42,37.24,36.38,36.84,13047366,55.07,56.31,55,55.7,8629600,2026-01-17T03:44:31Z
ABBV,2016-02-24,36.3,36.42,35.72,36.15,10029838,54.89,55.07,54.01,54.66,6633800,2026-01-17T03:44:31Z
ABBV,2016-02-25,37.17,37.19,36,36.49,10698727,56.2,56.23,54.43,55.17,7076200,2026-01-17T03:44:31Z
ABBV,2016-02-26,37.04,37.56,36.91,37.21,8010065,56,56.79,55.8,56.26,5297900,2026-01-17T03:44:31Z
ABBV,2016-02-29,36.12,37.04,36.03,36.95,12692802,54.61,56,54.47,55.87,8395100,2026-01-17T03:44:31Z
ABBV,2016-03-01,37.26,37.26,35.88,36.23,10743783,56.34,56.34,54.24,54.78,7106000,2026-01-17T03:44:31Z
ABBV,2016-03-02,36.84,37.32,36.64,37.15,10666371,55.7,56.43,55.4,56.17,7054800,2026-01-17T03:44:31Z
ABBV,2016-03-03,36.99,37.1,36.48,36.83,14036627,55.93,56.09,55.15,55.69,9283900,2026-01-17T03:44:31Z
ABBV,2016-03-04,37.14,37.5,36.58,37.04,9736240,56.15,56.7,55.3,56,6439600,2026-01-17T03:44:31Z
ABBV,2016-03-07,37.3,37.37,36.27,36.84,11705064,56.4,56.5,54.83,55.7,7741800,2026-01-17T03:44:31Z
ABBV,2016-03-08,36.59,37.35,36.53,37.16,8018821,55.32,56.47,55.23,56.18,5303700,2026-01-17T03:44:31Z
ABBV,2016-03-09,37.3,37.47,36.4,36.72,12703840,56.39,56.65,55.04,55.51,8402400,2026-01-17T03:44:31Z
ABBV,2016-03-10,37.19,37.95,36.59,37.41,8508857,56.23,57.37,55.32,56.56,5627800,2026-01-17T03:44:31Z
ABBV,2016-03-11,38.18,38.28,37.27,37.3,9884113,57.73,57.87,56.35,56.4,6537400,2026-01-17T03:44:31Z
ABBV,2016-03-14,37.84,38.18,37.68,38.14,7031693,57.21,57.73,56.97,57.67,4650800,2026-01-17T03:44:31Z
ABBV,2016-03-15,36.79,37.65,36.46,37.47,8738203,55.62,56.93,55.13,56.65,5779500,2026-01-17T03:44:31Z
ABBV,2016-03-16,37.24,37.4,36.54,36.76,9442630,56.31,56.54,55.25,55.58,6245400,2026-01-17T03:44:31Z
ABBV,2016-03-17,36.59,37.34,35.99,37.34,12562170,55.32,56.46,54.41,56.46,8308700,2026-01-17T03:44:31Z
ABBV,2016-03-18,37.42,37.44,36.24,36.77,16676158,56.57,56.6,54.8,55.59,11029700,2026-01-17T03:44:31Z
ABBV,2016-03-21,37.05,37.55,36.86,37.38,10028497,56.01,56.78,55.73,56.52,6632900,2026-01-17T03:44:31Z
ABBV,2016-03-22,38.03,38.06,36.87,36.87,11583821,57.5,57.54,55.75,55.75,7661600,2026-01-17T03:44:31Z
ABBV,2016-03-23,37.28,38.03,37.18,37.81,7735651,56.36,57.5,56.22,57.16,5116400,2026-01-17T03:44:31Z
ABBV,2016-03-24,37.12,37.2,36.82,37.13,7981331,56.12,56.25,55.67,56.14,5278900,2026-01-17T03:44:31Z
ABBV,2016-03-28,37.11,37.5,36.91,37.27,5750021,56.11,56.7,55.8,56.35,3803100,2026-01-17T03:44:31Z
ABBV,2016-03-29,37.73,37.77,36.52,37.1,6906350,57.05,57.1,55.22,56.1,4567900,2026-01-17T03:44:31Z
ABBV,2016-03-30,37.7,38.05,37.52,37.98,5518855,57,57.53,56.72,57.43,3650200,2026-01-17T03:44:31Z
ABBV,2016-03-31,37.78,38,37.58,37.71,7454273,57.12,57.46,56.82,57.02,4930300,2026-01-17T03:44:31Z
ABBV,2016-04-01,37.98,38.08,37.28,37.42,8045745,57.42,57.57,56.36,56.58,5321500,2026-01-17T03:44:31Z
ABBV,2016-04-04,39.16,39.29,38.02,38.12,12890585,59.21,59.4,57.49,57.64,8525900,2026-01-17T03:44:31Z
ABBV,2016-04-05,38.72,39.39,38.41,38.72,10779008,58.54,59.56,58.08,58.54,7129300,2026-01-17T03:44:31Z
ABBV,2016-04-06,39.61,39.62,38.71,38.71,10011703,59.89,59.9,58.52,58.52,6621800,2026-01-17T03:44:31Z
ABBV,2016-04-07,39.22,39.62,38.86,39.3,12206293,59.3,59.9,58.76,59.42,8073300,2026-01-17T03:44:31Z
ABBV,2016-04-08,38.67,39.55,38.47,39.35,9184980,58.47,59.8,58.17,59.49,6075000,2026-01-17T03:44:31Z
ABBV,2016-04-11,38.69,39.19,38.53,38.75,7836800,58.5,59.25,58.25,58.59,5183300,2026-01-17T03:44:31Z
ABBV,2016-04-12,39.61,39.72,38.82,39.01,11433372,59.89,60.05,58.69,58.98,7562100,2026-01-17T03:44:31Z
ABBV,2016-04-13,39.44,40.07,39.2,39.98,11086442,59.06,60,58.7,59.87,7403100,2026-01-17T03:44:31Z
ABBV,2016-04-14,39.58,39.73,39.4,39.5,9460713,59.28,59.49,59,59.15,6317500,2026-01-17T03:44:31Z
ABBV,2016-04-15,39.74,39.89,39.25,39.77,7637005,59.51,59.74,58.78,59.55,5099700,2026-01-17T03:44:31Z
ABBV,2016-04-18,39.99,40.28,39.6,39.73,10548392,59.88,60.32,59.3,59.5,7043800,2026-01-17T03:44:31Z
ABBV,2016-04-19,40.18,40.89,39.84,40.13,9703316,60.17,61.23,59.67,60.09,6479500,2026-01-17T03:44:31Z
ABBV,2016-04-20,40.39,40.81,40.04,40.18,7165884,60.48,61.11,59.96,60.17,4785100,2026-01-17T03:44:31Z
ABBV,2016-04-21,40.98,41.02,40.43,40.45,9171992,61.37,61.43,60.54,60.57,6124700,2026-01-17T03:44:31Z
ABBV,2016-04-22,41.01,41.4,40.71,40.93,8326178,61.42,61.99,60.96,61.3,5559900,2026-01-17T03:44:31Z
ABBV,2016-04-25,40.71,40.93,40.57,40.82,6470127,60.97,61.3,60.75,61.13,4320500,2026-01-17T03:44:31Z
ABBV,2016-04-26,40.69,40.93,40.42,40.71,6411871,60.93,61.29,60.53,60.96,4281600,2026-01-17T03:44:31Z
ABBV,2016-04-27,40.53,41.05,40.23,40.69,10002379,60.7,61.48,60.25,60.93,6679200,2026-01-17T03:44:31Z
ABBV,2016-04-28,40.87,41.47,38.42,39.1,24313173,61.2,62.1,57.53,58.56,16235400,2026-01-17T03:44:31Z
ABBV,2016-04-29,40.73,41.03,40.39,40.75,19546824,61,61.45,60.48,61.03,13052600,2026-01-17T03:44:31Z
ABBV,2016-05-02,41.03,41.4,40.53,40.59,14244630,61.44,62,60.7,60.79,9512000,2026-01-17T03:44:31Z
ABBV,2016-05-03,41.25,41.46,40.55,40.73,13951846,61.77,62.09,60.72,60.99,9316500,2026-01-17T03:44:31Z
ABBV,2016-05-04,41.04,41.17,40.74,40.93,13015582,61.46,61.65,61.01,61.3,8691300,2026-01-17T03:44:31Z
ABBV,2016-05-05,41.63,41.67,40.79,41.01,12947902,62.34,62.4,61.09,61.41,8646100,2026-01-17T03:44:31Z
ABBV,2016-05-06,41.74,41.9,41.17,41.4,16294317,62.51,62.75,61.65,62,10880700,2026-01-17T03:44:31Z
ABBV,2016-05-09,42.54,42.65,41.59,41.64,14851712,63.7,63.87,62.28,62.36,9917400,2026-01-17T03:44:31Z
ABBV,2016-05-10,42.56,42.58,42.28,42.41,18125193,63.74,63.76,63.32,63.51,12103300,2026-01-17T03:44:31Z
ABBV,2016-05-11,41.87,42.62,41.83,42.58,14039608,62.7,63.83,62.64,63.77,9375100,2026-01-17T03:44:31Z
ABBV,2016-05-12,41.73,42.12,41.66,41.98,14360521,62.49,63.07,62.39,62.86,9589400,2026-01-17T03:44:31Z
ABBV,2016-05-13,41.4,41.98,41.28,41.5,10991203,62,62.86,61.82,62.15,7339500,2026-01-17T03:44:31Z
ABBV,2016-05-16,41.7,41.81,41.07,41.34,10044605,62.45,62.62,61.5,61.91,6707400,2026-01-17T03:44:31Z
ABBV,2016-05-17,40.23,41.93,39.06,41.7,47215844,60.25,62.79,58.5,62.44,31528900,2026-01-17T03:44:31Z
ABBV,2016-05-18,40.37,40.6,39.77,39.98,15906900,60.46,60.8,59.56,59.87,10622000,2026-01-17T03:44:31Z
ABBV,2016-05-19,39.58,40.3,39.33,40.11,14852459,59.28,60.35,58.9,60.06,9917900,2026-01-17T03:44:31Z
ABBV,2016-05-20,39.86,40.1,39.42,39.82,16861294,59.69,60.05,59.03,59.63,11259300,2026-01-17T03:44:31Z
ABBV,2016-05-23,39.6,39.96,39.48,39.9,9687454,59.3,59.84,59.13,59.75,6468900,2026-01-17T03:44:31Z
ABBV,2016-05-24,40.53,40.67,39.74,39.88,13310149,60.7,60.91,59.52,59.73,8888000,2026-01-17T03:44:31Z
ABBV,2016-05-25,40.88,41.05,40.59,40.79,8772007,61.22,61.47,60.79,61.08,5857600,2026-01-17T03:44:31Z
ABBV,2016-05-26,41.33,41.52,40.67,40.73,9789581,61.9,62.17,60.9,61,6537100,2026-01-17T03:44:31Z
ABBV,2016-05-27,41.88,42.2,41.33,41.4,8637818,62.71,63.2,61.9,61.99,5768000,2026-01-17T03:44:31Z
ABBV,2016-05-31,42.02,42.4,41.83,41.88,10704278,62.93,63.49,62.64,62.71,7147900,2026-01-17T03:44:31Z
ABBV,2016-06-01,41.96,42.18,41.82,42,7913614,62.83,63.17,62.63,62.9,5284400,2026-01-17T03:44:31Z
ABBV,2016-06-02,43.46,43.51,41.95,41.98,17413400,65.09,65.15,62.83,62.87,11628000,2026-01-17T03:44:31Z
ABBV,2016-06-03,43.4,43.65,42.57,43.24,15906276,65,65.37,63.75,64.76,10621600,2026-01-17T03:44:31Z
ABBV,2016-06-06,41.95,42.06,41.31,41.49,24564653,62.82,62.99,61.87,62.13,16403300,2026-01-17T03:44:31Z
ABBV,2016-06-07,42.14,42.46,41.6,41.8,16443015,63.1,63.59,62.3,62.59,10980000,2026-01-17T03:44:31Z
ABBV,2016-06-08,41.22,41.6,40.98,41.54,19726961,61.73,62.3,61.37,62.21,13172900,2026-01-17T03:44:31Z
ABBV,2016-06-09,40.57,41.52,40.41,41.07,17227262,60.75,62.17,60.52,61.5,11503700,2026-01-17T03:44:31Z
ABBV,2016-06-10,40.73,40.74,39.88,40.06,16551289,61,61.01,59.72,59.99,11052300,2026-01-17T03:44:31Z
ABBV,2016-06-13,40.02,40.99,39.97,40.37,17481710,59.93,61.39,59.85,60.46,11673600,2026-01-17T03:44:31Z
ABBV,2016-06-14,40,40.32,39.51,39.7,17311875,59.9,60.38,59.16,59.46,11560200,2026-01-17T03:44:31Z
ABBV,2016-06-15,40.33,40.91,40.07,40.26,11589764,60.4,61.27,60.01,60.29,7739200,2026-01-17T03:44:31Z
ABBV,2016-06-16,40.67,40.69,40.01,40.02,10499576,60.9,60.94,59.91,59.93,7011200,2026-01-17T03:44:31Z
ABBV,2016-06-17,40.07,40.71,39.78,40.65,18831156,60.01,60.97,59.57,60.88,12574700,2026-01-17T03:44:31Z
ABBV,2016-06-20,40.14,40.85,40.11,40.49,10597208,60.11,61.18,60.06,60.64,7076400,2026-01-17T03:44:31Z
ABBV,2016-06-21,40.05,40.33,39.9,40.2,9534100,59.98,60.4,59.75,60.2,6366500,2026-01-17T03:44:31Z
ABBV,2016-06-22,40.33,40.85,40.01,40.07,10061531,60.39,61.18,59.92,60,6718700,2026-01-17T03:44:31Z
ABBV,2016-06-23,40.94,40.95,40.48,40.64,7979058,61.31,61.32,60.62,60.86,5328100,2026-01-17T03:44:31Z
ABBV,2016-06-24,39.97,40.47,39.52,39.57,14793458,59.86,60.6,59.18,59.26,9878500,2026-01-17T03:44:31Z
ABBV,2016-06-27,39.18,39.85,38.95,39.65,11900968,58.68,59.68,58.33,59.38,7947000,2026-01-17T03:44:31Z
ABBV,2016-06-28,40.06,40.15,39.5,39.59,14821914,59.99,60.13,59.15,59.28,9897500,2026-01-17T03:44:31Z
ABBV,2016-06-29,41.27,41.42,40.22,40.45,13939121,61.81,62.03,60.23,60.58,9308000,2026-01-17T03:44:31Z
ABBV,2016-06-30,41.34,41.41,40.83,41.26,11861425,61.91,62.02,61.14,61.79,7920600,2026-01-17T03:44:31Z
ABBV,2016-07-01,41.88,42.22,41.29,41.39,9784336,62.71,63.22,61.83,61.98,6533600,2026-01-17T03:44:31Z
ABBV,2016-07-05,41.35,41.88,41.25,41.73,9424919,61.92,62.71,61.77,62.5,6293600,2026-01-17T03:44:31Z
ABBV,2016-07-06,42.32,42.58,41.27,41.29,13780533,63.37,63.76,61.8,61.84,9202100,2026-01-17T03:44:31Z
ABBV,2016-07-07,42.36,42.57,42.21,42.47,10605436,63.43,63.75,63.21,63.6,7081900,2026-01-17T03:44:31Z
ABBV,2016-07-08,42.84,43.06,41.9,42.39,11863090,64.16,64.48,62.74,63.48,7921700,2026-01-17T03:44:31Z
ABBV,2016-07-11,42.97,43.4,42.78,42.9,14438555,64.35,64.99,64.07,64.25,9641500,2026-01-17T03:44:31Z
ABBV,2016-07-12,43.74,43.95,42.95,43.18,17776588,65.5,65.81,64.32,64.67,11870500,2026-01-17T03:44:31Z
ABBV,2016-07-13,43.63,43.81,43.28,43.66,11407260,64.77,65.04,64.25,64.81,7684200,2026-01-17T03:44:31Z
ABBV,2016-07-14,42.86,43.21,42.4,42.91,17947721,63.62,64.14,62.94,63.7,12090000,2026-01-17T03:44:31Z
ABBV,2016-07-15,42.65,43.23,42.53,42.99,13104364,63.32,64.17,63.13,63.82,8827400,2026-01-17T03:44:31Z
ABBV,2016-07-18,42.82,42.96,42.56,42.59,9478146,63.56,63.77,63.18,63.23,6384700,2026-01-17T03:44:31Z
ABBV,2016-07-19,42.65,43.09,42.5,42.71,8601994,63.32,63.97,63.09,63.41,5794500,2026-01-17T03:44:31Z
ABBV,2016-07-20,42.71,43.04,42.66,42.82,11137989,63.41,63.9,63.33,63.57,7502800,2026-01-17T03:44:31Z
ABBV,2016-07-21,43.04,43.11,42.55,42.59,9672466,63.89,64,63.17,63.23,6515600,2026-01-17T03:44:31Z
ABBV,2016-07-22,42.98,43.17,42.83,43.11,7382168,63.81,64.09,63.58,64,4972800,2026-01-17T03:44:31Z
ABBV,2016-07-25,43.33,43.45,42.92,43.05,10749492,64.32,64.5,63.71,63.91,7241100,2026-01-17T03:44:31Z
ABBV,2016-07-26,43.41,43.6,43.09,43.39,7252127,64.45,64.73,63.96,64.41,4885200,2026-01-17T03:44:31Z
ABBV,2016-07-27,43.72,43.87,43.33,43.4,9234252,64.9,65.12,64.32,64.42,6220400,2026-01-17T03:44:31Z
ABBV,2016-07-28,43.6,43.83,43.06,43.64,9732591,64.72,65.06,63.93,64.79,6556100,2026-01-17T03:44:31Z
ABBV,2016-07-29,44.61,44.73,43.89,43.97,15624449,66.23,66.4,65.15,65.27,10525000,2026-01-17T03:44:31Z
ABBV,2016-08-01,45.09,45.19,44.61,44.61,11280797,66.94,67.08,66.23,66.23,7599000,2026-01-17T03:44:31Z
ABBV,2016-08-02,44.98,45.17,44.49,45.09,13009068,66.78,67.06,66.05,66.93,8763200,2026-01-17T03:44:31Z
ABBV,2016-08-03,44.84,45.13,44.61,45.01,9434056,66.57,67,66.23,66.81,6355000,2026-01-17T03:44:31Z
ABBV,2016-08-04,44.53,45.12,44.51,44.85,7276766,66.1,66.98,66.08,66.58,4901800,2026-01-17T03:44:31Z
ABBV,2016-08-05,44.82,44.86,44.54,44.56,7490090,66.54,66.6,66.12,66.15,5045500,2026-01-17T03:44:31Z
ABBV,2016-08-08,44.69,44.91,44.29,44.72,7881568,66.34,66.67,65.75,66.38,5309200,2026-01-17T03:44:31Z
ABBV,2016-08-09,44.97,45.3,44.63,44.69,8487234,66.76,67.25,66.25,66.34,5717200,2026-01-17T03:44:31Z
ABBV,2016-08-10,44.75,45.11,44.59,44.93,6689197,66.43,66.96,66.19,66.7,4506000,2026-01-17T03:44:31Z
ABBV,2016-08-11,45.1,45.21,44.93,45.04,6304113,66.95,67.11,66.7,66.86,4246600,2026-01-17T03:44:31Z
ABBV,2016-08-12,45.26,45.4,44.83,45.04,7742318,67.19,67.39,66.55,66.86,5215400,2026-01-17T03:44:31Z
ABBV,2016-08-15,45.4,45.89,45.35,45.45,7742156,67.39,68.12,67.32,67.47,5215300,2026-01-17T03:44:31Z
ABBV,2016-08-16,44.96,45.54,44.8,45.22,10610682,66.74,67.61,66.5,67.13,7147600,2026-01-17T03:44:31Z
ABBV,2016-08-17,45.02,45.37,44.7,44.92,11795031,66.83,67.35,66.35,66.69,7945400,2026-01-17T03:44:31Z
ABBV,2016-08-18,44.98,45.42,44.83,44.84,12181593,66.77,67.43,66.55,66.57,8205800,2026-01-17T03:44:31Z
ABBV,2016-08-19,45.2,45.25,44.8,44.84,9960022,67.1,67.18,66.51,66.57,6709300,2026-01-17T03:44:31Z
ABBV,2016-08-22,45.14,45.66,45.08,45.34,11705058,67.01,67.79,66.92,67.31,7884800,2026-01-17T03:44:31Z
ABBV,2016-08-23,44.57,45.46,44.45,45.31,15183133,66.17,67.49,65.99,67.26,10227700,2026-01-17T03:44:31Z
ABBV,2016-08-24,43.83,44.82,43.68,44.67,12694047,65.06,66.53,64.84,66.31,8551000,2026-01-17T03:44:31Z
ABBV,2016-08-25,43.6,44.08,43.29,43.81,9469535,64.72,65.43,64.27,65.04,6378900,2026-01-17T03:44:31Z
ABBV,2016-08-26,43.52,43.8,43.25,43.57,10453320,64.61,65.02,64.21,64.68,7041600,2026-01-17T03:44:31Z
ABBV,2016-08-29,43.46,43.85,43.24,43.68,7569816,64.51,65.09,64.19,64.84,5099200,2026-01-17T03:44:31Z
ABBV,2016-08-30,43.22,43.59,43.19,43.48,8211854,64.16,64.71,64.11,64.54,5531700,2026-01-17T03:44:31Z
ABBV,2016-08-31,43.18,43.41,42.77,43.25,10020449,64.1,64.45,63.5,64.21,6750000,2026-01-17T03:44:31Z
ABBV,2016-09-01,43.13,43.21,42.84,43.18,7610484,64.03,64.14,63.6,64.1,5126600,2026-01-17T03:44:31Z
ABBV,2016-09-02,43.19,43.44,43.02,43.36,6087530,64.12,64.48,63.87,64.37,4100700,2026-01-17T03:44:31Z
ABBV,2016-09-06,43.52,43.72,43.15,43.58,9331922,64.61,64.9,64.05,64.7,6286200,2026-01-17T03:44:31Z
ABBV,2016-09-07,43.77,43.88,43.31,43.36,8482932,64.97,65.14,64.29,64.37,5714300,2026-01-17T03:44:31Z
ABBV,2016-09-08,43.15,43.21,42.73,43.09,12230575,64.06,64.15,63.44,63.96,8238800,2026-01-17T03:44:31Z
ABBV,2016-09-09,42.68,43.11,42.48,42.59,13135670,63.36,64,63.06,63.22,8848500,2026-01-17T03:44:31Z
ABBV,2016-09-12,43.17,43.27,42.21,42.42,9876436,64.08,64.23,62.66,62.98,6653000,2026-01-17T03:44:31Z
ABBV,2016-09-13,42.67,43.21,42.45,42.88,11342095,63.34,64.15,63.01,63.66,7640300,2026-01-17T03:44:31Z
ABBV,2016-09-14,42.67,43.09,42.48,42.71,8743610,63.34,63.96,63.06,63.41,5889900,2026-01-17T03:44:31Z
ABBV,2016-09-15,42.67,42.99,42.38,42.55,11594175,63.35,63.82,62.92,63.17,7810100,2026-01-17T03:44:31Z
ABBV,2016-09-16,42.62,42.97,42.55,42.8,16574861,63.27,63.79,63.17,63.53,11165200,2026-01-17T03:44:31Z
ABBV,2016-09-19,42.38,42.92,42.32,42.86,11732829,62.91,63.71,62.83,63.62,7903500,2026-01-17T03:44:31Z
ABBV,2016-09-20,42.63,42.81,42.28,42.68,7164832,63.28,63.55,62.76,63.36,4826400,2026-01-17T03:44:31Z
ABBV,2016-09-21,43.18,43.28,42.57,42.77,11263430,64.1,64.25,63.19,63.49,7587300,2026-01-17T03:44:31Z
ABBV,2016-09-22,43.84,43.92,43.17,43.19,8040102,65.08,65.2,64.08,64.12,5416000,2026-01-17T03:44:31Z
ABBV,2016-09-23,43.77,44.01,43.62,43.82,7651316,64.98,65.33,64.75,65.05,5154100,2026-01-17T03:44:31Z
ABBV,2016-09-26,43.16,43.7,43.12,43.46,8265013,64.07,64.88,64.02,64.52,5567500,2026-01-17T03:44:31Z
ABBV,2016-09-27,43.5,43.62,42.9,43.08,6469944,64.57,64.75,63.69,63.95,4358300,2026-01-17T03:44:31Z
ABBV,2016-09-28,43.26,43.74,43.03,43.74,8380794,64.22,64.94,63.88,64.94,5645500,2026-01-17T03:44:31Z
ABBV,2016-09-29,42.32,43.32,42.3,43.31,9547030,62.82,64.31,62.8,64.3,6431100,2026-01-17T03:44:31Z
ABBV,2016-09-30,42.49,42.61,42.07,42.22,10874628,63.07,63.25,62.45,62.67,7325400,2026-01-17T03:44:31Z
ABBV,2016-10-03,42.59,42.63,41.93,42.45,6293576,63.23,63.29,62.25,63.02,4239500,2026-01-17T03:44:31Z
ABBV,2016-10-04,42.44,42.8,42.13,42.65,7006003,63,63.53,62.55,63.31,4719400,2026-01-17T03:44:31Z
ABBV,2016-10-05,42.7,42.94,42.44,42.49,6594929,63.39,63.75,63,63.08,4442500,2026-01-17T03:44:31Z
ABBV,2016-10-06,42.32,42.58,42.14,42.55,6600284,62.83,63.21,62.56,63.16,4446100,2026-01-17T03:44:31Z
ABBV,2016-10-07,42.39,42.83,42.1,42.51,5659841,62.93,63.58,62.5,63.1,3812600,2026-01-17T03:44:31Z
ABBV,2016-10-10,42.65,42.88,42.38,42.48,4654380,63.31,63.66,62.92,63.07,3135300,2026-01-17T03:44:31Z
ABBV,2016-10-11,42.03,42.61,41.8,42.49,7880379,62.39,63.26,62.05,63.08,5308400,2026-01-17T03:44:31Z
ABBV,2016-10-12,41.61,42.31,41.48,42.15,6712968,61.21,62.23,61.01,62,4563700,2026-01-17T03:44:31Z
ABBV,2016-10-13,41.57,41.88,41.25,41.44,8808904,61.15,61.61,60.68,60.96,5988600,2026-01-17T03:44:31Z
ABBV,2016-10-14,40.91,41.82,40.89,41.78,8246721,60.17,61.52,60.15,61.45,5606400,2026-01-17T03:44:31Z
ABBV,2016-10-17,40.89,41.27,40.7,40.86,9029560,60.14,60.71,59.86,60.1,6138600,2026-01-17T03:44:31Z
ABBV,2016-10-18,41.84,41.89,41.06,41.21,9789150,61.55,61.62,60.4,60.62,6655000,2026-01-17T03:44:31Z
ABBV,2016-10-19,41.76,42.26,41.59,42.18,8220831,61.43,62.16,61.17,62.04,5588800,2026-01-17T03:44:31Z
ABBV,2016-10-20,41.99,42.14,41.69,41.78,6459378,61.76,61.98,61.33,61.45,4391300,2026-01-17T03:44:31Z
ABBV,2016-10-21,41.46,41.77,41.23,41.73,6386408,60.98,61.44,60.65,61.38,4341700,2026-01-17T03:44:31Z
ABBV,2016-10-24,41.55,41.93,41.48,41.56,5787877,61.12,61.68,61.02,61.13,3934800,2026-01-17T03:44:31Z
ABBV,2016-10-25,41.84,41.92,41.44,41.51,9462158,61.55,61.66,60.95,61.06,6432700,2026-01-17T03:44:31Z
ABBV,2016-10-26,41.48,41.95,41.27,41.82,6708691,61.02,61.71,60.71,61.51,4560800,2026-01-17T03:44:31Z
ABBV,2016-10-27,41.78,41.96,41.2,41.78,9726491,61.46,61.72,60.6,61.45,6612400,2026-01-17T03:44:31Z
ABBV,2016-10-28,39.16,39.7,37.43,39.12,36575433,57.6,58.39,55.06,57.55,24865200,2026-01-17T03:44:31Z
ABBV,2016-10-31,37.92,38.95,37.88,38.79,20866439,55.78,57.3,55.72,57.06,14185700,2026-01-17T03:44:31Z
ABBV,2016-11-01,38.38,38.48,37.85,38.07,14414412,56.45,56.61,55.68,56,9799400,2026-01-17T03:44:31Z
ABBV,2016-11-02,38.61,38.88,38.34,38.38,14384384,56.79,57.19,56.4,56.46,9779000,2026-01-17T03:44:31Z
ABBV,2016-11-03,38,38.95,37.97,38.83,14477808,55.89,57.29,55.85,57.12,9842500,2026-01-17T03:44:31Z
ABBV,2016-11-04,38.1,38.66,37.98,38.12,16455338,56.04,56.87,55.87,56.07,11186900,2026-01-17T03:44:31Z
ABBV,2016-11-07,40.05,41.58,38.51,38.62,26128597,58.91,61.16,56.64,56.81,17763100,2026-01-17T03:44:31Z
ABBV,2016-11-08,39.98,40.52,39.45,39.97,13758077,58.81,59.6,58.03,58.8,9353200,2026-01-17T03:44:31Z
ABBV,2016-11-09,42.58,43.98,41.07,43.58,27497741,62.64,64.7,60.41,64.1,18693900,2026-01-17T03:44:31Z
ABBV,2016-11-10,43.51,44.22,42.69,42.87,23459684,64,65.05,62.79,63.06,15948700,2026-01-17T03:44:31Z
ABBV,2016-11-11,42.9,43.41,42.69,43.2,15005877,63.1,63.85,62.79,63.54,10201500,2026-01-17T03:44:31Z
ABBV,2016-11-14,42.81,43.27,42.32,43.1,12231822,62.97,63.64,62.25,63.4,8315600,2026-01-17T03:44:31Z
ABBV,2016-11-15,42.74,43.09,42.14,43.09,8252448,62.87,63.39,61.98,63.39,5610300,2026-01-17T03:44:31Z
ABBV,2016-11-16,41.84,42.81,41.76,42.6,9665884,61.54,62.97,61.42,62.67,6571200,2026-01-17T03:44:31Z
ABBV,2016-11-17,41.95,42.14,41.56,41.98,7177480,61.7,61.99,61.13,61.75,4879500,2026-01-17T03:44:31Z
ABBV,2016-11-18,41.14,42.24,41.05,41.91,10330745,60.52,62.14,60.39,61.65,7023200,2026-01-17T03:44:31Z
ABBV,2016-11-21,41.08,41.33,40.93,41.27,9308588,60.42,60.8,60.2,60.7,6328300,2026-01-17T03:44:31Z
ABBV,2016-11-22,40.06,41.17,39.84,41.12,12530270,58.93,60.56,58.61,60.49,8518500,2026-01-17T03:44:31Z
