ticker,tradeDate,clsPx,hiPx,loPx,open,stockVolume,unadjClsPx,unadjHiPx,unadjLoPx,unadjOpen,unadjStockVolume,updatedAt
ABT,2006-01-03,12.43,12.56,12.32,12.43,26342593,39.55,39.95,39.19,39.55,8280500,2026-01-17T03:44:33Z
ABT,2006-01-04,12.45,12.57,12.32,12.38,24932574,39.61,39.98,39.18,39.38,7837300,2026-01-17T03:44:33Z
ABT,2006-01-05,12.61,12.72,12.46,12.48,17660204,40.12,40.46,39.65,39.7,5551300,2026-01-17T03:44:33Z
ABT,2006-01-06,12.85,12.88,12.46,12.59,20956072,40.89,40.98,39.63,40.06,6587300,2026-01-17T03:44:33Z
ABT,2006-01-09,13.33,13.44,13.1,13.36,36063020,42.41,42.75,41.68,42.5,11336000,2026-01-17T03:44:33Z
ABT,2006-01-10,13.2,13.38,13.15,13.33,18368120,42,42.56,41.85,42.4,5773800,2026-01-17T03:44:33Z
ABT,2006-01-11,13.11,13.17,13.03,13.15,14643936,41.43,41.61,41.17,41.57,4633500,2026-01-17T03:44:33Z
ABT,2006-01-12,13.08,13.1,13.01,13.05,10680120,41.34,41.39,41.12,41.24,3379300,2026-01-17T03:44:33Z
ABT,2006-01-13,13.03,13.19,12.97,13.12,9149540,41.19,41.67,40.99,41.48,2895000,2026-01-17T03:44:33Z
ABT,2006-01-17,12.99,13.07,12.9,12.92,11988519,41.07,41.31,40.76,40.82,3793300,2026-01-17T03:44:33Z
ABT,2006-01-18,13.04,13.13,12.93,12.99,11429174,41.22,41.5,40.86,41.07,3616300,2026-01-17T03:44:33Z
ABT,2006-01-19,13.14,13.2,12.78,12.99,15936250,41.54,41.73,40.4,41.05,5042400,2026-01-17T03:44:33Z
ABT,2006-01-20,12.77,13.16,12.76,13.16,14904329,40.35,41.6,40.31,41.6,4715900,2026-01-17T03:44:33Z
ABT,2006-01-23,12.82,13.15,12.7,12.81,11998959,40.51,41.55,40.13,40.5,3796600,2026-01-17T03:44:33Z
ABT,2006-01-24,12.68,12.89,12.62,12.83,10202257,40.06,40.75,39.88,40.54,3228100,2026-01-17T03:44:33Z
ABT,2006-01-25,13.34,13.61,13.04,13.05,36282693,42.17,43,41.22,41.26,11480200,2026-01-17T03:44:33Z
ABT,2006-01-26,13.71,13.78,13.51,13.53,23864573,43.32,43.56,42.7,42.75,7551000,2026-01-17T03:44:33Z
ABT,2006-01-27,13.61,13.88,13.55,13.86,18406538,43,43.85,42.83,43.8,5824000,2026-01-17T03:44:33Z
ABT,2006-01-30,13.59,13.68,13.37,13.43,16146074,42.94,43.24,42.26,42.45,5108800,2026-01-17T03:44:33Z
ABT,2006-01-31,13.65,13.66,13.29,13.37,20200992,43.15,43.18,42,42.25,6391800,2026-01-17T03:44:33Z
ABT,2006-02-01,13.64,13.69,13.52,13.53,20295459,43.1,43.27,42.73,42.75,6421700,2026-01-17T03:44:33Z
ABT,2006-02-02,13.42,13.6,13.42,13.54,17628092,42.42,42.99,42.41,42.8,5577700,2026-01-17T03:44:33Z
ABT,2006-02-03,13.44,13.6,13.32,13.32,18353666,42.49,42.98,42.1,42.1,5807300,2026-01-17T03:44:33Z
ABT,2006-02-06,13.42,13.49,13.33,13.38,14641142,42.42,42.64,42.13,42.29,4632600,2026-01-17T03:44:33Z
ABT,2006-02-07,13.32,13.41,13.22,13.35,12639004,42.11,42.37,41.78,42.2,3999100,2026-01-17T03:44:33Z
ABT,2006-02-08,13.31,13.45,13.19,13.37,11554632,42.06,42.5,41.7,42.25,3656000,2026-01-17T03:44:33Z
ABT,2006-02-09,13.34,13.55,13.23,13.35,15390452,42.15,42.84,41.8,42.2,4869700,2026-01-17T03:44:33Z
ABT,2006-02-10,13.44,13.48,13.3,13.38,9480444,42.47,42.62,42.02,42.3,2999700,2026-01-17T03:44:33Z
ABT,2006-02-13,13.55,13.59,13.38,13.48,12653464,42.83,42.95,42.3,42.62,4003700,2026-01-17T03:44:33Z
ABT,2006-02-14,13.84,13.88,13.58,13.6,19573665,43.73,43.86,42.93,42.99,6193300,2026-01-17T03:44:33Z
ABT,2006-02-15,13.97,13.99,13.72,13.78,15444520,44.15,44.23,43.37,43.54,4886800,2026-01-17T03:44:33Z
ABT,2006-02-16,14.04,14.04,13.78,13.92,14625588,44.36,44.36,43.56,44,4627700,2026-01-17T03:44:33Z
ABT,2006-02-17,14.03,14.08,13.86,13.97,14400639,44.34,44.5,43.8,44.15,4556500,2026-01-17T03:44:33Z
ABT,2006-02-21,13.92,14.02,13.77,14,12481569,43.99,44.31,43.53,44.25,3949300,2026-01-17T03:44:33Z
ABT,2006-02-22,13.89,14.04,13.83,13.93,14265667,43.9,44.38,43.72,44.01,4513800,2026-01-17T03:44:33Z
ABT,2006-02-23,13.74,13.88,13.7,13.84,14936933,43.43,43.85,43.3,43.75,4726200,2026-01-17T03:44:33Z
ABT,2006-02-24,13.91,14,13.7,13.73,13084939,43.95,44.25,43.3,43.41,4140200,2026-01-17T03:44:33Z
ABT,2006-02-27,14.06,14.18,13.87,13.87,13199352,44.45,44.81,43.83,43.84,4176400,2026-01-17T03:44:33Z
ABT,2006-02-28,13.98,14.09,13.86,13.94,16815516,44.18,44.52,43.8,44.07,5320600,2026-01-17T03:44:33Z
ABT,2006-03-01,13.92,13.98,13.74,13.98,17453228,44,44.2,43.42,44.18,5522400,2026-01-17T03:44:33Z
ABT,2006-03-02,13.74,13.88,13.62,13.86,17993361,43.44,43.86,43.03,43.8,5693300,2026-01-17T03:44:33Z
ABT,2006-03-03,13.85,14.01,13.69,13.71,10385281,43.78,44.29,43.27,43.32,3286000,2026-01-17T03:44:33Z
ABT,2006-03-06,13.82,13.96,13.78,13.86,10707617,43.68,44.13,43.56,43.8,3388000,2026-01-17T03:44:33Z
ABT,2006-03-07,13.77,13.87,13.61,13.76,11693711,43.53,43.82,43.02,43.49,3700000,2026-01-17T03:44:33Z
ABT,2006-03-08,13.76,13.84,13.72,13.75,10306252,43.48,43.75,43.35,43.45,3261000,2026-01-17T03:44:33Z
ABT,2006-03-09,13.67,13.79,13.61,13.76,20077668,43.19,43.57,43,43.48,6352800,2026-01-17T03:44:33Z
ABT,2006-03-10,13.9,13.91,13.61,13.67,10614097,43.92,43.97,43,43.19,3358400,2026-01-17T03:44:33Z
ABT,2006-03-13,14.22,14.42,14.13,14.17,25519105,44.93,45.58,44.65,44.78,8074500,2026-01-17T03:44:33Z
ABT,2006-03-14,14.29,14.3,14.1,14.11,17719701,45.16,45.2,44.57,44.6,5606700,2026-01-17T03:44:33Z
ABT,2006-03-15,14.32,14.36,14.08,14.24,12381993,45.25,45.39,44.5,45,3917800,2026-01-17T03:44:33Z
ABT,2006-03-16,14.24,14.27,14.2,14.25,11236015,45,45.1,44.88,45.05,3555200,2026-01-17T03:44:33Z
ABT,2006-03-17,14.3,14.39,14.21,14.3,15885090,45.18,45.47,44.92,45.2,5026200,2026-01-17T03:44:33Z
ABT,2006-03-20,14,14.23,13.97,14.21,17600510,44.25,44.96,44.16,44.9,5569000,2026-01-17T03:44:33Z
ABT,2006-03-21,13.9,14.1,13.83,14.07,12575731,43.94,44.56,43.7,44.47,3979100,2026-01-17T03:44:33Z
ABT,2006-03-22,13.95,13.98,13.83,13.92,14697366,44.1,44.2,43.72,43.98,4650400,2026-01-17T03:44:33Z
ABT,2006-03-23,13.88,13.96,13.66,13.86,13614585,43.88,44.12,43.16,43.8,4307800,2026-01-17T03:44:33Z
ABT,2006-03-24,13.88,13.92,13.73,13.83,19012681,43.87,43.98,43.38,43.7,6015800,2026-01-17T03:44:33Z
ABT,2006-03-27,13.75,14.11,13.68,14.11,19076168,43.46,44.6,43.24,44.6,6035900,2026-01-17T03:44:33Z
ABT,2006-03-28,13.59,13.73,13.54,13.68,18923826,42.96,43.38,42.79,43.23,5987700,2026-01-17T03:44:33Z
ABT,2006-03-29,13.58,13.71,13.49,13.62,12544499,42.92,43.34,42.63,43.03,3969200,2026-01-17T03:44:33Z
ABT,2006-03-30,13.49,13.69,13.41,13.57,12958840,42.64,43.28,42.39,42.9,4100300,2026-01-17T03:44:33Z
ABT,2006-03-31,13.44,13.59,13.39,13.49,12761638,42.47,42.96,42.32,42.64,4037900,2026-01-17T03:44:33Z
ABT,2006-04-03,13.57,13.64,13.39,13.39,15374975,42.9,43.1,42.32,42.32,4864800,2026-01-17T03:44:33Z
ABT,2006-04-04,13.48,13.6,13.42,13.59,11951900,42.59,42.99,42.41,42.95,3781700,2026-01-17T03:44:33Z
ABT,2006-04-05,13.5,13.56,13.33,13.44,19491094,42.66,42.85,42.12,42.49,6167200,2026-01-17T03:44:33Z
ABT,2006-04-06,13.56,13.6,13.46,13.5,19267400,42.87,42.98,42.54,42.66,6096400,2026-01-17T03:44:33Z
ABT,2006-04-07,13.32,13.6,13.3,13.56,11255014,42.09,42.99,42.05,42.87,3561200,2026-01-17T03:44:33Z
ABT,2006-04-10,13.35,13.41,13.26,13.32,11651948,42.18,42.39,41.92,42.11,3686800,2026-01-17T03:44:33Z
ABT,2006-04-11,13.21,13.44,13.08,13.39,18985416,41.45,42.17,41.05,42.01,6049500,2026-01-17T03:44:33Z
ABT,2006-04-12,13.27,13.27,13.13,13.21,12507911,41.64,41.64,41.21,41.45,3985500,2026-01-17T03:44:33Z
ABT,2006-04-13,13.22,13.25,13.1,13.21,10821038,41.5,41.58,41.12,41.47,3448000,2026-01-17T03:44:33Z
ABT,2006-04-17,13.11,13.25,13.1,13.19,10023585,41.13,41.57,41.1,41.38,3193900,2026-01-17T03:44:33Z
ABT,2006-04-18,13.28,13.3,13.09,13.09,13619774,41.68,41.75,41.07,41.07,4339800,2026-01-17T03:44:33Z
ABT,2006-04-19,13.17,13.26,13.08,13.12,15474922,41.34,41.62,41.05,41.18,4930900,2026-01-17T03:44:33Z
ABT,2006-04-20,13.35,13.37,13.03,13.17,19861602,41.91,41.97,40.9,41.34,6328700,2026-01-17T03:44:33Z
ABT,2006-04-21,13.38,13.41,13.29,13.4,19346085,42,42.1,41.71,42.05,6164400,2026-01-17T03:44:33Z
ABT,2006-04-24,13.11,13.34,13.09,13.32,14004258,41.14,41.87,41.07,41.82,4462300,2026-01-17T03:44:33Z
ABT,2006-04-25,13.13,13.21,12.92,13.11,14648896,41.2,41.47,40.55,41.14,4667700,2026-01-17T03:44:33Z
ABT,2006-04-26,13.1,13.24,13.05,13.19,10042122,41.11,41.55,40.95,41.4,3199800,2026-01-17T03:44:33Z
ABT,2006-04-27,13.39,13.45,13.04,13.04,16737119,42.03,42.2,40.93,40.93,5333100,2026-01-17T03:44:33Z
ABT,2006-04-28,13.62,13.62,13.34,13.34,18045855,42.74,42.75,41.85,41.85,5750100,2026-01-17T03:44:33Z
ABT,2006-05-01,13.48,13.71,13.43,13.62,14701278,42.32,43.04,42.15,42.75,4684400,2026-01-17T03:44:33Z
ABT,2006-05-02,13.43,13.62,13.37,13.48,12600185,42.15,42.75,41.96,42.31,4014900,2026-01-17T03:44:33Z
ABT,2006-05-03,13.46,13.47,13.32,13.41,14706295,42.25,42.29,41.82,42.1,4686000,2026-01-17T03:44:33Z
ABT,2006-05-04,13.55,13.56,13.43,13.52,16388785,42.53,42.56,42.14,42.44,5222100,2026-01-17T03:44:33Z
ABT,2006-05-05,13.63,13.69,13.38,13.38,9983077,42.77,42.97,42,42,3181000,2026-01-17T03:44:33Z
ABT,2006-05-08,13.53,13.55,13.47,13.48,11314997,42.47,42.54,42.26,42.31,3605400,2026-01-17T03:44:33Z
ABT,2006-05-09,13.46,13.53,13.4,13.48,8637045,42.25,42.45,42.04,42.3,2752100,2026-01-17T03:44:33Z
ABT,2006-05-10,13.32,13.46,13.31,13.46,11174735,41.79,42.25,41.77,42.25,3560700,2026-01-17T03:44:33Z
ABT,2006-05-11,13.39,13.44,13.22,13.29,14225828,42.02,42.17,41.5,41.7,4532900,2026-01-17T03:44:33Z
ABT,2006-05-12,13.2,13.42,13.2,13.38,11570798,41.42,42.11,41.41,42,3686900,2026-01-17T03:44:33Z
ABT,2006-05-15,13.48,13.57,13.19,13.28,15285042,42.3,42.58,41.4,41.67,4870400,2026-01-17T03:44:33Z
ABT,2006-05-16,13.59,13.71,13.51,13.61,14765656,42.66,43.01,42.41,42.72,4704900,2026-01-17T03:44:33Z
ABT,2006-05-17,13.33,13.7,13.32,13.7,16569183,41.83,43,41.79,43,5279600,2026-01-17T03:44:33Z
ABT,2006-05-18,13.37,13.49,13.2,13.25,15915180,41.96,42.33,41.44,41.59,5071200,2026-01-17T03:44:33Z
ABT,2006-05-19,13.33,13.46,13.11,13.46,19816758,41.82,42.25,41.13,42.25,6314400,2026-01-17T03:44:33Z
ABT,2006-05-22,13.3,13.61,13.29,13.32,15674452,41.75,42.71,41.7,41.8,4994500,2026-01-17T03:44:33Z
ABT,2006-05-23,13.3,13.38,13.27,13.32,12048737,41.74,41.98,41.63,41.8,3839200,2026-01-17T03:44:33Z
ABT,2006-05-24,13.43,13.46,13.22,13.26,17458986,42.15,42.24,41.5,41.6,5563100,2026-01-17T03:44:33Z
ABT,2006-05-25,13.54,13.56,13.38,13.51,10897331,42.5,42.55,42,42.4,3472300,2026-01-17T03:44:33Z
ABT,2006-05-26,13.6,13.69,13.54,13.59,8587163,42.67,42.95,42.49,42.65,2736200,2026-01-17T03:44:33Z
ABT,2006-05-30,13.55,13.73,13.42,13.54,19175309,42.54,43.1,42.11,42.5,6110000,2026-01-17T03:44:33Z
ABT,2006-05-31,13.61,13.62,13.49,13.56,16513341,42.7,42.76,42.33,42.56,5261800,2026-01-17T03:44:33Z
ABT,2006-06-01,13.77,13.8,13.57,13.62,12591031,43.22,43.3,42.6,42.75,4012000,2026-01-17T03:44:33Z
ABT,2006-06-02,13.74,13.81,13.67,13.73,10667872,43.13,43.35,42.89,43.1,3399200,2026-01-17T03:44:33Z
ABT,2006-06-05,13.53,13.71,13.5,13.7,10842685,42.46,43.04,42.38,43,3454900,2026-01-17T03:44:33Z
ABT,2006-06-06,13.46,13.64,13.38,13.53,15740411,42.23,42.82,42,42.46,5015500,2026-01-17T03:44:33Z
ABT,2006-06-07,13.67,13.76,13.51,13.54,16103521,42.89,43.17,42.4,42.48,5131200,2026-01-17T03:44:33Z
ABT,2006-06-08,13.76,13.76,13.47,13.54,19378105,43.17,43.19,42.26,42.5,6174600,2026-01-17T03:44:33Z
ABT,2006-06-09,13.7,13.85,13.7,13.77,13617895,43,43.45,42.99,43.22,4339200,2026-01-17T03:44:33Z
ABT,2006-06-12,13.61,13.79,13.6,13.7,10142241,42.72,43.29,42.67,43,3231700,2026-01-17T03:44:33Z
ABT,2006-06-13,13.53,13.76,13.51,13.61,11726456,42.45,43.19,42.4,42.72,3736500,2026-01-17T03:44:33Z
ABT,2006-06-14,13.61,13.69,13.44,13.45,16074600,42.7,42.95,42.19,42.2,5122000,2026-01-17T03:44:33Z
ABT,2006-06-15,13.72,13.76,13.52,13.57,18934587,43.06,43.18,42.44,42.59,6033300,2026-01-17T03:44:33Z
ABT,2006-06-16,13.63,13.68,13.57,13.61,13997948,42.78,42.94,42.58,42.72,4460300,2026-01-17T03:44:33Z
ABT,2006-06-19,13.48,13.69,13.46,13.69,10315750,42.32,42.96,42.24,42.96,3287000,2026-01-17T03:44:33Z
ABT,2006-06-20,13.45,13.53,13.44,13.45,8754760,42.22,42.46,42.18,42.2,2789600,2026-01-17T03:44:33Z
ABT,2006-06-21,13.47,13.56,13.44,13.44,10631444,42.27,42.56,42.19,42.19,3387600,2026-01-17T03:44:33Z
ABT,2006-06-22,13.4,13.53,13.34,13.47,10678529,42.04,42.45,41.85,42.27,3402600,2026-01-17T03:44:33Z
ABT,2006-06-23,13.37,13.45,13.24,13.3,12370431,41.95,42.2,41.56,41.75,3941700,2026-01-17T03:44:33Z
ABT,2006-06-26,13.39,13.44,13.25,13.35,9627193,42.03,42.19,41.57,41.9,3067600,2026-01-17T03:44:33Z
ABT,2006-06-27,13.27,13.46,13.2,13.41,12157042,41.64,42.23,41.44,42.1,3873700,2026-01-17T03:44:33Z
ABT,2006-06-28,13.44,13.59,13.36,13.36,14536490,42.19,42.64,41.92,41.92,4631900,2026-01-17T03:44:33Z
ABT,2006-06-29,13.67,13.7,13.45,13.51,16375288,42.9,42.98,42.2,42.39,5217800,2026-01-17T03:44:33Z
ABT,2006-06-30,13.9,13.9,13.62,13.7,25088665,43.61,43.61,42.75,43,7994200,2026-01-17T03:44:33Z
ABT,2006-07-03,13.89,13.94,13.84,13.92,6703504,43.58,43.74,43.44,43.69,2136000,2026-01-17T03:44:33Z
ABT,2006-07-05,13.9,14.02,13.78,13.83,13561474,43.61,44,43.25,43.4,4321200,2026-01-17T03:44:33Z
ABT,2006-07-06,13.95,14.05,13.89,13.93,10019500,43.78,44.1,43.6,43.7,3192600,2026-01-17T03:44:33Z
ABT,2006-07-07,13.96,14.08,13.93,13.99,12483081,43.8,44.2,43.71,43.9,3977600,2026-01-17T03:44:33Z
ABT,2006-07-10,13.91,14.09,13.88,14.06,10683871,43.65,44.23,43.57,44.14,3404300,2026-01-17T03:44:33Z
ABT,2006-07-11,14.2,14.24,13.89,13.93,18216923,44.56,44.69,43.58,43.73,5804600,2026-01-17T03:44:33Z
ABT,2006-07-12,14.15,14.29,14.12,14.27,20243374,44.11,44.56,44.03,44.5,6493300,2026-01-17T03:44:33Z
ABT,2006-07-13,14.11,14.17,14.04,14.08,24579945,43.99,44.18,43.77,43.9,7884300,2026-01-17T03:44:33Z
ABT,2006-07-14,14.12,14.21,14.06,14.07,14828164,44.01,44.31,43.85,43.87,4756300,2026-01-17T03:44:33Z
ABT,2006-07-17,14.27,14.3,14.08,14.08,14765146,44.48,44.57,43.9,43.9,4736100,2026-01-17T03:44:33Z
ABT,2006-07-18,14.34,14.41,14.15,14.27,22709299,44.7,44.93,44.1,44.5,7284300,2026-01-17T03:44:33Z
ABT,2006-07-19,14.84,15,14.34,14.34,42826354,46.28,46.75,44.7,44.7,13737100,2026-01-17T03:44:33Z
ABT,2006-07-20,14.82,14.98,14.73,14.74,14968742,46.21,46.7,45.92,45.96,4801400,2026-01-17T03:44:33Z
ABT,2006-07-21,15.02,15.07,14.75,14.87,20388314,46.84,46.99,45.98,46.35,6539800,2026-01-17T03:44:33Z
ABT,2006-07-24,15.26,15.27,14.7,14.72,27150555,47.56,47.59,45.84,45.9,8708900,2026-01-17T03:44:33Z
ABT,2006-07-25,15.42,15.46,15.09,15.25,30115040,48.08,48.19,47.05,47.55,9659800,2026-01-17T03:44:33Z
ABT,2006-07-26,15.11,15.39,15.07,15.24,30586831,47.1,47.99,46.97,47.5,9811100,2026-01-17T03:44:33Z
ABT,2006-07-27,15.15,15.3,15.07,15.08,16008111,47.22,47.69,46.98,47,5134800,2026-01-17T03:44:33Z
ABT,2006-07-28,15.34,15.43,15.23,15.25,14164028,47.82,48.11,47.48,47.55,4543300,2026-01-17T03:44:33Z
ABT,2006-07-31,15.32,15.37,15.24,15.3,14290347,47.77,47.92,47.52,47.7,4583800,2026-01-17T03:44:33Z
ABT,2006-08-01,15.24,15.28,15.1,15.22,15245573,47.51,47.63,47.06,47.45,4890200,2026-01-17T03:44:33Z
ABT,2006-08-02,15.12,15.23,15.05,15.17,14321548,47.15,47.48,46.91,47.3,4593800,2026-01-17T03:44:33Z
ABT,2006-08-03,15.15,15.28,15.12,15.12,15043845,47.22,47.65,47.13,47.15,4825500,2026-01-17T03:44:33Z
ABT,2006-08-04,15.15,15.27,15.06,15.27,14094871,47.24,47.6,46.96,47.6,4521100,2026-01-17T03:44:33Z
ABT,2006-08-07,15.18,15.21,14.72,15.15,14248233,47.34,47.43,45.9,47.24,4570300,2026-01-17T03:44:33Z
ABT,2006-08-08,15.29,15.29,15.13,15.23,11687188,47.67,47.67,47.18,47.47,3748800,2026-01-17T03:44:33Z
ABT,2006-08-09,15.18,15.32,15.11,15.32,14172462,47.32,47.77,47.1,47.75,4546000,2026-01-17T03:44:33Z
ABT,2006-08-10,15.31,15.32,15.02,15.1,16766284,47.72,47.75,46.82,47.07,5378000,2026-01-17T03:44:33Z
ABT,2006-08-11,15.21,15.3,15.09,15.24,7784601,47.41,47.69,47.04,47.5,2497000,2026-01-17T03:44:33Z
ABT,2006-08-14,15.38,15.59,15.2,15.21,18063172,47.96,48.59,47.39,47.41,5794000,2026-01-17T03:44:33Z
ABT,2006-08-15,15.61,15.62,15.46,15.51,14265074,48.66,48.69,48.19,48.35,4575700,2026-01-17T03:44:33Z
ABT,2006-08-16,15.81,15.81,15.67,15.72,20988081,49.28,49.28,48.85,49,6732200,2026-01-17T03:44:33Z
ABT,2006-08-17,15.76,15.8,15.6,15.75,19592331,49.13,49.25,48.63,49.09,6284500,2026-01-17T03:44:33Z
ABT,2006-08-18,15.72,15.78,15.6,15.76,15662018,49,49.18,48.64,49.13,5023800,2026-01-17T03:44:33Z
ABT,2006-08-21,15.61,15.7,15.51,15.6,13686771,48.67,48.93,48.34,48.62,4390200,2026-01-17T03:44:33Z
ABT,2006-08-22,15.7,15.74,15.49,15.56,19812187,48.94,49.07,48.28,48.5,6355000,2026-01-17T03:44:33Z
ABT,2006-08-23,15.72,15.77,15.64,15.71,13865366,49,49.16,48.76,48.98,4447500,2026-01-17T03:44:33Z
ABT,2006-08-24,15.66,15.8,15.64,15.66,14550664,48.82,49.26,48.76,48.83,4667300,2026-01-17T03:44:33Z
ABT,2006-08-25,15.65,15.7,15.56,15.57,6906045,48.79,48.96,48.52,48.54,2215200,2026-01-17T03:44:33Z
ABT,2006-08-28,15.7,15.86,15.67,15.71,11536284,48.96,49.43,48.84,48.99,3700400,2026-01-17T03:44:33Z
ABT,2006-08-29,15.7,15.77,15.59,15.65,13650002,48.96,49.15,48.59,48.8,4378400,2026-01-17T03:44:33Z
ABT,2006-08-30,15.45,15.7,15.42,15.69,18144621,48.18,48.95,48.06,48.9,5820100,2026-01-17T03:44:33Z
ABT,2006-08-31,15.62,15.64,15.45,15.5,14915117,48.7,48.75,48.15,48.33,4784200,2026-01-17T03:44:33Z
ABT,2006-09-01,15.52,15.65,15.42,15.65,14376351,48.37,48.8,48.08,48.8,4611400,2026-01-17T03:44:33Z
ABT,2006-09-05,15.51,15.69,15.46,15.58,14851142,48.35,48.9,48.21,48.57,4763700,2026-01-17T03:44:33Z
ABT,2006-09-06,15.37,15.48,15.18,15.46,14527303,47.93,48.26,47.31,48.2,4659800,2026-01-17T03:44:33Z
ABT,2006-09-07,15.36,15.37,15.24,15.3,17678216,47.9,47.92,47.5,47.7,5670500,2026-01-17T03:44:33Z
ABT,2006-09-08,15.69,15.7,15.36,15.36,17978706,48.9,48.96,47.9,47.9,5766900,2026-01-17T03:44:33Z
ABT,2006-09-11,15.6,15.69,15.57,15.61,18105905,48.64,48.9,48.55,48.66,5807700,2026-01-17T03:44:33Z
ABT,2006-09-12,15.65,15.68,15.47,15.56,19543443,48.8,48.87,48.23,48.5,6268800,2026-01-17T03:44:33Z
ABT,2006-09-13,15.78,15.82,15.57,15.65,12911422,49.18,49.32,48.55,48.8,4141500,2026-01-17T03:44:33Z
ABT,2006-09-14,15.77,15.82,15.64,15.7,12055631,49.15,49.32,48.75,48.96,3867000,2026-01-17T03:44:33Z
ABT,2006-09-15,15.87,16,15.8,15.81,21759441,49.48,49.87,49.25,49.3,6979600,2026-01-17T03:44:33Z
ABT,2006-09-18,15.68,15.8,15.65,15.78,13764676,48.88,49.26,48.8,49.2,4415200,2026-01-17T03:44:33Z
ABT,2006-09-19,15.77,15.79,15.5,15.53,15686045,49.16,49.22,48.31,48.42,5031500,2026-01-17T03:44:33Z
ABT,2006-09-20,15.57,15.85,15.55,15.83,14860858,48.55,49.4,48.48,49.35,4766800,2026-01-17T03:44:33Z
ABT,2006-09-21,15.46,15.61,15.39,15.56,14440639,48.2,48.66,47.99,48.5,4632000,2026-01-17T03:44:33Z
ABT,2006-09-22,15.36,15.46,15.29,15.4,9079317,47.9,48.2,47.68,48.01,2912300,2026-01-17T03:44:33Z
ABT,2006-09-25,15.38,15.54,15.33,15.49,14893849,47.95,48.46,47.79,48.28,4777400,2026-01-17T03:44:33Z
ABT,2006-09-26,15.42,15.45,15.25,15.42,15350663,48.07,48.15,47.54,48.06,4923900,2026-01-17T03:44:33Z
ABT,2006-09-27,15.52,15.52,15.26,15.42,15997487,48.37,48.39,47.56,48.07,5131400,2026-01-17T03:44:33Z
ABT,2006-09-28,15.5,15.55,15.38,15.54,14282266,48.33,48.47,47.96,48.45,4581200,2026-01-17T03:44:33Z
ABT,2006-09-29,15.58,15.62,15.41,15.45,11190854,48.56,48.69,48.04,48.15,3589600,2026-01-17T03:44:33Z
ABT,2006-10-02,15.47,15.62,15.32,15.32,11067366,48.24,48.7,47.75,47.75,3550000,2026-01-17T03:44:33Z
ABT,2006-10-03,15.27,15.35,15.01,15.32,22472392,47.61,47.84,46.78,47.75,7208300,2026-01-17T03:44:33Z
ABT,2006-10-04,15.12,15.22,15.01,15.22,22973448,47.14,47.45,46.79,47.45,7369000,2026-01-17T03:44:33Z
ABT,2006-10-05,14.87,15.25,14.84,15.12,37184622,46.35,47.55,46.25,47.14,11927400,2026-01-17T03:44:33Z
ABT,2006-10-06,14.82,14.91,14.78,14.85,23299825,46.19,46.5,46.07,46.3,7473700,2026-01-17T03:44:33Z
ABT,2006-10-09,14.98,15.1,14.87,14.88,14132271,46.7,47.06,46.37,46.39,4533100,2026-01-17T03:44:33Z
ABT,2006-10-10,14.93,15.05,14.77,15.04,17874276,46.55,46.93,46.04,46.9,5733400,2026-01-17T03:44:33Z
ABT,2006-10-11,15,15.1,14.87,14.93,18865378,46.47,46.77,46.05,46.25,6089900,2026-01-17T03:44:33Z
ABT,2006-10-12,14.99,15.12,14.96,15.11,19312449,46.45,46.85,46.35,46.8,6234200,2026-01-17T03:44:33Z
ABT,2006-10-13,15.15,15.18,14.98,15.04,20277661,46.93,47.03,46.41,46.6,6545800,2026-01-17T03:44:33Z
ABT,2006-10-16,15.23,15.29,15.1,15.11,13209978,47.17,47.37,46.77,46.8,4264300,2026-01-17T03:44:33Z
ABT,2006-10-17,15.23,15.34,15.09,15.23,13084565,47.19,47.53,46.75,47.17,4223800,2026-01-17T03:44:33Z
ABT,2006-10-18,15.45,15.57,15.26,15.38,21457284,47.85,48.25,47.27,47.65,6926600,2026-01-17T03:44:33Z
ABT,2006-10-19,15.47,15.62,15.39,15.51,17681670,47.92,48.39,47.69,48.03,5707800,2026-01-17T03:44:33Z
ABT,2006-10-20,15.75,15.78,15.4,15.54,22097929,48.78,48.88,47.72,48.15,7133400,2026-01-17T03:44:33Z
ABT,2006-10-23,15.76,15.8,15.57,15.66,13098820,48.83,48.94,48.24,48.5,4228400,2026-01-17T03:44:33Z
ABT,2006-10-24,15.53,15.68,15.4,15.66,16361140,48.12,48.58,47.72,48.52,5281500,2026-01-17T03:44:33Z
ABT,2006-10-25,15.59,15.61,15.39,15.48,13137814,48.28,48.35,47.69,47.97,4241000,2026-01-17T03:44:33Z
ABT,2006-10-26,15.46,15.59,15.33,15.59,13586072,47.89,48.28,47.5,48.28,4385700,2026-01-17T03:44:33Z
ABT,2006-10-27,15.39,15.41,15.25,15.32,15139917,47.67,47.73,47.25,47.45,4887300,2026-01-17T03:44:33Z
ABT,2006-10-30,15.2,15.39,15.16,15.35,13287799,47.09,47.67,46.95,47.55,4289400,2026-01-17T03:44:33Z
ABT,2006-10-31,15.34,15.37,15.2,15.33,16922140,47.51,47.6,47.08,47.5,5462600,2026-01-17T03:44:33Z
ABT,2006-11-01,15.31,15.35,15.22,15.24,12437697,47.42,47.55,47.15,47.2,4015000,2026-01-17T03:44:33Z
ABT,2006-11-02,15.32,15.39,15.29,15.32,14519125,47.46,47.68,47.35,47.45,4686900,2026-01-17T03:44:33Z
ABT,2006-11-03,15.38,15.43,15.27,15.3,12353142,47.64,47.8,47.31,47.41,3987700,2026-01-17T03:44:33Z
ABT,2006-11-06,15.32,15.38,15.17,15.18,19162778,47.47,47.64,47,47.02,6185900,2026-01-17T03:44:33Z
ABT,2006-11-07,15.45,15.6,15.27,15.29,17058737,47.86,48.32,47.31,47.35,5506700,2026-01-17T03:44:33Z
ABT,2006-11-08,15.26,15.36,15.19,15.33,23156742,47.28,47.57,47.05,47.5,7475200,2026-01-17T03:44:33Z
ABT,2006-11-09,14.8,15.32,14.75,15.27,33008519,45.84,47.46,45.68,47.29,10655400,2026-01-17T03:44:33Z
ABT,2006-11-10,14.84,14.97,14.66,14.77,19669255,45.97,46.38,45.41,45.75,6349400,2026-01-17T03:44:33Z
ABT,2006-11-13,14.74,14.94,14.71,14.8,12662313,45.65,46.29,45.57,45.85,4087500,2026-01-17T03:44:33Z
ABT,2006-11-14,14.91,14.97,14.69,14.69,21745396,46.18,46.38,45.5,45.51,7019600,2026-01-17T03:44:33Z
ABT,2006-11-15,15.17,15.25,15.03,15.04,21793995,46.99,47.25,46.57,46.6,7035300,2026-01-17T03:44:33Z
ABT,2006-11-16,15.33,15.38,15.23,15.3,12542711,47.49,47.63,47.18,47.4,4048900,2026-01-17T03:44:33Z
ABT,2006-11-17,15.39,15.4,15.24,15.27,14152025,47.67,47.71,47.2,47.3,4568400,2026-01-17T03:44:33Z
ABT,2006-11-20,15.42,15.47,15.31,15.32,12424730,47.76,47.92,47.42,47.45,4010800,2026-01-17T03:44:33Z
ABT,2006-11-21,15.33,15.43,15.3,15.4,11495032,47.49,47.8,47.4,47.7,3710700,2026-01-17T03:44:33Z
ABT,2006-11-22,15.35,15.37,15.26,15.29,7306520,47.55,47.61,47.28,47.38,2358600,2026-01-17T03:44:33Z
ABT,2006-11-24,15.16,15.24,15.12,15.2,6012566,46.95,47.2,46.84,47.08,1940900,2026-01-17T03:44:33Z
ABT,2006-11-27,14.98,15.13,14.92,15.07,16085064,46.39,46.88,46.22,46.69,5192400,2026-01-17T03:44:33Z
ABT,2006-11-28,14.98,15.11,14.93,14.97,15294531,46.4,46.8,46.24,46.38,4937200,2026-01-17T03:44:33Z
ABT,2006-11-29,15.1,15.14,15.03,15.04,10772059,46.77,46.91,46.55,46.6,3477300,2026-01-17T03:44:33Z
ABT,2006-11-30,15.06,15.17,14.99,15.15,14254314,46.66,47,46.45,46.92,4601400,2026-01-17T03:44:33Z
ABT,2006-12-01,15.03,15.16,14.93,15.14,15355844,46.57,46.95,46.25,46.9,4957000,2026-01-17T03:44:33Z
ABT,2006-12-04,15.53,15.63,15.23,15.49,30282947,48.1,48.43,47.19,48,9775600,2026-01-17T03:44:33Z
ABT,2006-12-05,15.59,15.72,15.55,15.56,14861464,48.29,48.7,48.16,48.2,4797400,2026-01-17T03:44:33Z
ABT,2006-12-06,15.5,15.7,15.45,15.68,15385007,48.01,48.63,47.87,48.57,4966400,2026-01-17T03:44:33Z
ABT,2006-12-07,15.51,15.66,15.48,15.6,11085842,48.04,48.51,47.97,48.32,3578600,2026-01-17T03:44:33Z
ABT,2006-12-08,15.48,15.59,15.43,15.56,9351051,47.96,48.29,47.81,48.19,3018600,2026-01-17T03:44:33Z
ABT,2006-12-11,15.44,15.53,15.36,15.46,10536898,47.82,48.11,47.57,47.9,3401400,2026-01-17T03:44:33Z
ABT,2006-12-12,15.49,15.51,15.39,15.48,10813208,47.99,48.03,47.68,47.95,3490600,2026-01-17T03:44:33Z
ABT,2006-12-13,15.48,15.57,15.45,15.49,8119052,47.96,48.22,47.87,48,2620900,2026-01-17T03:44:33Z
ABT,2006-12-14,15.53,15.62,15.49,15.53,12092919,48.1,48.39,48,48.12,3903700,2026-01-17T03:44:33Z
ABT,2006-12-15,15.65,15.71,15.46,15.53,20690634,48.47,48.65,47.9,48.1,6679100,2026-01-17T03:44:33Z
ABT,2006-12-18,15.54,15.6,15.45,15.59,10321891,48.13,48.34,47.85,48.3,3332000,2026-01-17T03:44:33Z
ABT,2006-12-19,15.58,15.6,15.45,15.56,10933443,48.26,48.32,47.87,48.19,3529400,2026-01-17T03:44:33Z
ABT,2006-12-20,15.48,15.61,15.31,15.53,11986416,47.95,48.37,47.43,48.12,3869300,2026-01-17T03:44:33Z
ABT,2006-12-21,15.49,15.49,15.32,15.45,11977386,48,48,47.46,47.86,3866400,2026-01-17T03:44:33Z
ABT,2006-12-22,15.41,15.51,15.39,15.51,9772388,47.73,48.05,47.68,48.03,3154600,2026-01-17T03:44:33Z
ABT,2006-12-26,15.57,15.59,15.39,15.4,7878692,48.23,48.28,47.67,47.71,2543300,2026-01-17T03:44:33Z
ABT,2006-12-27,15.82,15.82,15.62,15.66,19940634,49,49,48.39,48.5,6437000,2026-01-17T03:44:33Z
ABT,2006-12-28,15.79,15.85,15.71,15.74,10280101,48.93,49.1,48.65,48.75,3318500,2026-01-17T03:44:33Z
ABT,2006-12-29,15.72,15.81,15.66,15.75,12473649,48.71,48.99,48.5,48.8,4026600,2026-01-17T03:44:33Z
ABT,2007-01-03,15.81,15.98,15.74,15.76,16669049,48.97,49.49,48.75,48.83,5380900,2026-01-17T03:44:33Z
ABT,2007-01-04,16.11,16.22,15.81,15.84,31496158,49.9,50.24,48.97,49.06,10167200,2026-01-17T03:44:33Z
ABT,2007-01-05,16.11,16.14,15.9,16.11,21774578,49.9,50,49.27,49.9,7029000,2026-01-17T03:44:33Z
ABT,2007-01-08,16.17,16.18,16.02,16.08,18927998,50.08,50.13,49.64,49.82,6110100,2026-01-17T03:44:33Z
ABT,2007-01-09,16.31,16.35,16.14,16.19,25222362,50.52,50.66,50,50.15,8142000,2026-01-17T03:44:33Z
ABT,2007-01-10,16.36,16.38,16.23,16.31,20657935,50.39,50.44,50,50.22,6707700,2026-01-17T03:44:33Z
ABT,2007-01-11,16.35,16.55,16.29,16.38,18550372,50.35,50.98,50.17,50.44,6023400,2026-01-17T03:44:33Z
ABT,2007-01-12,16.38,16.39,16.24,16.26,16534152,50.45,50.49,50.01,50.07,5368700,2026-01-17T03:44:33Z
ABT,2007-01-16,16.43,16.52,16.36,16.4,18046864,50.61,50.88,50.38,50.51,5859900,2026-01-17T03:44:33Z
ABT,2007-01-17,16.74,16.75,16.41,16.44,24892810,51.55,51.6,50.55,50.64,8082800,2026-01-17T03:44:33Z
ABT,2007-01-18,17.14,17.18,16.87,16.89,40130454,52.79,52.92,51.96,52,13030500,2026-01-17T03:44:33Z
ABT,2007-01-19,17.38,17.45,17.26,17.32,37454328,53.52,53.75,53.15,53.34,12161600,2026-01-17T03:44:33Z
ABT,2007-01-22,17.31,17.36,17.2,17.27,21948626,53.32,53.46,52.98,53.2,7126800,2026-01-17T03:44:33Z
ABT,2007-01-23,17.33,17.39,17.21,17.24,23959666,53.38,53.55,53,53.1,7779800,2026-01-17T03:44:33Z
ABT,2007-01-24,17.39,17.48,17.17,17.33,23632909,53.55,53.85,52.88,53.38,7673700,2026-01-17T03:44:33Z
ABT,2007-01-25,17.08,17.37,17.02,17.24,26714150,52.59,53.5,52.42,53.1,8674200,2026-01-17T03:44:33Z
ABT,2007-01-26,17.06,17.13,16.87,17.11,21047471,52.55,52.76,51.95,52.7,6834200,2026-01-17T03:44:33Z
ABT,2007-01-29,17.1,17.13,16.73,16.86,26123812,52.66,52.75,51.51,51.91,8482500,2026-01-17T03:44:33Z
ABT,2007-01-30,17.27,17.28,17.12,17.13,22096440,53.19,53.22,52.72,52.75,7174800,2026-01-17T03:44:33Z
ABT,2007-01-31,17.21,17.29,17.07,17.13,18101114,53,53.24,52.57,52.75,5877500,2026-01-17T03:44:33Z
ABT,2007-02-01,17.17,17.2,16.96,17.05,17530735,52.87,52.98,52.23,52.5,5692300,2026-01-17T03:44:33Z
ABT,2007-02-02,17.1,17.21,17.03,17.06,14276969,52.67,53,52.44,52.55,4635800,2026-01-17T03:44:33Z
ABT,2007-02-05,17.05,17.1,16.94,17.02,10324454,52.5,52.65,52.18,52.4,3352400,2026-01-17T03:44:33Z
ABT,2007-02-06,17.03,17.13,16.95,17.11,10523720,52.46,52.75,52.21,52.7,3417100,2026-01-17T03:44:33Z
ABT,2007-02-07,17.03,17.09,16.94,17.05,10844353,52.45,52.63,52.17,52.5,3521200,2026-01-17T03:44:33Z
ABT,2007-02-08,16.93,17.06,16.9,17.02,14870437,52.14,52.55,52.06,52.4,4828500,2026-01-17T03:44:33Z
ABT,2007-02-09,16.97,17.09,16.93,17,11661683,52.27,52.63,52.14,52.35,3786600,2026-01-17T03:44:33Z
ABT,2007-02-12,17.12,17.14,16.96,17,13316123,52.72,52.78,52.24,52.34,4323800,2026-01-17T03:44:33Z
ABT,2007-02-13,17.12,17.14,17.05,17.09,11958854,52.71,52.79,52.52,52.64,3883100,2026-01-17T03:44:33Z
ABT,2007-02-14,17.11,17.27,17.1,17.11,15653949,52.7,53.18,52.67,52.7,5082900,2026-01-17T03:44:33Z
ABT,2007-02-15,17.14,17.17,16.91,17.07,12775614,52.8,52.89,52.08,52.58,4148300,2026-01-17T03:44:33Z
ABT,2007-02-16,17.04,17.14,16.98,17.06,12446114,52.49,52.8,52.28,52.53,4041300,2026-01-17T03:44:33Z
ABT,2007-02-20,17.07,17.1,16.98,17.04,14054676,52.58,52.67,52.28,52.49,4563600,2026-01-17T03:44:33Z
ABT,2007-02-21,17.12,17.14,17.01,17.05,13313314,52.71,52.78,52.39,52.5,4322900,2026-01-17T03:44:33Z
ABT,2007-02-22,17.41,17.43,17.1,17.11,21261551,53.62,53.69,52.65,52.71,6903700,2026-01-17T03:44:33Z
ABT,2007-02-23,17.4,17.46,17.27,17.31,15429425,53.59,53.77,53.2,53.32,5010000,2026-01-17T03:44:33Z
ABT,2007-02-26,17.69,17.75,17.37,17.45,23661279,54.47,54.66,53.49,53.75,7682900,2026-01-17T03:44:33Z
ABT,2007-02-27,17.48,17.83,17.02,17.56,36561840,53.84,54.9,52.4,54.08,11871800,2026-01-17T03:44:33Z
ABT,2007-02-28,17.74,17.88,17.29,17.39,36591545,54.62,55.06,53.24,53.57,11881400,2026-01-17T03:44:33Z
ABT,2007-03-01,17.46,17.76,17.35,17.45,30867770,53.78,54.7,53.43,53.75,10022900,2026-01-17T03:44:33Z
ABT,2007-03-02,17.21,17.42,17.07,17.38,23865985,53.01,53.65,52.58,53.53,7749400,2026-01-17T03:44:33Z
ABT,2007-03-05,17.13,17.4,17.12,17.14,22658839,52.75,53.59,52.72,52.8,7357400,2026-01-17T03:44:33Z
ABT,2007-03-06,17.17,17.23,17,17.21,30323308,52.87,53.08,52.37,53,9846100,2026-01-17T03:44:33Z
ABT,2007-03-07,17.11,17.21,17.06,17.1,24897069,52.69,52.99,52.55,52.65,8084200,2026-01-17T03:44:33Z
ABT,2007-03-08,17.34,17.39,17.01,17.11,24460423,53.4,53.57,52.38,52.69,7942400,2026-01-17T03:44:33Z
ABT,2007-03-09,17.66,17.68,17.45,17.52,32359534,54.39,54.46,53.75,53.95,10507300,2026-01-17T03:44:33Z
ABT,2007-03-12,17.66,17.7,17.61,17.68,19690552,54.38,54.5,54.24,54.44,6393600,2026-01-17T03:44:33Z
ABT,2007-03-13,17.57,17.77,17.52,17.53,25295085,54.11,54.71,53.97,54,8213400,2026-01-17T03:44:33Z
ABT,2007-03-14,17.46,17.62,17.36,17.6,23668989,53.77,54.27,53.47,54.2,7685400,2026-01-17T03:44:33Z
ABT,2007-03-15,17.41,17.53,17.32,17.43,15462060,53.63,54,53.33,53.67,5020600,2026-01-17T03:44:33Z
ABT,2007-03-16,17.17,17.37,17.14,17.35,29995226,52.88,53.5,52.8,53.44,9739600,2026-01-17T03:44:33Z
ABT,2007-03-19,17.27,17.3,17.17,17.22,18186058,53.18,53.28,52.88,53.02,5905100,2026-01-17T03:44:33Z
ABT,2007-03-20,17.69,17.69,17.22,17.29,25913101,54.48,54.48,53.03,53.24,8414100,2026-01-17T03:44:33Z
ABT,2007-03-21,17.75,17.79,17.6,17.63,24602119,54.68,54.8,54.2,54.3,7988400,2026-01-17T03:44:33Z
ABT,2007-03-22,17.7,17.83,17.54,17.56,21120428,54.5,54.92,54.01,54.08,6857900,2026-01-17T03:44:33Z
ABT,2007-03-23,17.49,17.75,17.45,17.74,20969202,53.86,54.66,53.75,54.63,6808800,2026-01-17T03:44:33Z
ABT,2007-03-26,18.59,18.59,17.88,17.89,70775067,57.24,57.26,55.05,55.08,22981000,2026-01-17T03:44:33Z
ABT,2007-03-27,18.38,18.58,18.32,18.44,43876142,56.6,57.23,56.42,56.8,14246800,2026-01-17T03:44:33Z
ABT,2007-03-28,18.11,18.35,18.02,18.26,24213738,55.76,56.51,55.51,56.24,7862300,2026-01-17T03:44:33Z
ABT,2007-03-29,18.12,18.23,17.86,17.86,26485705,55.81,56.15,55.01,55.02,8600000,2026-01-17T03:44:33Z
ABT,2007-03-30,18.12,18.21,17.99,18.02,17720123,55.8,56.07,55.41,55.5,5753800,2026-01-17T03:44:33Z
ABT,2007-04-02,18.12,18.27,17.91,18.12,19308386,55.81,56.25,55.16,55.8,6269500,2026-01-17T03:44:33Z
ABT,2007-04-03,18.4,18.42,18.18,18.19,22367112,56.67,56.74,55.98,56.01,7262700,2026-01-17T03:44:33Z
ABT,2007-04-04,18.28,18.5,18.22,18.38,15295151,56.29,56.96,56.12,56.61,4966400,2026-01-17T03:44:33Z
ABT,2007-04-05,18.51,18.54,18.28,18.3,15604075,57.02,57.11,56.3,56.37,5066700,2026-01-17T03:44:33Z
ABT,2007-04-09,18.58,18.66,18.44,18.52,19726598,57.21,57.47,56.8,57.05,6405300,2026-01-17T03:44:33Z
ABT,2007-04-10,18.53,18.61,18.48,18.58,17094041,57.06,57.33,56.9,57.21,5550500,2026-01-17T03:44:33Z
ABT,2007-04-11,18.61,18.78,18.34,18.53,19946722,57,57.51,56.17,56.75,6513900,2026-01-17T03:44:33Z
ABT,2007-04-12,18.75,18.79,18.54,18.55,15014546,57.41,57.54,56.77,56.8,4903200,2026-01-17T03:44:33Z
ABT,2007-04-13,19.1,19.16,18.75,18.76,21875377,58.49,58.66,57.43,57.44,7143700,2026-01-17T03:44:33Z
ABT,2007-04-16,19.23,19.28,19.15,19.2,14782392,58.88,59.05,58.64,58.79,4827400,2026-01-17T03:44:33Z
ABT,2007-04-17,19.27,19.4,19.15,19.15,18511510,59,59.4,58.65,58.65,6045200,2026-01-17T03:44:33Z
ABT,2007-04-18,18.95,19.14,18.61,18.71,36876707,58.03,58.6,57,57.3,12042600,2026-01-17T03:44:33Z
ABT,2007-04-19,18.69,19.01,18.59,18.87,24655841,57.24,58.22,56.92,57.79,8051700,2026-01-17T03:44:33Z
ABT,2007-04-20,18.89,18.94,18.68,18.92,22924480,57.85,57.99,57.21,57.93,7486300,2026-01-17T03:44:33Z
ABT,2007-04-23,18.68,18.88,18.65,18.78,16159182,57.21,57.8,57.1,57.5,5277000,2026-01-17T03:44:33Z
ABT,2007-04-24,18.67,18.7,18.47,18.64,16729917,57.17,57.27,56.55,57.08,5463400,2026-01-17T03:44:33Z
ABT,2007-04-25,18.8,18.86,18.67,18.7,12137605,57.56,57.75,57.17,57.25,3963700,2026-01-17T03:44:33Z
ABT,2007-04-26,18.58,18.82,18.18,18.29,17010407,56.91,57.64,55.67,56,5555000,2026-01-17T03:44:33Z
ABT,2007-04-27,18.54,18.66,18.33,18.48,16493830,56.76,57.15,56.12,56.6,5386300,2026-01-17T03:44:33Z
ABT,2007-04-30,18.49,18.59,18.41,18.59,16045205,56.62,56.93,56.37,56.93,5239800,2026-01-17T03:44:33Z
ABT,2007-05-01,18.62,18.68,18.43,18.47,14123122,57.01,57.19,56.43,56.56,4612100,2026-01-17T03:44:33Z
ABT,2007-05-02,18.68,18.72,18.52,18.64,13484641,57.19,57.33,56.7,57.07,4403600,2026-01-17T03:44:33Z
ABT,2007-05-03,18.75,18.78,18.65,18.73,11036144,57.41,57.5,57.1,57.36,3604000,2026-01-17T03:44:33Z
ABT,2007-05-04,19.04,19.07,18.73,18.79,15357463,58.3,58.38,57.37,57.54,5015200,2026-01-17T03:44:33Z
ABT,2007-05-07,19.25,19.31,19.12,19.2,17538016,58.95,59.14,58.56,58.81,5727300,2026-01-17T03:44:33Z
ABT,2007-05-08,19.21,19.24,19.03,19.23,10898643,58.84,58.91,58.26,58.89,3559100,2026-01-17T03:44:33Z
ABT,2007-05-09,19.16,19.28,19.02,19.14,12967732,58.68,59.04,58.23,58.6,4234800,2026-01-17T03:44:33Z
ABT,2007-05-10,18.72,19.16,18.72,19.16,15063213,57.33,58.68,57.33,58.68,4919100,2026-01-17T03:44:33Z
ABT,2007-05-11,18.89,18.89,18.64,18.73,12720605,57.84,57.86,57.08,57.35,4154100,2026-01-17T03:44:33Z
ABT,2007-05-14,18.92,18.97,18.76,18.89,13335506,57.95,58.1,57.45,57.85,4354900,2026-01-17T03:44:33Z
ABT,2007-05-15,19.16,19.35,18.99,19.06,18769956,58.68,59.25,58.15,58.36,6129600,2026-01-17T03:44:33Z
ABT,2007-05-16,19.3,19.38,19.13,19.27,13911185,59.09,59.33,58.58,59,4542900,2026-01-17T03:44:33Z
ABT,2007-05-17,19.23,19.29,19.12,19.27,10113801,58.9,59.06,58.54,59,3302800,2026-01-17T03:44:33Z
ABT,2007-05-18,19.41,19.43,19.13,19.26,14176087,59.43,59.5,58.58,58.98,4629400,2026-01-17T03:44:33Z
ABT,2007-05-21,19.15,19.38,19.1,19.35,14110518,58.63,59.35,58.5,59.25,4608000,2026-01-17T03:44:33Z
ABT,2007-05-22,18.84,19.1,18.81,19.07,18385346,57.69,58.5,57.59,58.39,6004000,2026-01-17T03:44:33Z
ABT,2007-05-23,18.68,18.96,18.66,18.84,15519186,57.21,58.06,57.13,57.7,5068000,2026-01-17T03:44:33Z
ABT,2007-05-24,18.44,18.78,18.29,18.66,22342638,56.46,57.5,56.01,57.14,7296300,2026-01-17T03:44:33Z
ABT,2007-05-25,18.41,18.53,17.98,17.98,17566247,56.37,56.73,55.07,55.07,5736500,2026-01-17T03:44:33Z
ABT,2007-05-29,18.5,18.58,18.31,18.34,17369596,56.65,56.89,56.08,56.17,5672300,2026-01-17T03:44:33Z
ABT,2007-05-30,18.24,18.5,18.13,18.48,21145662,55.84,56.65,55.52,56.6,6905400,2026-01-17T03:44:33Z
ABT,2007-05-31,18.4,18.47,18.22,18.24,20938906,56.35,56.55,55.8,55.86,6837900,2026-01-17T03:44:33Z
ABT,2007-06-01,18.39,18.52,18.26,18.48,15216580,56.3,56.7,55.92,56.6,4969200,2026-01-17T03:44:33Z
ABT,2007-06-04,18.16,18.34,18.02,18.13,21447239,55.62,56.16,55.18,55.52,7003900,2026-01-17T03:44:33Z
ABT,2007-06-05,18.12,18.22,17.94,18.22,20315814,55.49,55.79,54.93,55.79,6634400,2026-01-17T03:44:33Z
ABT,2007-06-06,17.88,18.02,17.79,18,22677960,54.74,55.19,54.48,55.13,7405800,2026-01-17T03:44:33Z
ABT,2007-06-07,17.63,17.93,17.58,17.81,20165141,53.98,54.9,53.84,54.55,6585200,2026-01-17T03:44:33Z
ABT,2007-06-08,17.73,17.75,17.51,17.63,18059818,54.29,54.35,53.63,54,5897700,2026-01-17T03:44:33Z
ABT,2007-06-11,17.65,17.8,17.61,17.67,11176950,54.06,54.51,53.94,54.11,3650000,2026-01-17T03:44:33Z
ABT,2007-06-12,17.42,17.61,17.4,17.53,19591898,53.34,53.92,53.27,53.68,6398000,2026-01-17T03:44:33Z
ABT,2007-06-13,17.7,17.73,17.37,17.55,16442720,54.19,54.28,53.2,53.75,5369600,2026-01-17T03:44:33Z
ABT,2007-06-14,17.7,17.81,17.64,17.7,12733493,54.19,54.55,54.02,54.2,4158300,2026-01-17T03:44:33Z
ABT,2007-06-15,17.87,17.98,17.72,17.79,19387604,54.72,55.05,54.25,54.47,6331300,2026-01-17T03:44:33Z
ABT,2007-06-18,17.81,17.9,17.7,17.87,14580602,54.54,54.82,54.19,54.72,4761500,2026-01-17T03:44:33Z
ABT,2007-06-19,17.86,17.9,17.71,17.75,14856521,54.68,54.8,54.23,54.36,4851600,2026-01-17T03:44:33Z
ABT,2007-06-20,17.73,18.03,17.72,17.94,23939862,54.28,55.22,54.25,54.93,7817900,2026-01-17T03:44:33Z
ABT,2007-06-21,17.57,17.72,17.43,17.69,15479699,53.8,54.27,53.38,54.18,5055100,2026-01-17T03:44:33Z
ABT,2007-06-22,17.26,17.64,17.24,17.53,25440303,52.86,54.01,52.8,53.69,8307900,2026-01-17T03:44:33Z
ABT,2007-06-25,17.65,17.93,17.3,17.38,29123512,54.05,54.89,52.99,53.23,9510700,2026-01-17T03:44:33Z
ABT,2007-06-26,17.62,18.12,17.58,18.12,24175603,53.97,55.5,53.83,55.5,7894900,2026-01-17T03:44:33Z
ABT,2007-06-27,17.62,17.65,17.44,17.53,17251401,53.97,54.04,53.4,53.68,5633700,2026-01-17T03:44:33Z
ABT,2007-06-28,17.54,17.63,17.48,17.62,14156505,53.72,54,53.53,53.97,4623000,2026-01-17T03:44:33Z
ABT,2007-06-29,17.49,18,17.39,17.53,16672385,53.55,55.12,53.25,53.69,5444600,2026-01-17T03:44:33Z
ABT,2007-07-02,17.74,17.75,17.58,17.63,16175042,54.32,54.37,53.83,53.99,5282200,2026-01-17T03:44:33Z
ABT,2007-07-03,17.74,17.79,17.67,17.75,5917661,54.32,54.49,54.12,54.35,1932500,2026-01-17T03:44:33Z
ABT,2007-07-05,17.71,17.86,17.55,17.78,10171646,54.23,54.68,53.75,54.44,3321700,2026-01-17T03:44:33Z
ABT,2007-07-06,17.63,17.77,17.59,17.74,11025376,54,54.43,53.88,54.33,3600500,2026-01-17T03:44:33Z
ABT,2007-07-09,17.54,17.69,17.52,17.63,8971876,53.71,54.17,53.66,54,2929900,2026-01-17T03:44:33Z
ABT,2007-07-10,17.28,17.63,17.24,17.43,19770359,52.92,53.99,52.79,53.38,6456300,2026-01-17T03:44:33Z
ABT,2007-07-11,17.48,17.52,17.26,17.37,24098021,53.21,53.31,52.53,52.87,7918200,2026-01-17T03:44:33Z
ABT,2007-07-12,17.66,17.7,17.05,17.05,41035344,53.76,53.88,51.9,51.9,13483500,2026-01-17T03:44:33Z
ABT,2007-07-13,17.49,17.66,17.49,17.6,14693141,53.24,53.75,53.22,53.55,4827900,2026-01-17T03:44:33Z
ABT,2007-07-16,17.6,17.65,17.46,17.5,16436949,53.56,53.71,53.15,53.25,5400900,2026-01-17T03:44:33Z
ABT,2007-07-17,17.54,17.64,17.46,17.58,17898113,53.39,53.67,53.15,53.5,5881000,2026-01-17T03:44:33Z
ABT,2007-07-18,17.64,18.06,17.6,17.74,31665073,53.7,54.97,53.56,54,10404600,2026-01-17T03:44:33Z
ABT,2007-07-19,17.85,17.97,17.61,17.95,19128226,54.32,54.68,53.58,54.63,6285200,2026-01-17T03:44:33Z
ABT,2007-07-20,17.37,17.9,17.32,17.84,22948039,52.87,54.47,52.7,54.3,7540300,2026-01-17T03:44:33Z
ABT,2007-07-23,17.72,18.04,17.49,17.53,19141689,53.92,54.9,53.23,53.35,6289600,2026-01-17T03:44:33Z
ABT,2007-07-24,17.25,17.81,17.15,17.48,26813765,52.51,54.2,52.2,53.2,8810500,2026-01-17T03:44:33Z
ABT,2007-07-25,17.18,17.38,16.98,17.34,24023888,52.3,52.9,51.69,52.76,7893800,2026-01-17T03:44:33Z
ABT,2007-07-26,16.79,17.09,16.66,17.05,27464302,51.09,52,50.69,51.88,9024300,2026-01-17T03:44:33Z
ABT,2007-07-27,16.44,16.87,16.43,16.79,27371180,50.03,51.34,50,51.1,8993700,2026-01-17T03:44:33Z
ABT,2007-07-30,16.7,16.91,16.29,16.81,22454112,50.82,51.45,49.58,51.16,7378000,2026-01-17T03:44:33Z
ABT,2007-07-31,16.66,16.92,16.57,16.86,23252064,50.69,51.49,50.43,51.3,7640200,2026-01-17T03:44:33Z
ABT,2007-08-01,16.74,16.88,16.45,16.58,24473273,50.95,51.37,50.08,50.47,8041500,2026-01-17T03:44:33Z
ABT,2007-08-02,16.83,16.94,16.7,16.82,19970337,51.21,51.55,50.83,51.18,6561900,2026-01-17T03:44:33Z
ABT,2007-08-03,16.79,17.13,16.76,16.81,25867748,51.09,52.13,51,51.15,8499700,2026-01-17T03:44:33Z
ABT,2007-08-06,17.45,17.54,16.84,17.13,27428427,53.12,53.38,51.24,52.12,9012500,2026-01-17T03:44:33Z
ABT,2007-08-07,17.84,18.1,17.25,17.96,36799650,54.3,55.09,52.5,54.66,12091700,2026-01-17T03:44:33Z
ABT,2007-08-08,18.5,18.5,17.86,18.4,31604229,56.3,56.3,54.35,56,10384600,2026-01-17T03:44:33Z
ABT,2007-08-09,18.05,18.7,18.02,18.7,28853999,54.93,56.91,54.83,56.91,9480900,2026-01-17T03:44:33Z
ABT,2007-08-10,18.14,18.24,17.33,18.03,23326290,55.22,55.5,52.73,54.88,7664600,2026-01-17T03:44:33Z
ABT,2007-08-13,17.71,18.14,17.56,18.14,24557925,53.89,55.21,53.43,55.21,8069300,2026-01-17T03:44:33Z
ABT,2007-08-14,17.24,17.82,17.18,17.79,20185827,52.47,54.24,52.27,54.15,6632700,2026-01-17T03:44:33Z
ABT,2007-08-15,17.2,17.62,17.09,17.21,16570870,52.35,53.63,52,52.37,5444900,2026-01-17T03:44:33Z
ABT,2007-08-16,17.04,17.22,16.68,17.17,25382951,51.86,52.42,50.78,52.25,8340400,2026-01-17T03:44:33Z
ABT,2007-08-17,17.33,17.66,17,17.48,24112742,52.73,53.75,51.75,53.19,7923000,2026-01-17T03:44:33Z
ABT,2007-08-20,17.21,17.48,17.09,17.3,12647384,52.39,53.21,52.02,52.66,4155700,2026-01-17T03:44:33Z
ABT,2007-08-21,17.2,17.31,16.97,17.05,11418732,52.36,52.67,51.64,51.9,3752000,2026-01-17T03:44:33Z
ABT,2007-08-22,17.13,17.39,16.99,17.25,16374266,52.14,52.94,51.72,52.49,5380300,2026-01-17T03:44:33Z
ABT,2007-08-23,17.14,17.28,17.03,17.26,13453900,52.16,52.58,51.82,52.52,4420700,2026-01-17T03:44:33Z
ABT,2007-08-24,17.26,17.31,17.01,17.09,12863768,52.53,52.68,51.78,52.01,4226800,2026-01-17T03:44:33Z
ABT,2007-08-27,17.09,17.21,17.05,17.19,10767143,52.01,52.38,51.9,52.32,3537900,2026-01-17T03:44:33Z
ABT,2007-08-28,16.69,17.05,16.66,17.02,17317421,50.79,51.9,50.7,51.79,5690200,2026-01-17T03:44:33Z
ABT,2007-08-29,16.92,16.94,16.54,16.71,18428567,51.49,51.56,50.34,50.85,6055300,2026-01-17T03:44:33Z
ABT,2007-08-30,16.89,16.99,16.77,16.95,14603978,51.4,51.72,51.03,51.58,4798600,2026-01-17T03:44:33Z
ABT,2007-08-31,17.06,17.12,16.8,16.92,15070812,51.91,52.11,51.12,51.5,4952000,2026-01-17T03:44:33Z
ABT,2007-09-04,16.95,17.05,16.82,17.03,14808445,51.58,51.88,51.18,51.82,4865800,2026-01-17T03:44:33Z
ABT,2007-09-05,16.99,17.04,16.81,16.84,12884120,51.72,51.85,51.15,51.25,4233500,2026-01-17T03:44:33Z
ABT,2007-09-06,17.38,17.43,16.99,17.07,16776319,52.9,53.05,51.7,51.95,5512400,2026-01-17T03:44:33Z
ABT,2007-09-07,17.04,17.31,16.92,17.13,15420165,51.86,52.68,51.49,52.14,5066800,2026-01-17T03:44:33Z
ABT,2007-09-10,16.98,17.24,16.94,17.08,10670711,51.68,52.48,51.56,51.99,3506200,2026-01-17T03:44:33Z
ABT,2007-09-11,17.07,17.12,16.85,17.05,19480093,51.96,52.11,51.27,51.9,6400800,2026-01-17T03:44:33Z
ABT,2007-09-12,17.17,17.27,17.02,17.06,13047283,52.25,52.55,51.81,51.92,4287100,2026-01-17T03:44:33Z
ABT,2007-09-13,17.14,17.41,17.08,17.32,15927870,52.16,52.99,51.98,52.7,5233600,2026-01-17T03:44:33Z
ABT,2007-09-14,17.12,17.18,17.02,17.07,12348226,52.1,52.28,51.79,51.94,4057400,2026-01-17T03:44:33Z
ABT,2007-09-17,17.08,17.18,16.93,17.06,12273633,51.99,52.28,51.51,51.91,4032900,2026-01-17T03:44:33Z
ABT,2007-09-18,17.61,17.66,17.13,17.2,26458533,53.6,53.73,52.14,52.33,8693800,2026-01-17T03:44:33Z
ABT,2007-09-19,17.73,17.81,17.54,17.68,18553967,53.95,54.2,53.37,53.8,6096500,2026-01-17T03:44:33Z
ABT,2007-09-20,17.64,17.89,17.61,17.67,18049951,53.69,54.43,53.61,53.78,5930900,2026-01-17T03:44:33Z
ABT,2007-09-21,17.89,17.98,17.64,17.84,22101945,54.44,54.72,53.69,54.28,7262300,2026-01-17T03:44:33Z
ABT,2007-09-24,17.7,17.85,17.65,17.81,18619430,53.86,54.33,53.72,54.21,6118000,2026-01-17T03:44:33Z
ABT,2007-09-25,17.86,17.97,17.62,17.66,12360101,54.35,54.68,53.64,53.75,4061300,2026-01-17T03:44:33Z
ABT,2007-09-26,17.74,17.96,17.59,17.83,21970805,54,54.67,53.54,54.25,7219200,2026-01-17T03:44:33Z
ABT,2007-09-27,17.76,17.9,17.71,17.84,10737933,54.05,54.48,53.9,54.3,3528300,2026-01-17T03:44:33Z
ABT,2007-09-28,17.62,17.79,17.55,17.71,12519225,53.62,54.15,53.41,53.91,4113600,2026-01-17T03:44:33Z
ABT,2007-10-01,18.14,18.17,17.6,17.6,19942675,55.21,55.29,53.56,53.56,6552800,2026-01-17T03:44:33Z
ABT,2007-10-02,18.22,18.34,18.09,18.11,16563863,55.46,55.81,55.05,55.1,5442600,2026-01-17T03:44:33Z
ABT,2007-10-03,18.25,18.36,18.04,18.08,14173597,55.53,55.86,54.91,55.03,4657200,2026-01-17T03:44:33Z
ABT,2007-10-04,18.25,18.62,18.2,18.32,8210756,55.54,56.66,55.38,55.74,2697900,2026-01-17T03:44:33Z
ABT,2007-10-05,18.07,18.39,18.02,18.37,20418961,55,55.98,54.84,55.9,6709300,2026-01-17T03:44:33Z
ABT,2007-10-08,18.05,18.19,17.98,18.1,8038782,54.94,55.35,54.72,55.08,2641400,2026-01-17T03:44:33Z
ABT,2007-10-09,18.03,18.23,17.92,18.08,13607569,54.86,55.49,54.55,55.02,4471200,2026-01-17T03:44:33Z
ABT,2007-10-10,17.82,18.21,17.71,18.12,21683159,54.24,55.42,53.91,55.15,7124700,2026-01-17T03:44:33Z
ABT,2007-10-11,17.64,17.73,17.34,17.62,34232889,53.36,53.62,52.44,53.3,11316100,2026-01-17T03:44:33Z
ABT,2007-10-12,17.4,17.64,17.32,17.62,24533043,52.64,53.35,52.38,53.29,8109700,2026-01-17T03:44:33Z
ABT,2007-10-15,17.16,17.44,16.98,17.42,23574065,51.92,52.77,51.36,52.71,7792700,2026-01-17T03:44:33Z
ABT,2007-10-16,17.18,17.28,17.07,17.23,26343934,51.97,52.28,51.63,52.11,8708300,2026-01-17T03:44:33Z
ABT,2007-10-17,16.92,17.55,16.86,17.22,41582448,51.2,53.08,51.02,52.1,13745600,2026-01-17T03:44:33Z
ABT,2007-10-18,17.08,17.2,16.92,16.96,17838041,51.67,52.03,51.19,51.3,5896600,2026-01-17T03:44:33Z
ABT,2007-10-19,16.99,17.28,16.97,17.04,23341746,51.4,52.28,51.34,51.54,7715900,2026-01-17T03:44:33Z
ABT,2007-10-22,17.07,17.13,16.7,16.83,22885768,51.64,51.82,50.51,50.9,7565200,2026-01-17T03:44:33Z
ABT,2007-10-23,17.13,17.3,16.78,16.78,12679863,51.82,52.35,50.77,50.77,4191500,2026-01-17T03:44:33Z
ABT,2007-10-24,17.47,17.5,16.98,17.19,25001372,52.86,52.95,51.36,52.01,8264500,2026-01-17T03:44:33Z
ABT,2007-10-25,17.81,17.87,17.41,17.48,24092874,53.87,54.07,52.66,52.87,7964200,2026-01-17T03:44:33Z
ABT,2007-10-26,17.87,17.97,17.81,17.94,17195551,54.07,54.35,53.89,54.27,5684200,2026-01-17T03:44:33Z
ABT,2007-10-29,18,18.04,17.89,17.89,11835601,54.45,54.57,54.13,54.13,3912400,2026-01-17T03:44:33Z
ABT,2007-10-30,18.07,18.09,17.89,17.93,19098898,54.65,54.73,54.13,54.25,6313400,2026-01-17T03:44:33Z
ABT,2007-10-31,18.06,18.09,17.83,18.07,19075086,54.62,54.74,53.94,54.65,6305500,2026-01-17T03:44:33Z
ABT,2007-11-01,17.89,18.2,17.84,18.04,17328587,54.12,55.07,53.97,54.56,5728200,2026-01-17T03:44:33Z
ABT,2007-11-02,17.87,18.41,17.72,18.4,16040842,54.05,55.7,53.6,55.66,5302500,2026-01-17T03:44:33Z
ABT,2007-11-05,17.86,18.02,17.72,17.97,14096869,54.02,54.5,53.6,54.35,4659900,2026-01-17T03:44:33Z
ABT,2007-11-06,17.96,18.02,17.83,17.87,10673605,54.34,54.5,53.94,54.06,3528300,2026-01-17T03:44:33Z
ABT,2007-11-07,17.77,18.11,17.73,17.73,16483752,53.75,54.78,53.62,53.62,5448900,2026-01-17T03:44:33Z
ABT,2007-11-08,17.82,17.88,17.5,17.75,20743766,53.92,54.08,52.95,53.69,6857100,2026-01-17T03:44:33Z
ABT,2007-11-09,17.89,18.1,17.63,17.63,19173617,54.12,54.76,53.32,53.32,6338100,2026-01-17T03:44:33Z
ABT,2007-11-12,18.07,18.34,17.89,17.89,17487114,54.67,55.47,54.12,54.12,5780600,2026-01-17T03:44:33Z
ABT,2007-11-13,18.22,18.25,17.73,18.19,19315257,55.11,55.21,53.64,55.02,6384900,2026-01-17T03:44:33Z
ABT,2007-11-14,17.95,18.34,17.92,18.34,17311957,54.31,55.47,54.22,55.47,5722700,2026-01-17T03:44:33Z
ABT,2007-11-15,18.01,18.16,17.92,17.92,17384859,54.48,54.95,54.2,54.2,5746800,2026-01-17T03:44:33Z
ABT,2007-11-16,18.25,18.25,18,18.12,19569018,55.21,55.22,54.46,54.82,6468800,2026-01-17T03:44:33Z
ABT,2007-11-19,18.12,18.26,18.07,18.14,14905530,54.82,55.25,54.65,54.86,4927200,2026-01-17T03:44:33Z
ABT,2007-11-20,18.37,18.45,18.11,18.19,19887880,55.58,55.8,54.8,55.02,6574200,2026-01-17T03:44:33Z
ABT,2007-11-21,18.09,18.34,18.04,18.18,16948975,54.73,55.49,54.56,55.01,5602700,2026-01-17T03:44:33Z
ABT,2007-11-23,18.34,18.35,18.09,18.25,6279904,55.49,55.5,54.73,55.2,2075900,2026-01-17T03:44:33Z
ABT,2007-11-26,17.93,18.36,17.89,18.31,13205078,54.25,55.53,54.11,55.38,4365100,2026-01-17T03:44:33Z
ABT,2007-11-27,18.48,18.51,17.93,17.98,23933985,55.91,56,54.25,54.4,7911700,2026-01-17T03:44:33Z
ABT,2007-11-28,18.65,18.68,18.26,18.54,19714010,56.42,56.5,55.23,56.07,6516700,2026-01-17T03:44:33Z
ABT,2007-11-29,18.84,19,18.43,18.66,23487493,57,57.47,55.75,56.46,7764100,2026-01-17T03:44:33Z
ABT,2007-11-30,19.01,19.23,18.86,19.18,36590862,57.51,58.17,57.05,58.01,12095600,2026-01-17T03:44:33Z
ABT,2007-12-03,18.85,18.99,18.7,18.96,18852982,57.01,57.46,56.57,57.35,6232100,2026-01-17T03:44:33Z
ABT,2007-12-04,19.01,19.08,18.7,18.7,18711987,57.5,57.71,56.56,56.56,6185500,2026-01-17T03:44:33Z
ABT,2007-12-05,19.23,19.23,19,19.16,15528391,58.16,58.16,57.48,57.95,5133100,2026-01-17T03:44:33Z
ABT,2007-12-06,19.22,19.27,19.02,19.22,14157087,58.15,58.3,57.53,58.14,4679800,2026-01-17T03:44:33Z
ABT,2007-12-07,19.25,19.34,19.15,19.22,11859450,58.22,58.5,57.92,58.14,3920300,2026-01-17T03:44:33Z
ABT,2007-12-10,19.47,19.55,19.22,19.26,16530334,58.9,59.15,58.15,58.27,5464300,2026-01-17T03:44:33Z
ABT,2007-12-11,19.2,19.53,19.15,19.46,19588706,58.09,59.09,57.92,58.87,6475300,2026-01-17T03:44:33Z
ABT,2007-12-12,19.21,19.66,19.01,19.34,28832048,58.11,59.48,57.5,58.5,9530800,2026-01-17T03:44:33Z
ABT,2007-12-13,19.3,19.33,19.01,19.13,12080279,58.38,58.48,57.5,57.87,3993300,2026-01-17T03:44:33Z
ABT,2007-12-14,19.01,19.33,19,19.18,13812176,57.51,58.47,57.48,58.01,4565800,2026-01-17T03:44:33Z
ABT,2007-12-17,18.77,19.15,18.7,18.99,15049222,56.77,57.94,56.56,57.45,4974700,2026-01-17T03:44:33Z
ABT,2007-12-18,19.07,19.16,18.74,18.86,17870401,57.69,57.97,56.7,57.06,5907300,2026-01-17T03:44:33Z
ABT,2007-12-19,18.92,19.17,18.83,19.03,10935899,57.23,58,56.96,57.58,3615000,2026-01-17T03:44:33Z
ABT,2007-12-20,19.04,19.09,18.88,19.02,11876725,57.6,57.75,57.11,57.53,3926000,2026-01-17T03:44:33Z
ABT,2007-12-21,19.26,19.46,18.84,19.38,28235160,58.26,58.87,57.01,58.64,9333500,2026-01-17T03:44:33Z
ABT,2007-12-24,19.29,19.36,19.19,19.22,4020424,58.35,58.56,58.05,58.14,1329000,2026-01-17T03:44:33Z
ABT,2007-12-26,19.13,19.38,19.01,19.22,10560158,57.88,58.62,57.52,58.15,3490800,2026-01-17T03:44:33Z
ABT,2007-12-27,18.84,19.15,18.82,19.06,11268036,56.98,57.92,56.93,57.67,3724800,2026-01-17T03:44:33Z
ABT,2007-12-28,18.92,18.98,18.71,18.87,11031192,57.23,57.43,56.6,57.08,3646500,2026-01-17T03:44:33Z
ABT,2007-12-31,18.56,18.88,18.52,18.82,15145686,56.15,57.1,56.01,56.94,5006600,2026-01-17T03:44:33Z
ABT,2008-01-02,18.45,18.72,18.35,18.56,16279821,55.81,56.64,55.51,56.15,5381500,2026-01-17T03:44:33Z
ABT,2008-01-03,18.34,18.55,18.32,18.47,15824543,55.47,56.11,55.41,55.88,5231000,2026-01-17T03:44:33Z
ABT,2008-01-04,18.44,18.71,18.18,18.22,17855909,55.79,56.59,55,55.11,5902500,2026-01-17T03:44:33Z
ABT,2008-01-07,19.01,19.18,18.51,18.52,29998774,57.5,58.02,56,56.02,9916500,2026-01-17T03:44:33Z
ABT,2008-01-08,19.51,19.83,19.06,19.06,31894408,59.01,60,57.67,57.67,10543100,2026-01-17T03:44:33Z
ABT,2008-01-09,19.85,19.93,19.45,19.47,29877516,60.04,60.29,58.85,58.9,9876400,2026-01-17T03:44:33Z
ABT,2008-01-10,19.87,20.19,19.61,19.66,25600619,60.11,61.09,59.32,59.48,8462600,2026-01-17T03:44:33Z
ABT,2008-01-11,20.11,20.19,19.77,19.84,24030247,60.5,60.76,59.5,59.68,7986700,2026-01-17T03:44:33Z
ABT,2008-01-14,19.92,20.27,19.75,20.23,22645363,59.93,61,59.41,60.86,7526400,2026-01-17T03:44:33Z
ABT,2008-01-15,19.83,19.97,19.53,19.66,24495751,59.67,60.08,58.75,59.14,8141400,2026-01-17T03:44:33Z
ABT,2008-01-16,20.11,20.3,19.7,19.7,29037160,60.5,61.07,59.28,59.28,9650800,2026-01-17T03:44:33Z
ABT,2008-01-17,19.86,20.2,19.77,20.2,25055374,59.75,60.78,59.48,60.78,8327400,2026-01-17T03:44:33Z
ABT,2008-01-18,19.75,20.23,19.53,19.95,29887553,59.43,60.86,58.76,60.04,9933400,2026-01-17T03:44:33Z
ABT,2008-01-22,19.11,19.86,18.43,18.7,36235361,57.49,59.75,55.44,56.28,12043200,2026-01-17T03:44:33Z
ABT,2008-01-23,19.27,19.33,18.17,19.04,39977156,57.97,58.16,54.67,57.3,13286800,2026-01-17T03:44:33Z
ABT,2008-01-24,18.96,19.95,18.84,19.33,24326412,57.06,60.04,56.68,58.17,8085100,2026-01-17T03:44:33Z
ABT,2008-01-25,18.44,19.1,18.43,19.04,27129363,55.48,57.48,55.44,57.3,9016700,2026-01-17T03:44:33Z
ABT,2008-01-28,18.76,18.81,18.33,18.43,25163072,56.44,56.6,55.16,55.45,8363200,2026-01-17T03:44:33Z
ABT,2008-01-29,18.7,18.93,18.55,18.84,22240101,56.25,56.96,55.81,56.68,7391700,2026-01-17T03:44:33Z
ABT,2008-01-30,18.6,18.95,18.3,18.87,28087377,55.95,57,55.05,56.78,9335100,2026-01-17T03:44:33Z
ABT,2008-01-31,18.67,18.84,17.58,18.35,31304283,56.18,56.7,52.89,55.22,10404300,2026-01-17T03:44:33Z
ABT,2008-02-01,19.13,19.17,18.57,18.84,27052618,57.55,57.69,55.87,56.69,8991200,2026-01-17T03:44:33Z
ABT,2008-02-04,19.29,19.44,19.06,19.13,21414725,58.05,58.5,57.36,57.57,7117400,2026-01-17T03:44:33Z
ABT,2008-02-05,19.06,19.34,19.02,19.28,19969031,57.34,58.19,57.24,58.02,6636900,2026-01-17T03:44:33Z
ABT,2008-02-06,19.19,19.41,18.91,19.15,27125767,57.73,58.4,56.91,57.62,9015500,2026-01-17T03:44:33Z
ABT,2008-02-07,19.31,19.33,19.03,19.17,22610740,58.1,58.17,57.27,57.69,7514900,2026-01-17T03:44:33Z
ABT,2008-02-08,18.88,19.24,18.78,19.24,17160049,56.8,57.9,56.5,57.9,5703300,2026-01-17T03:44:33Z
ABT,2008-02-11,18.73,19.06,18.59,18.91,13452626,56.34,57.36,55.92,56.9,4471100,2026-01-17T03:44:33Z
ABT,2008-02-12,18.6,18.85,18.55,18.62,27470274,55.95,56.72,55.8,56.01,9130000,2026-01-17T03:44:33Z
ABT,2008-02-13,18.79,18.86,18.59,18.77,13053006,56.52,56.76,55.92,56.48,4338300,2026-01-17T03:44:33Z
ABT,2008-02-14,18.41,18.8,18.37,18.77,16568478,55.38,56.57,55.26,56.48,5506700,2026-01-17T03:44:33Z
ABT,2008-02-15,18.46,18.61,18.32,18.37,19719879,55.55,56,55.11,55.28,6554100,2026-01-17T03:44:33Z
ABT,2008-02-19,18.47,18.72,18.42,18.71,15671598,55.57,56.32,55.42,56.3,5208600,2026-01-17T03:44:33Z
ABT,2008-02-20,18.48,18.51,18.15,18.4,17814455,55.61,55.7,54.62,55.35,5920800,2026-01-17T03:44:33Z
ABT,2008-02-21,18.23,18.58,18.12,18.51,32616989,54.86,55.89,54.53,55.69,10840600,2026-01-17T03:44:33Z
ABT,2008-02-22,18.13,18.4,17.86,18.31,18615371,54.54,55.36,53.73,55.09,6187000,2026-01-17T03:44:33Z
ABT,2008-02-25,18.44,18.45,18.1,18.2,11914496,55.47,55.51,54.47,54.77,3959900,2026-01-17T03:44:33Z
ABT,2008-02-26,18.47,18.62,18.28,18.38,12463323,55.57,56.01,54.99,55.31,4142300,2026-01-17T03:44:33Z
ABT,2008-02-27,18.13,18.46,18.07,18.32,15751307,54.54,55.55,54.38,55.12,5235100,2026-01-17T03:44:33Z
ABT,2008-02-28,18.02,18.15,17.89,18,15013288,54.22,54.6,53.82,54.16,4989800,2026-01-17T03:44:33Z
ABT,2008-02-29,17.8,17.99,17.69,17.99,16212219,53.55,54.12,53.23,54.12,5388300,2026-01-17T03:44:33Z
ABT,2008-03-03,17.69,17.75,17.55,17.74,17002971,53.23,53.39,52.82,53.37,5651100,2026-01-17T03:44:33Z
ABT,2008-03-04,17.69,17.79,17.56,17.56,18084355,53.24,53.52,52.84,52.84,6010500,2026-01-17T03:44:33Z
ABT,2008-03-05,17.61,17.75,17.41,17.65,15594564,52.98,53.41,52.37,53.1,5183000,2026-01-17T03:44:33Z
ABT,2008-03-06,17.31,17.61,17.3,17.56,18168587,52.09,52.98,52.05,52.83,6038500,2026-01-17T03:44:33Z
ABT,2008-03-07,16.96,17.34,16.91,17.34,21064275,51.04,52.17,50.87,52.17,7000900,2026-01-17T03:44:33Z
ABT,2008-03-10,16.82,17.01,16.73,17.01,16302519,50.6,51.19,50.33,51.19,5418300,2026-01-17T03:44:33Z
ABT,2008-03-11,16.9,17.17,16.72,16.87,24613415,50.86,51.66,50.32,50.75,8180500,2026-01-17T03:44:33Z
ABT,2008-03-12,17.06,17.21,16.95,16.97,15377960,51.34,51.78,51,51.06,5111000,2026-01-17T03:44:33Z
ABT,2008-03-13,17.47,17.61,17,17.03,24921797,52.55,52.99,51.15,51.25,8283000,2026-01-17T03:44:33Z
ABT,2008-03-14,17.08,17.61,16.93,17.61,21239389,51.38,53,50.95,53,7059100,2026-01-17T03:44:33Z
ABT,2008-03-17,17.47,17.61,16.65,16.7,22032488,52.56,52.99,50.09,50.26,7322700,2026-01-17T03:44:33Z
ABT,2008-03-18,17.89,17.91,17.52,17.77,18402350,53.82,53.89,52.72,53.45,6116200,2026-01-17T03:44:33Z
ABT,2008-03-19,18.08,18.46,17.9,17.95,21456022,54.39,55.55,53.85,54,7131100,2026-01-17T03:44:33Z
ABT,2008-03-20,18.5,18.54,18.08,18.17,36738590,55.66,55.78,54.39,54.68,12210400,2026-01-17T03:44:33Z
ABT,2008-03-24,18.42,18.58,18.25,18.54,17103455,55.43,55.89,54.92,55.79,5684500,2026-01-17T03:44:33Z
ABT,2008-03-25,18.12,18.58,18.08,18.39,18415262,54.53,55.9,54.41,55.34,6120500,2026-01-17T03:44:33Z
ABT,2008-03-26,17.96,18.07,17.88,17.91,17332421,54.03,54.36,53.79,53.9,5760600,2026-01-17T03:44:33Z
ABT,2008-03-27,17.8,18.07,17.75,18.03,15574357,53.55,54.36,53.41,54.26,5176300,2026-01-17T03:44:33Z
ABT,2008-03-28,17.64,18.02,17.6,17.85,14585727,53.07,54.21,52.95,53.71,4847700,2026-01-17T03:44:33Z
ABT,2008-03-31,18.33,18.41,17.82,17.88,28993047,55.15,55.4,53.62,53.81,9636100,2026-01-17T03:44:33Z
ABT,2008-04-01,18.36,18.41,18.01,18.35,21953355,55.23,55.4,54.2,55.2,7296400,2026-01-17T03:44:33Z
ABT,2008-04-02,18.05,18.4,17.99,18.38,15405023,54.3,55.37,54.13,55.3,5120000,2026-01-17T03:44:33Z
ABT,2008-04-03,18.12,18.33,17.98,17.98,10670351,54.53,55.16,54.11,54.11,3546400,2026-01-17T03:44:33Z
ABT,2008-04-04,18.23,18.31,18.03,18.12,8861486,54.84,55.09,54.24,54.51,2945200,2026-01-17T03:44:33Z
ABT,2008-04-07,18.24,18.38,18.12,18.32,8050604,54.87,55.3,54.53,55.13,2675700,2026-01-17T03:44:33Z
ABT,2008-04-08,17.95,18.23,17.92,18.13,13244102,54,54.85,53.92,54.56,4401800,2026-01-17T03:44:33Z
ABT,2008-04-09,17.9,18.06,17.79,17.92,25747128,53.87,54.34,53.52,53.92,8557300,2026-01-17T03:44:33Z
ABT,2008-04-10,17.92,18.04,17.8,17.96,12711838,53.91,54.29,53.57,54.05,4224900,2026-01-17T03:44:33Z
ABT,2008-04-11,17.67,18,17.67,18,20097151,52.8,53.81,52.8,53.81,6724400,2026-01-17T03:44:33Z
ABT,2008-04-14,17.56,17.7,17.48,17.7,18223524,52.47,52.9,52.25,52.89,6097500,2026-01-17T03:44:33Z
ABT,2008-04-15,17.37,17.7,17.25,17.53,23891011,51.91,52.89,51.55,52.4,7993800,2026-01-17T03:44:33Z
ABT,2008-04-16,17.18,17.67,17.08,17.58,39513560,51.35,52.82,51.06,52.55,13221000,2026-01-17T03:44:33Z
ABT,2008-04-17,17.04,17.35,17,17.25,42541642,50.93,51.85,50.8,51.55,14234200,2026-01-17T03:44:33Z
ABT,2008-04-18,16.97,17.24,16.89,17.06,40392554,50.72,51.52,50.49,51,13515100,2026-01-17T03:44:33Z
ABT,2008-04-21,16.91,17.01,16.76,16.91,31058600,50.53,50.84,50.09,50.55,10392000,2026-01-17T03:44:33Z
ABT,2008-04-22,16.9,16.97,16.81,16.91,26783188,50.52,50.73,50.24,50.55,8961500,2026-01-17T03:44:33Z
ABT,2008-04-23,16.92,17.03,16.88,17,35366683,50.56,50.9,50.46,50.81,11833500,2026-01-17T03:44:33Z
ABT,2008-04-24,16.88,17.06,16.85,16.91,34267245,50.44,51,50.37,50.53,11465600,2026-01-17T03:44:33Z
ABT,2008-04-25,17.16,17.25,16.96,16.99,25739222,51.28,51.55,50.69,50.78,8612200,2026-01-17T03:44:33Z
ABT,2008-04-28,17.27,17.47,17.06,17.3,25027341,51.61,52.21,51,51.72,8374000,2026-01-17T03:44:33Z
ABT,2008-04-29,17.89,18,17.72,17.84,48043262,53.48,53.81,52.97,53.32,16075000,2026-01-17T03:44:33Z
ABT,2008-04-30,17.65,18,17.6,17.97,26357067,52.75,53.8,52.59,53.7,8818900,2026-01-17T03:44:33Z
ABT,2008-05-01,17.92,18.05,17.57,17.59,35716121,53.57,53.95,52.5,52.58,11950400,2026-01-17T03:44:33Z
ABT,2008-05-02,17.79,18.17,17.73,18.06,19705333,53.17,54.3,53,53.97,6593300,2026-01-17T03:44:33Z
ABT,2008-05-05,17.73,17.85,17.64,17.82,11295170,53,53.36,52.71,53.25,3779300,2026-01-17T03:44:33Z
ABT,2008-05-06,17.59,17.93,17.34,17.93,15767127,52.58,53.58,51.84,53.58,5275600,2026-01-17T03:44:33Z
ABT,2008-05-07,17.16,17.63,17.16,17.57,19800444,51.29,52.68,51.27,52.51,6625100,2026-01-17T03:44:33Z
ABT,2008-05-08,17.16,17.54,17.07,17.26,13304466,51.28,52.41,51.03,51.58,4451600,2026-01-17T03:44:33Z
ABT,2008-05-09,17.33,17.4,16.9,17.14,19719393,51.78,52.01,50.5,51.23,6598000,2026-01-17T03:44:33Z
ABT,2008-05-12,17.66,17.7,17.39,17.4,24089153,52.78,52.89,51.97,52.01,8060100,2026-01-17T03:44:33Z
ABT,2008-05-13,18.2,18.4,17.74,17.82,40833397,54.4,55,53.02,53.26,13662600,2026-01-17T03:44:33Z
ABT,2008-05-14,18.35,18.47,18.2,18.25,21976770,54.83,55.2,54.4,54.54,7353300,2026-01-17T03:44:33Z
ABT,2008-05-15,18.36,18.46,18.16,18.37,21610636,54.87,55.17,54.27,54.89,7230800,2026-01-17T03:44:33Z
ABT,2008-05-16,18.31,18.4,18.24,18.36,14196638,54.71,55,54.51,54.88,4750100,2026-01-17T03:44:33Z
ABT,2008-05-19,18.42,18.47,18.25,18.3,12308348,55.05,55.21,54.54,54.68,4118300,2026-01-17T03:44:33Z
ABT,2008-05-20,18.3,18.5,18.22,18.46,15154485,54.68,55.3,54.46,55.17,5070600,2026-01-17T03:44:33Z
ABT,2008-05-21,18.19,18.55,18.15,18.36,15390319,54.36,55.45,54.25,54.88,5149500,2026-01-17T03:44:33Z
ABT,2008-05-22,18.35,18.39,18.07,18.15,14336463,54.85,54.95,54,54.25,4796900,2026-01-17T03:44:33Z
ABT,2008-05-23,18.16,18.33,18.11,18.3,13675356,54.26,54.78,54.14,54.7,4575700,2026-01-17T03:44:33Z
ABT,2008-05-27,18.27,18.39,18.15,18.16,13076734,54.59,54.97,54.25,54.29,4375400,2026-01-17T03:44:33Z
ABT,2008-05-28,18.1,18.35,17.98,18.35,13949171,54.1,54.83,53.75,54.83,4667300,2026-01-17T03:44:33Z
ABT,2008-05-29,18.72,18.85,18.13,18.13,22425065,55.96,56.35,54.18,54.18,7503300,2026-01-17T03:44:33Z
ABT,2008-05-30,18.85,18.96,18.67,18.74,20039479,56.35,56.66,55.79,56.02,6705100,2026-01-17T03:44:33Z
ABT,2008-06-02,18.63,18.8,18.49,18.68,18500326,55.68,56.2,55.26,55.84,6190100,2026-01-17T03:44:33Z
ABT,2008-06-03,18.65,19.09,18.56,18.72,21665389,55.73,57.04,55.47,55.95,7249100,2026-01-17T03:44:33Z
ABT,2008-06-04,18.74,18.77,18.47,18.65,17976975,56,56.1,55.21,55.73,6015000,2026-01-17T03:44:33Z
ABT,2008-06-05,18.65,18.74,18.47,18.47,14470988,55.73,56,55.21,55.21,4841900,2026-01-17T03:44:33Z
ABT,2008-06-06,18.32,18.61,18.3,18.6,17736688,54.76,55.63,54.7,55.58,5934600,2026-01-17T03:44:33Z
ABT,2008-06-09,18.33,18.5,18.18,18.47,10291255,54.78,55.28,54.34,55.2,3443400,2026-01-17T03:44:33Z
ABT,2008-06-10,18.14,18.31,18.06,18.27,12585723,54.23,54.73,53.97,54.59,4211100,2026-01-17T03:44:33Z
ABT,2008-06-11,17.9,18.23,17.77,18.07,15703490,53.5,54.48,53.1,54,5254300,2026-01-17T03:44:33Z
ABT,2008-06-12,18.04,18.1,17.91,17.98,12647235,53.93,54.1,53.52,53.75,4231700,2026-01-17T03:44:33Z
ABT,2008-06-13,18.1,18.18,18,18.12,11077890,54.11,54.34,53.79,54.17,3706600,2026-01-17T03:44:33Z
ABT,2008-06-16,18.18,18.21,17.85,17.95,15145813,54.33,54.44,53.36,53.65,5067700,2026-01-17T03:44:33Z
ABT,2008-06-17,17.92,18.48,17.92,18.23,17708328,53.57,55.24,53.56,54.5,5925100,2026-01-17T03:44:33Z
ABT,2008-06-18,17.77,18.02,17.73,17.79,15050767,53.11,53.86,53,53.18,5035900,2026-01-17T03:44:33Z
ABT,2008-06-19,18.11,18.2,17.73,17.77,17050831,54.14,54.41,53,53.11,5705100,2026-01-17T03:44:33Z
ABT,2008-06-20,17.85,18.18,17.76,17.94,19967471,53.35,54.32,53.09,53.62,6681000,2026-01-17T03:44:33Z
ABT,2008-06-23,18.17,18.25,17.86,17.89,18434588,54.29,54.53,53.37,53.47,6168100,2026-01-17T03:44:33Z
ABT,2008-06-24,17.98,18.16,17.86,18.07,18351522,53.75,54.29,53.39,53.99,6140300,2026-01-17T03:44:33Z
ABT,2008-06-25,17.91,18.07,17.77,17.96,22466050,53.53,54,53.11,53.67,7517000,2026-01-17T03:44:33Z
ABT,2008-06-26,17.65,18.02,17.61,18.02,19222687,52.74,53.86,52.62,53.86,6431800,2026-01-17T03:44:33Z
ABT,2008-06-27,17.73,17.85,17.59,17.63,22853347,53,53.35,52.56,52.69,7646600,2026-01-17T03:44:33Z
ABT,2008-06-30,17.72,17.9,17.6,17.72,25786838,52.97,53.5,52.6,52.97,8628100,2026-01-17T03:44:33Z
ABT,2008-07-01,18.14,18.16,17.61,17.63,23674118,54.21,54.28,52.63,52.7,7921200,2026-01-17T03:44:33Z
ABT,2008-07-02,18.15,18.38,18.1,18.19,15782093,54.24,54.94,54.1,54.36,5280600,2026-01-17T03:44:33Z
ABT,2008-07-03,18.32,18.46,18.16,18.34,24235668,54.75,55.17,54.28,54.8,8109100,2026-01-17T03:44:33Z
ABT,2008-07-07,18.13,18.4,17.97,18.34,19945608,54.19,55,53.71,54.8,6673700,2026-01-17T03:44:33Z
ABT,2008-07-08,19.2,19.2,18.18,18.23,46391943,57.37,57.38,54.32,54.49,15522500,2026-01-17T03:44:33Z
ABT,2008-07-09,19.04,19.38,18.96,19.02,25166678,56.91,57.92,56.66,56.85,8420600,2026-01-17T03:44:33Z
ABT,2008-07-10,19.19,19.24,18.88,19.04,22207473,57.35,57.5,56.42,56.91,7430500,2026-01-17T03:44:33Z
ABT,2008-07-11,19,19.14,18.71,19.13,22323534,56.43,56.83,55.57,56.81,7516500,2026-01-17T03:44:33Z
ABT,2008-07-14,18.93,19.31,18.86,19.14,18513393,56.22,57.34,56.01,56.85,6233600,2026-01-17T03:44:33Z
ABT,2008-07-15,19.48,19.57,18.82,18.99,37654397,57.85,58.13,55.91,56.41,12678500,2026-01-17T03:44:33Z
ABT,2008-07-16,19.18,19.7,19.06,19.63,36161705,56.97,58.5,56.6,58.3,12175900,2026-01-17T03:44:33Z
ABT,2008-07-17,19.36,19.52,18.55,19.23,29003185,57.5,57.98,55.08,57.1,9765600,2026-01-17T03:44:33Z
ABT,2008-07-18,19.39,19.65,19.3,19.45,32119304,57.58,58.35,57.31,57.76,10814800,2026-01-17T03:44:33Z
ABT,2008-07-21,19.12,19.52,18.88,19.3,24113153,56.78,57.98,56.08,57.31,8119100,2026-01-17T03:44:33Z
ABT,2008-07-22,19.42,19.77,19.02,19.02,35791517,57.69,58.73,56.49,56.49,12051300,2026-01-17T03:44:33Z
ABT,2008-07-23,19.19,19.53,19.13,19.48,24130093,56.99,57.99,56.81,57.84,8124800,2026-01-17T03:44:33Z
ABT,2008-07-24,19.18,19.41,19.02,19.16,23080813,56.96,57.64,56.49,56.9,7771500,2026-01-17T03:44:33Z
ABT,2008-07-25,19.33,19.36,19.14,19.29,15226525,57.42,57.51,56.83,57.28,5126900,2026-01-17T03:44:33Z
ABT,2008-07-28,18.93,19.25,18.88,19.25,18274939,56.21,57.18,56.07,57.18,6153300,2026-01-17T03:44:33Z
ABT,2008-07-29,18.84,19.22,18.74,19.16,27025262,55.94,57.09,55.66,56.92,9099600,2026-01-17T03:44:33Z
ABT,2008-07-30,19.14,19.43,18.78,18.89,28392628,56.85,57.69,55.77,56.1,9560000,2026-01-17T03:44:33Z
ABT,2008-07-31,18.97,19.42,18.9,19.05,23935611,56.34,57.67,56.12,56.59,8059300,2026-01-17T03:44:33Z
ABT,2008-08-01,18.88,19.23,18.8,18.97,17382139,56.07,57.11,55.83,56.34,5852700,2026-01-17T03:44:33Z
ABT,2008-08-04,19.28,19.48,18.83,18.88,23512658,57.26,57.87,55.93,56.07,7916900,2026-01-17T03:44:33Z
ABT,2008-08-05,19.77,19.78,19.27,19.35,27781970,58.71,58.74,57.22,57.48,9354400,2026-01-17T03:44:33Z
ABT,2008-08-06,19.79,19.91,19.64,19.68,21168189,58.78,59.14,58.34,58.44,7127500,2026-01-17T03:44:33Z
ABT,2008-08-07,19.65,19.86,19.53,19.75,15162676,58.36,58.98,58,58.65,5105400,2026-01-17T03:44:33Z
ABT,2008-08-08,19.88,19.93,19.58,19.58,22678965,59.03,59.19,58.15,58.15,7636200,2026-01-17T03:44:33Z
ABT,2008-08-11,19.83,19.92,19.68,19.82,14900152,58.9,59.17,58.45,58.88,5017000,2026-01-17T03:44:33Z
ABT,2008-08-12,19.83,19.97,19.7,19.86,15042461,58.88,59.3,58.52,58.97,5064900,2026-01-17T03:44:33Z
ABT,2008-08-13,19.68,19.95,19.58,19.84,14966664,58.45,59.25,58.14,58.92,5039400,2026-01-17T03:44:33Z
ABT,2008-08-14,19.76,19.97,19.4,19.58,15705347,58.7,59.3,57.62,58.16,5288100,2026-01-17T03:44:33Z
ABT,2008-08-15,20.07,20.14,19.62,19.76,16450481,59.62,59.82,58.28,58.68,5539000,2026-01-17T03:44:33Z
ABT,2008-08-18,19.85,20.11,19.72,20.11,12956035,58.96,59.74,58.58,59.74,4362400,2026-01-17T03:44:33Z
ABT,2008-08-19,19.82,20.03,19.7,19.75,10041061,58.86,59.49,58.51,58.65,3380900,2026-01-17T03:44:33Z
ABT,2008-08-20,19.64,19.86,19.49,19.75,14084343,58.34,58.97,57.88,58.66,4742300,2026-01-17T03:44:33Z
ABT,2008-08-21,19.54,19.58,19.36,19.51,11332390,58.04,58.14,57.51,57.95,3815700,2026-01-17T03:44:33Z
ABT,2008-08-22,19.69,19.84,19.53,19.58,10093009,58.48,58.92,58.01,58.14,3398400,2026-01-17T03:44:33Z
ABT,2008-08-25,19.45,19.67,19.3,19.65,13023189,57.76,58.43,57.31,58.37,4385000,2026-01-17T03:44:33Z
ABT,2008-08-26,19.38,19.52,19.23,19.48,7748842,57.57,57.98,57.1,57.84,2609100,2026-01-17T03:44:33Z
ABT,2008-08-27,19.43,19.53,19.29,19.38,9480017,57.72,58.01,57.3,57.56,3192000,2026-01-17T03:44:33Z
ABT,2008-08-28,19.78,19.82,19.45,19.52,11975060,58.75,58.87,57.76,57.96,4032100,2026-01-17T03:44:33Z
ABT,2008-08-29,19.34,19.8,19.34,19.69,11807882,57.43,58.82,57.43,58.47,3975800,2026-01-17T03:44:33Z
ABT,2008-09-02,19.87,19.98,19.38,19.57,23123341,59.01,59.34,57.55,58.12,7785800,2026-01-17T03:44:33Z
ABT,2008-09-03,19.51,19.97,19.45,19.8,17908685,57.93,59.3,57.75,58.8,6030000,2026-01-17T03:44:33Z
ABT,2008-09-04,19.05,19.42,19.01,19.37,24474284,56.57,57.68,56.45,57.52,8240700,2026-01-17T03:44:33Z
ABT,2008-09-05,19.2,19.26,18.84,18.93,18431124,57.01,57.19,55.96,56.21,6205900,2026-01-17T03:44:33Z
ABT,2008-09-08,19.67,19.81,19.3,19.58,20005445,58.42,58.84,57.33,58.16,6736000,2026-01-17T03:44:33Z
ABT,2008-09-09,19.35,19.85,19.33,19.77,21005413,57.48,58.96,57.41,58.71,7072700,2026-01-17T03:44:33Z
ABT,2008-09-10,19.5,19.74,19.25,19.42,19347619,57.9,58.63,57.16,57.67,6514500,2026-01-17T03:44:33Z
ABT,2008-09-11,19.97,20.01,19.43,19.48,25375465,59.31,59.43,57.7,57.86,8544100,2026-01-17T03:44:33Z
ABT,2008-09-12,19.9,19.97,19.57,19.78,19493721,59.09,59.3,58.12,58.75,6563700,2026-01-17T03:44:33Z
ABT,2008-09-15,19.69,20.02,19.53,19.61,23188915,58.48,59.47,57.99,58.24,7807900,2026-01-17T03:44:33Z
ABT,2008-09-16,20.14,20.19,19.36,19.36,35991729,59.81,59.95,57.5,57.5,12118700,2026-01-17T03:44:33Z
ABT,2008-09-17,19.28,20.06,19.02,19.94,32131753,57.25,59.57,56.5,59.22,10819000,2026-01-17T03:44:33Z
ABT,2008-09-18,19.56,19.88,19.07,19.45,31223200,58.08,59.05,56.65,57.75,10513100,2026-01-17T03:44:33Z
ABT,2008-09-19,19.77,20.06,19.45,19.86,32539214,58.71,59.59,57.75,58.99,10956200,2026-01-17T03:44:33Z
ABT,2008-09-22,19.24,19.84,19.16,19.65,15835378,57.14,58.91,56.91,58.36,5331900,2026-01-17T03:44:33Z
ABT,2008-09-23,19.7,19.93,19.35,19.35,27215250,58.51,59.18,57.47,57.47,9163600,2026-01-17T03:44:33Z
ABT,2008-09-24,19.82,19.94,19.64,19.71,21380613,58.85,59.21,58.33,58.55,7199000,2026-01-17T03:44:33Z
ABT,2008-09-25,19.98,20.11,19.76,19.83,19735781,59.33,59.73,58.68,58.89,6645200,2026-01-17T03:44:33Z
ABT,2008-09-26,20,20.06,19.76,19.81,18081889,59.4,59.59,58.69,58.84,6088300,2026-01-17T03:44:33Z
ABT,2008-09-29,19.33,20.46,19,19.82,31498275,57.4,60.78,56.42,58.88,10605700,2026-01-17T03:44:33Z
ABT,2008-09-30,19.39,19.85,19.21,19.82,37235617,57.58,58.95,57.04,58.85,12537500,2026-01-17T03:44:33Z
ABT,2008-10-01,19.63,19.7,19.19,19.28,23517127,58.29,58.5,57,57.26,7918400,2026-01-17T03:44:33Z
ABT,2008-10-02,19.83,20.18,19.48,19.49,35657011,58.9,59.93,57.85,57.88,12006000,2026-01-17T03:44:33Z
ABT,2008-10-03,19.7,20.12,19.64,20.03,29102343,58.51,59.75,58.32,59.48,9799000,2026-01-17T03:44:33Z
ABT,2008-10-06,18.99,19.79,18.38,19.53,38116178,56.4,58.76,54.58,57.99,12834000,2026-01-17T03:44:33Z
ABT,2008-10-07,18.82,19.61,18.76,19.05,35695699,55.88,58.24,55.71,56.57,12019000,2026-01-17T03:44:33Z
ABT,2008-10-08,18.62,19.16,17.8,18.52,44725069,55.29,56.89,52.85,55,15059300,2026-01-17T03:44:33Z
ABT,2008-10-09,16.92,18.76,16.92,18.63,40495566,50.25,55.71,50.24,55.33,13635200,2026-01-17T03:44:33Z
ABT,2008-10-10,16.77,17.71,15.52,16.25,59657985,49.45,52.23,45.75,47.92,20232200,2026-01-17T03:44:33Z
ABT,2008-10-13,18.38,18.64,17.32,17.89,34916598,54.21,54.96,51.06,52.75,11841500,2026-01-17T03:44:33Z
ABT,2008-10-14,18.58,19.39,17.89,19.18,41701195,54.78,57.16,52.74,56.57,14142400,2026-01-17T03:44:33Z
ABT,2008-10-15,18.27,19.03,18.05,19,42470749,53.88,56.1,53.21,56.01,14403400,2026-01-17T03:44:33Z
ABT,2008-10-16,18.78,18.99,17.31,18.32,51507815,55.38,56,51.05,54.01,17468200,2026-01-17T03:44:33Z
ABT,2008-10-17,18.81,19.75,17.89,18.6,42477087,55.46,58.24,52.74,54.85,14405600,2026-01-17T03:44:33Z
ABT,2008-10-20,19.52,19.67,18.78,19.24,28021029,57.55,57.99,55.37,56.73,9503000,2026-01-17T03:44:33Z
ABT,2008-10-21,18.99,19.62,18.91,19.57,23615800,55.99,57.85,55.77,57.72,8009000,2026-01-17T03:44:33Z
ABT,2008-10-22,18.27,18.91,17.82,18.65,32466264,53.86,55.75,52.55,54.98,11010500,2026-01-17T03:44:33Z
ABT,2008-10-23,18.66,19.07,17.88,18.39,39279738,55.02,56.23,52.73,54.23,13321200,2026-01-17T03:44:33Z
ABT,2008-10-24,18.42,18.85,17.36,17.6,29577035,54.3,55.59,51.2,51.89,10030700,2026-01-17T03:44:33Z
ABT,2008-10-27,18.03,18.71,17.93,18.19,26080333,53.17,55.18,52.88,53.64,8844800,2026-01-17T03:44:33Z
ABT,2008-10-28,18.65,18.76,17.68,18.14,39422280,55,55.32,52.12,53.5,13369600,2026-01-17T03:44:33Z
ABT,2008-10-29,18.37,18.82,17.96,18.65,29829165,54.17,55.5,52.97,55,10116200,2026-01-17T03:44:33Z
ABT,2008-10-30,18.5,18.99,18.04,18.86,23980594,54.56,56,53.19,55.6,8132700,2026-01-17T03:44:33Z
ABT,2008-10-31,18.7,18.99,18.32,18.44,25393285,55.15,56,54.02,54.37,8611800,2026-01-17T03:44:33Z
ABT,2008-11-03,18.99,19.08,18.57,18.69,18865800,56,56.26,54.75,55.12,6398100,2026-01-17T03:44:33Z
ABT,2008-11-04,19.13,19.33,18.85,19.18,20412124,56.41,57,55.57,56.54,6922500,2026-01-17T03:44:33Z
ABT,2008-11-05,18.71,19.47,18.59,18.99,27129124,55.18,57.4,54.83,56,9200500,2026-01-17T03:44:33Z
ABT,2008-11-06,18.23,18.97,18.1,18.56,25512140,53.74,55.93,53.37,54.74,8652100,2026-01-17T03:44:33Z
ABT,2008-11-07,18.75,18.9,18.17,18.31,19373563,55.3,55.73,53.57,54,6570300,2026-01-17T03:44:33Z
ABT,2008-11-10,18.78,19.29,18.75,18.91,22135015,55.38,56.88,55.3,55.76,7506800,2026-01-17T03:44:33Z
ABT,2008-11-11,18.71,19.15,18.45,18.62,20208928,55.17,56.47,54.41,54.9,6853600,2026-01-17T03:44:33Z
ABT,2008-11-12,18.48,19.04,18.36,18.82,21917354,54.5,56.13,54.14,55.49,7433000,2026-01-17T03:44:33Z
ABT,2008-11-13,19.38,19.44,18.17,18.52,33134673,57.14,57.31,53.57,54.6,11237200,2026-01-17T03:44:33Z
ABT,2008-11-14,18.67,19.44,18.63,19.01,23716943,55.06,57.33,54.94,56.06,8043300,2026-01-17T03:44:33Z
ABT,2008-11-17,18.76,19.23,18.34,18.35,23916534,55.32,56.71,54.09,54.1,8111000,2026-01-17T03:44:33Z
ABT,2008-11-18,19.18,19.29,18.48,18.92,33103402,56.57,56.88,54.5,55.79,11226600,2026-01-17T03:44:33Z
ABT,2008-11-19,18.49,19.42,18.46,19.17,30286793,54.52,57.27,54.42,56.52,10271400,2026-01-17T03:44:33Z
ABT,2008-11-20,17.08,18.45,16.79,18.4,50485636,50.35,54.41,49.5,54.26,17121600,2026-01-17T03:44:33Z
ABT,2008-11-21,17.47,17.53,16.37,17.17,52344737,51.52,51.7,48.27,50.63,17752100,2026-01-17T03:44:33Z
ABT,2008-11-24,17.22,17.62,17.09,17.62,42709233,50.78,51.95,50.39,51.95,14484300,2026-01-17T03:44:33Z
ABT,2008-11-25,17.37,17.72,17.04,17.4,46646928,51.22,52.25,50.25,51.31,15819700,2026-01-17T03:44:33Z
ABT,2008-11-26,17.42,17.46,16.82,17.02,24081373,51.37,51.49,49.6,50.17,8166900,2026-01-17T03:44:33Z
ABT,2008-11-28,17.77,17.86,17.13,17.28,10042541,52.39,52.67,50.5,50.94,3405800,2026-01-17T03:44:33Z
ABT,2008-12-01,17.01,17.58,16.96,17.36,24008026,50.15,51.85,50.01,51.19,8142000,2026-01-17T03:44:33Z
ABT,2008-12-02,17.62,17.68,17.12,17.23,22873581,51.97,52.13,50.47,50.8,7757300,2026-01-17T03:44:33Z
ABT,2008-12-03,18.03,18.14,17.35,17.35,23334562,53.15,53.48,51.17,51.17,7913600,2026-01-17T03:44:33Z
ABT,2008-12-04,17.65,18.11,17.49,17.76,20978243,52.03,53.41,51.56,52.38,7114500,2026-01-17T03:44:33Z
ABT,2008-12-05,17.89,18.04,17.11,17.48,24462353,52.75,53.2,50.44,51.54,8296100,2026-01-17T03:44:33Z
ABT,2008-12-08,17.95,18.23,17.88,18.21,25400691,52.92,53.74,52.73,53.7,8614300,2026-01-17T03:44:33Z
ABT,2008-12-09,17.62,18.32,17.47,17.95,24495931,51.97,54.02,51.5,52.94,8307500,2026-01-17T03:44:33Z
ABT,2008-12-10,17.47,17.8,17.35,17.58,19751829,51.52,52.5,51.16,51.83,6698600,2026-01-17T03:44:33Z
ABT,2008-12-11,17.31,17.66,17.23,17.47,23885279,51.03,52.06,50.79,51.52,8100400,2026-01-17T03:44:33Z
ABT,2008-12-12,17.21,17.22,16.73,16.97,24332058,50.75,50.78,49.34,50.05,8251900,2026-01-17T03:44:33Z
ABT,2008-12-15,17.51,17.64,17.14,17.26,21133859,51.64,52.03,50.54,50.9,7167300,2026-01-17T03:44:33Z
ABT,2008-12-16,18.03,18.12,17.52,17.64,28464934,53.16,53.44,51.67,52.03,9653500,2026-01-17T03:44:33Z
ABT,2008-12-17,17.66,17.98,17.59,17.84,22389146,52.06,53.02,51.86,52.62,7593000,2026-01-17T03:44:33Z
ABT,2008-12-18,17.63,18.01,17.4,17.75,27114308,51.99,53.1,51.3,52.35,9195500,2026-01-17T03:44:33Z
ABT,2008-12-19,17.73,18.06,17.68,17.97,37859902,52.27,53.25,52.14,53,12839700,2026-01-17T03:44:33Z
ABT,2008-12-22,17.88,17.94,17.48,17.77,23493173,52.71,52.9,51.54,52.39,7967400,2026-01-17T03:44:33Z
ABT,2008-12-23,17.79,18.07,17.76,18.02,20599965,52.46,53.28,52.38,53.15,6986200,2026-01-17T03:44:33Z
ABT,2008-12-24,17.86,17.95,17.74,17.84,5940949,52.65,52.92,52.32,52.6,2014800,2026-01-17T03:44:33Z
ABT,2008-12-26,17.81,17.95,17.7,17.91,5701525,52.51,52.93,52.19,52.81,1933600,2026-01-17T03:44:33Z
ABT,2008-12-29,17.69,18.03,17.48,18.03,13283699,52.17,53.17,51.55,53.17,4505000,2026-01-17T03:44:33Z
ABT,2008-12-30,18.03,18.06,17.79,17.8,15084188,53.16,53.26,52.46,52.5,5115600,2026-01-17T03:44:33Z
ABT,2008-12-31,18.1,18.23,18,18.06,16677571,53.37,53.74,53.07,53.25,5656000,2026-01-17T03:44:33Z
ABT,2009-01-02,18.16,18.26,17.76,18.15,18622540,53.56,53.85,52.37,53.53,6315600,2026-01-17T03:44:33Z
ABT,2009-01-05,17.85,18.14,17.66,18.04,18523752,52.64,53.48,52.07,53.2,6282100,2026-01-17T03:44:33Z
ABT,2009-01-06,17.27,18.05,16.98,17.92,41270533,50.92,53.22,50.06,52.85,13996400,2026-01-17T03:44:33Z
ABT,2009-01-07,17.17,17.43,17.04,17.08,32422880,50.64,51.38,50.25,50.37,10995800,2026-01-17T03:44:33Z
ABT,2009-01-08,17.36,17.57,17.19,17.19,25751561,51.2,51.82,50.7,50.7,8733300,2026-01-17T03:44:33Z
ABT,2009-01-09,17.35,17.68,17.27,17.36,19831443,51.17,52.12,50.91,51.18,6725600,2026-01-17T03:44:33Z
ABT,2009-01-12,16.98,17.4,16.79,17.4,35132409,50.06,51.32,49.5,51.32,11914700,2026-01-17T03:44:33Z
ABT,2009-01-13,17.1,17.21,16.79,16.91,24625425,50.06,50.39,49.16,49.49,8411900,2026-01-17T03:44:33Z
ABT,2009-01-14,16.9,17.06,16.74,17.04,23489366,49.47,49.95,49.01,49.88,8023800,2026-01-17T03:44:33Z
ABT,2009-01-15,16.81,16.95,16.45,16.91,29953320,49.22,49.61,48.17,49.5,10231900,2026-01-17T03:44:33Z
ABT,2009-01-16,17.05,17.2,16.85,16.93,37605399,49.92,50.35,49.34,49.56,12845800,2026-01-17T03:44:33Z
ABT,2009-01-20,16.81,17.47,16.79,17.23,28319626,49.2,51.14,49.14,50.44,9673800,2026-01-17T03:44:33Z
ABT,2009-01-21,17.87,17.93,16.99,17.18,39869254,52.32,52.5,49.73,50.3,13619100,2026-01-17T03:44:33Z
ABT,2009-01-22,18.11,18.18,17.56,17.64,35636450,53.01,53.22,51.4,51.65,12173200,2026-01-17T03:44:33Z
ABT,2009-01-23,18.04,18.13,17.76,17.92,25059544,52.81,53.08,52,52.46,8560200,2026-01-17T03:44:33Z
ABT,2009-01-26,18.46,18.61,17.88,18.16,33264150,54.05,54.49,52.35,53.15,11362800,2026-01-17T03:44:33Z
ABT,2009-01-27,18.58,18.72,18.25,18.42,31516358,54.39,54.81,53.42,53.92,10765800,2026-01-17T03:44:33Z
ABT,2009-01-28,18.77,18.83,18.41,18.69,40866072,54.96,55.13,53.91,54.71,13959600,2026-01-17T03:44:33Z
ABT,2009-01-29,18.93,18.95,18.54,18.65,40781799,55.41,55.48,54.28,54.59,13930800,2026-01-17T03:44:33Z
ABT,2009-01-30,18.94,19.07,18.69,18.79,36127334,55.44,55.83,54.72,55.02,12340900,2026-01-17T03:44:33Z
ABT,2009-02-02,18.98,19.07,18.14,18.39,28245779,55.57,55.84,53.11,53.84,9648600,2026-01-17T03:44:33Z
ABT,2009-02-03,19.46,19.6,18.91,19.09,44445512,56.98,57.39,55.36,55.89,15182300,2026-01-17T03:44:33Z
ABT,2009-02-04,19.1,19.57,19.05,19.52,32921867,55.91,57.3,55.76,57.15,11245900,2026-01-17T03:44:33Z
ABT,2009-02-05,19.31,19.37,18.82,19.07,24657350,56.53,56.7,55.1,55.84,8422800,2026-01-17T03:44:33Z
ABT,2009-02-06,19.52,19.55,19.26,19.29,30460423,57.15,57.24,56.37,56.48,10405100,2026-01-17T03:44:33Z
ABT,2009-02-09,19.56,19.59,19.23,19.54,32819172,57.25,57.36,56.28,57.2,11210800,2026-01-17T03:44:33Z
ABT,2009-02-10,19.06,19.56,18.91,19.5,33562992,55.79,57.25,55.37,57.07,11464900,2026-01-17T03:44:33Z
ABT,2009-02-11,19.03,19.21,18.89,19.16,22716716,55.7,56.23,55.29,56.1,7759900,2026-01-17T03:44:33Z
ABT,2009-02-12,19.17,19.17,18.64,18.88,19763197,56.13,56.13,54.56,55.28,6751000,2026-01-17T03:44:33Z
ABT,2009-02-13,18.77,19.23,18.7,19.15,21253271,54.94,56.3,54.75,56.07,7260000,2026-01-17T03:44:33Z
ABT,2009-02-17,18.42,18.71,18.22,18.64,22901706,53.93,54.77,53.34,54.58,7823100,2026-01-17T03:44:33Z
ABT,2009-02-18,18.51,18.6,18.32,18.5,18377952,54.2,54.46,53.64,54.16,6277800,2026-01-17T03:44:33Z
ABT,2009-02-19,18.6,18.72,18.32,18.32,20744811,54.46,54.8,53.64,53.64,7086300,2026-01-17T03:44:33Z
ABT,2009-02-20,18.46,18.67,18.31,18.45,26249321,54.03,54.66,53.6,54,8966600,2026-01-17T03:44:33Z
ABT,2009-02-23,18.24,18.61,18.2,18.25,19985736,53.4,54.49,53.27,53.44,6827000,2026-01-17T03:44:33Z
ABT,2009-02-24,18.7,18.76,18.32,18.36,26011953,54.74,54.93,53.62,53.75,8885500,2026-01-17T03:44:33Z
ABT,2009-02-25,18.32,18.71,18.2,18.65,27152073,53.62,54.78,53.28,54.59,9275000,2026-01-17T03:44:33Z
ABT,2009-02-26,17.28,18.48,17.26,18.33,39039971,50.58,54.09,50.54,53.66,13335800,2026-01-17T03:44:33Z
ABT,2009-02-27,16.17,16.96,16.14,16.85,56800915,47.34,49.66,47.24,49.33,19402900,2026-01-17T03:44:33Z
ABT,2009-03-02,16.07,16.19,15.51,15.95,47364071,47.04,47.4,45.39,46.69,16179300,2026-01-17T03:44:33Z
ABT,2009-03-03,15.65,16.25,15.65,16.17,39301719,45.82,47.58,45.81,47.35,13425200,2026-01-17T03:44:33Z
ABT,2009-03-04,16.12,16.35,15.55,15.88,34635864,47.18,47.86,45.53,46.5,11831400,2026-01-17T03:44:33Z
ABT,2009-03-05,15.73,16.13,15.59,15.85,28617869,46.04,47.23,45.65,46.4,9775700,2026-01-17T03:44:33Z
ABT,2009-03-06,16.02,16.14,15.72,15.83,29744453,46.89,47.25,46.01,46.34,10160500,2026-01-17T03:44:33Z
ABT,2009-03-09,15.94,16.16,15.75,15.87,29171985,46.65,47.32,46.12,46.45,9965000,2026-01-17T03:44:33Z
ABT,2009-03-10,16.05,16.2,15.83,16.16,33746171,46.98,47.43,46.34,47.3,11527500,2026-01-17T03:44:33Z
ABT,2009-03-11,15.19,16.16,15.17,16.07,43163193,44.47,47.3,44.42,47.03,14744300,2026-01-17T03:44:33Z
ABT,2009-03-12,15.94,16.15,15.06,15.15,38254090,46.65,47.28,44.1,44.36,13067400,2026-01-17T03:44:33Z
ABT,2009-03-13,16,16.12,15.72,16.03,38847231,46.85,47.18,46.01,46.94,13270000,2026-01-17T03:44:33Z
ABT,2009-03-16,16.35,16.54,16.14,16.15,33772783,47.85,48.41,47.26,47.28,11536600,2026-01-17T03:44:33Z
ABT,2009-03-17,16.79,16.8,16.31,16.37,31569402,49.14,49.17,47.76,47.92,10783900,2026-01-17T03:44:33Z
ABT,2009-03-18,16.61,16.93,16.51,16.71,25227926,48.63,49.56,48.34,48.91,8617700,2026-01-17T03:44:33Z
ABT,2009-03-19,16.24,16.73,16.06,16.73,27149417,47.53,48.99,47.01,48.98,9274100,2026-01-17T03:44:33Z
ABT,2009-03-20,16.24,16.48,16.15,16.4,27853788,47.54,48.24,47.27,48,9514700,2026-01-17T03:44:33Z
ABT,2009-03-23,16.66,16.66,16.31,16.49,20967903,48.76,48.76,47.75,48.28,7162500,2026-01-17T03:44:33Z
ABT,2009-03-24,15.87,16.71,15.76,16.52,45110727,46.46,48.92,46.14,48.36,15409500,2026-01-17T03:44:33Z
ABT,2009-03-25,15.72,16.05,15.38,16.01,57593994,46.03,47,45.04,46.88,19673800,2026-01-17T03:44:33Z
ABT,2009-03-26,15.87,15.87,15.29,15.86,48981959,46.45,46.46,44.75,46.44,16731900,2026-01-17T03:44:33Z
ABT,2009-03-27,15.92,16.1,15.67,15.73,32258723,46.6,47.12,45.87,46.04,11019400,2026-01-17T03:44:33Z
ABT,2009-03-30,16.36,16.44,15.94,15.95,41451933,47.89,48.12,46.65,46.69,14159700,2026-01-17T03:44:33Z
ABT,2009-03-31,16.29,16.67,16.27,16.48,30228344,47.7,48.8,47.63,48.26,10325800,2026-01-17T03:44:33Z
ABT,2009-04-01,15.95,16.1,15.71,16.1,35660256,46.7,47.13,46,47.12,12181300,2026-01-17T03:44:33Z
ABT,2009-04-02,15.5,16.22,15.49,16.22,51393000,45.38,47.48,45.35,47.48,17555500,2026-01-17T03:44:33Z
ABT,2009-04-03,15.07,15.77,14.95,15.56,40895698,44.12,46.15,43.77,45.55,13969700,2026-01-17T03:44:33Z
ABT,2009-04-06,14.81,15.14,14.61,14.98,49897009,43.36,44.32,42.76,43.86,17044500,2026-01-17T03:44:33Z
ABT,2009-04-07,14.66,14.92,14.56,14.73,38118096,42.92,43.68,42.62,43.11,13020900,2026-01-17T03:44:33Z
ABT,2009-04-08,14.92,15.2,14.71,14.78,45620268,43.67,44.5,43.07,43.28,15583600,2026-01-17T03:44:33Z
ABT,2009-04-09,15.04,15.19,14.64,15.19,43880119,44.03,44.46,42.86,44.46,14989200,2026-01-17T03:44:33Z
ABT,2009-04-13,15.3,15.52,15.11,15.12,29185576,44.38,45.03,43.82,43.86,10061000,2026-01-17T03:44:33Z
ABT,2009-04-14,15.41,15.48,15.22,15.35,39425224,44.71,44.91,44.16,44.53,13590900,2026-01-17T03:44:33Z
ABT,2009-04-15,14.71,15.24,14.44,14.96,77579931,42.66,44.21,41.88,43.41,26743800,2026-01-17T03:44:33Z
ABT,2009-04-16,14.72,14.86,14.57,14.82,42182059,42.69,43.1,42.26,43,14541200,2026-01-17T03:44:33Z
ABT,2009-04-17,15.13,15.21,14.71,14.78,44683382,43.89,44.13,42.66,42.88,15403500,2026-01-17T03:44:33Z
ABT,2009-04-20,15.2,15.32,15.07,15.14,35867832,44.09,44.44,43.73,43.92,12364600,2026-01-17T03:44:33Z
ABT,2009-04-21,15.3,15.49,15.12,15.25,27212613,44.37,44.93,43.87,44.23,9380900,2026-01-17T03:44:33Z
ABT,2009-04-22,14.65,15.22,14.6,15.21,40089089,42.5,44.14,42.35,44.13,13819700,2026-01-17T03:44:33Z
ABT,2009-04-23,14.95,14.97,14.48,14.68,30678897,43.36,43.44,42.01,42.57,10575800,2026-01-17T03:44:33Z
ABT,2009-04-24,14.85,15.13,14.78,15.02,27005584,43.09,43.9,42.88,43.57,9309500,2026-01-17T03:44:33Z
ABT,2009-04-27,14.88,15.12,14.78,14.82,22505080,43.16,43.86,42.86,43,7758100,2026-01-17T03:44:33Z
ABT,2009-04-28,14.83,14.96,14.79,14.84,20142172,43.01,43.41,42.9,43.05,6943500,2026-01-17T03:44:33Z
ABT,2009-04-29,14.69,14.88,14.61,14.87,23519294,42.62,43.18,42.39,43.13,8107700,2026-01-17T03:44:33Z
ABT,2009-04-30,14.43,14.85,14.26,14.82,48897907,41.85,43.07,41.37,43,16856400,2026-01-17T03:44:33Z
ABT,2009-05-01,14.31,14.49,14.23,14.47,25747158,41.52,42.04,41.27,41.97,8875700,2026-01-17T03:44:33Z
ABT,2009-05-04,14.89,14.92,14.51,14.56,33900766,43.18,43.27,42.1,42.23,11686500,2026-01-17T03:44:33Z
ABT,2009-05-05,15.07,15.17,14.87,14.89,27207528,43.73,44,43.13,43.2,9379100,2026-01-17T03:44:33Z
ABT,2009-05-06,14.8,15.17,14.61,15.04,28982123,42.93,44,42.38,43.63,9990900,2026-01-17T03:44:33Z
ABT,2009-05-07,15.38,15.43,14.82,14.91,37141608,44.62,44.76,43,43.24,12803700,2026-01-17T03:44:33Z
ABT,2009-05-08,15.49,15.69,15.39,15.56,28224806,44.93,45.5,44.65,45.15,9729800,2026-01-17T03:44:33Z
ABT,2009-05-11,15.47,15.66,15.35,15.5,18770917,44.87,45.43,44.52,44.96,6470800,2026-01-17T03:44:33Z
ABT,2009-05-12,15.65,15.8,15.48,15.53,26571551,45.41,45.83,44.92,45.06,9159900,2026-01-17T03:44:33Z
ABT,2009-05-13,15.69,15.96,15.53,15.56,22708807,45.5,46.31,45.04,45.15,7828300,2026-01-17T03:44:33Z
ABT,2009-05-14,15.39,15.71,15.38,15.68,27864488,44.63,45.56,44.62,45.47,9605600,2026-01-17T03:44:33Z
ABT,2009-05-15,14.93,15.39,14.91,15.36,46166612,43.32,44.65,43.26,44.55,15914800,2026-01-17T03:44:33Z
ABT,2009-05-18,14.89,15.11,14.78,15.03,29315580,43.2,43.83,42.88,43.59,10105800,2026-01-17T03:44:33Z
ABT,2009-05-19,14.78,15.01,14.74,14.91,23058682,42.88,43.55,42.75,43.24,7948900,2026-01-17T03:44:33Z
ABT,2009-05-20,14.85,15.1,14.82,14.9,29000708,43.08,43.81,43,43.23,9997300,2026-01-17T03:44:33Z
ABT,2009-05-21,14.93,14.97,14.75,14.83,18325895,43.32,43.43,42.8,43.01,6317400,2026-01-17T03:44:33Z
ABT,2009-05-22,15.15,15.36,14.93,15.01,21592887,43.94,44.55,43.32,43.54,7443600,2026-01-17T03:44:33Z
ABT,2009-05-26,15.36,15.48,15.05,15.25,21675817,44.57,44.91,43.65,44.24,7472200,2026-01-17T03:44:33Z
ABT,2009-05-27,15.3,15.42,15.26,15.34,17262100,44.39,44.74,44.28,44.5,5950700,2026-01-17T03:44:33Z
ABT,2009-05-28,15.37,15.47,15.23,15.24,17253099,44.6,44.89,44.17,44.22,5947600,2026-01-17T03:44:33Z
ABT,2009-05-29,15.53,15.55,15.19,15.41,21142083,45.06,45.12,44.07,44.69,7288200,2026-01-17T03:44:33Z
ABT,2009-06-01,15.51,15.66,15.39,15.62,19935800,44.98,45.42,44.66,45.3,6872400,2026-01-17T03:44:33Z
ABT,2009-06-02,15.56,15.7,15.43,15.45,15871134,45.15,45.53,44.76,44.82,5471200,2026-01-17T03:44:33Z
ABT,2009-06-03,15.55,15.67,15.4,15.51,23243153,45.12,45.46,44.68,44.98,8012500,2026-01-17T03:44:33Z
ABT,2009-06-04,15.43,15.62,15.29,15.57,23241921,44.75,45.3,44.35,45.18,8012100,2026-01-17T03:44:33Z
ABT,2009-06-05,15.51,15.6,15.29,15.48,20636357,44.98,45.26,44.35,44.91,7113900,2026-01-17T03:44:33Z
ABT,2009-06-08,15.42,15.53,15.26,15.39,17410342,44.73,45.06,44.27,44.64,6001800,2026-01-17T03:44:33Z
ABT,2009-06-09,15.29,15.49,15.29,15.48,13903793,44.35,44.95,44.35,44.92,4793000,2026-01-17T03:44:33Z
ABT,2009-06-10,15.22,15.41,15.13,15.38,29045778,44.15,44.7,43.9,44.6,10012800,2026-01-17T03:44:33Z
ABT,2009-06-11,15.36,15.54,15.23,15.24,26716564,44.56,45.09,44.19,44.21,9209900,2026-01-17T03:44:33Z
ABT,2009-06-12,15.66,15.86,15.33,15.33,29833652,45.42,46,44.47,44.47,10284400,2026-01-17T03:44:33Z
ABT,2009-06-15,15.42,15.74,15.37,15.74,26689593,44.73,45.65,44.58,45.65,9200600,2026-01-17T03:44:33Z
ABT,2009-06-16,15.42,15.59,15.24,15.41,22687574,44.73,45.22,44.22,44.7,7821000,2026-01-17T03:44:33Z
ABT,2009-06-17,15.83,15.93,15.43,15.43,25498250,45.92,46.22,44.75,44.77,8789900,2026-01-17T03:44:33Z
ABT,2009-06-18,16.43,16.52,15.88,15.88,43806496,47.66,47.92,46.07,46.07,15101200,2026-01-17T03:44:33Z
ABT,2009-06-19,16.4,16.64,16.29,16.49,42080537,47.58,48.26,47.26,47.84,14506200,2026-01-17T03:44:33Z
ABT,2009-06-22,16.1,16.33,16.06,16.26,26502871,46.71,47.36,46.58,47.18,9136200,2026-01-17T03:44:33Z
ABT,2009-06-23,16.15,16.27,15.96,16.17,18758158,46.86,47.2,46.3,46.9,6466400,2026-01-17T03:44:33Z
ABT,2009-06-24,16.2,16.28,16.05,16.27,17347373,46.99,47.23,46.57,47.2,5980100,2026-01-17T03:44:33Z
ABT,2009-06-25,16.55,16.67,16.07,16.12,22508950,48.02,48.37,46.62,46.77,7759400,2026-01-17T03:44:33Z
ABT,2009-06-26,16.35,16.59,16.3,16.51,23763008,47.43,48.13,47.29,47.88,8191700,2026-01-17T03:44:33Z
ABT,2009-06-29,16.48,16.49,16.08,16.41,19545955,47.82,47.84,46.65,47.59,6738000,2026-01-17T03:44:33Z
ABT,2009-06-30,16.22,16.43,15.95,16.28,41006219,47.04,47.65,46.26,47.23,14135900,2026-01-17T03:44:33Z
ABT,2009-07-01,16.08,16.23,16.04,16.2,24710672,46.64,47.09,46.53,47,8518400,2026-01-17T03:44:33Z
ABT,2009-07-02,15.95,16.08,15.77,15.96,21907568,46.28,46.64,45.75,46.3,7552100,2026-01-17T03:44:33Z
ABT,2009-07-06,15.86,15.97,15.73,15.73,22997678,46,46.33,45.63,45.63,7927900,2026-01-17T03:44:33Z
ABT,2009-07-07,15.63,15.89,15.59,15.66,24699289,45.34,46.09,45.22,45.42,8514500,2026-01-17T03:44:33Z
ABT,2009-07-08,15.96,16.03,15.69,15.69,27084804,46.31,46.49,45.5,45.5,9336800,2026-01-17T03:44:33Z
ABT,2009-07-09,15.83,16.06,15.66,16,21473373,45.93,46.59,45.44,46.41,7402400,2026-01-17T03:44:33Z
ABT,2009-07-10,15.65,15.79,15.61,15.79,18648732,45.41,45.8,45.27,45.8,6428700,2026-01-17T03:44:33Z
ABT,2009-07-13,16.05,16.09,15.65,15.71,21310284,46.15,46.25,45,45.18,7411500,2026-01-17T03:44:33Z
ABT,2009-07-14,16.17,16.28,15.99,16.16,22896658,46.49,46.82,45.97,46.47,7963200,2026-01-17T03:44:33Z
ABT,2009-07-15,15.75,15.93,15.38,15.89,74560083,45.28,45.8,44.23,45.7,25931200,2026-01-17T03:44:33Z
ABT,2009-07-16,15.63,15.72,15.5,15.7,36726380,44.94,45.21,44.58,45.13,12773000,2026-01-17T03:44:33Z
ABT,2009-07-17,15.47,15.58,15.37,15.48,35518034,44.47,44.8,44.2,44.52,12352800,2026-01-17T03:44:33Z
ABT,2009-07-20,15.65,15.66,15.41,15.52,24338579,45.01,45.03,44.3,44.61,8464700,2026-01-17T03:44:33Z
ABT,2009-07-21,15.65,15.79,15.48,15.72,23474296,45,45.39,44.51,45.2,8164100,2026-01-17T03:44:33Z
ABT,2009-07-22,15.38,15.74,15.31,15.65,29002985,44.22,45.25,44.01,45.01,10086900,2026-01-17T03:44:33Z
ABT,2009-07-23,15.25,15.46,15.11,15.45,48390453,43.84,44.45,43.45,44.41,16829700,2026-01-17T03:44:33Z
ABT,2009-07-24,15.65,15.68,15.23,15.28,26251518,45.01,45.09,43.8,43.94,9130000,2026-01-17T03:44:33Z
ABT,2009-07-27,15.66,15.78,15.47,15.7,18134027,45.03,45.38,44.49,45.13,6306800,2026-01-17T03:44:33Z
ABT,2009-07-28,15.8,15.86,15.62,15.64,21105263,45.43,45.6,44.9,44.96,7340200,2026-01-17T03:44:33Z
ABT,2009-07-29,15.89,15.95,15.69,15.78,18018085,45.69,45.87,45.12,45.38,6266500,2026-01-17T03:44:33Z
ABT,2009-07-30,15.89,16.1,15.81,15.99,27677340,45.7,46.29,45.45,45.98,9625900,2026-01-17T03:44:33Z
ABT,2009-07-31,15.65,16,15.62,15.91,27720016,44.99,46.01,44.92,45.74,9640700,2026-01-17T03:44:33Z
ABT,2009-08-03,15.59,15.69,15.37,15.68,29003509,44.82,45.12,44.2,45.08,10087100,2026-01-17T03:44:33Z
ABT,2009-08-04,15.41,15.58,15.38,15.53,30184301,44.3,44.79,44.23,44.66,10497800,2026-01-17T03:44:33Z
ABT,2009-08-05,15.3,15.42,15.29,15.42,22647376,44,44.35,43.97,44.35,7876500,2026-01-17T03:44:33Z
ABT,2009-08-06,15.17,15.37,15.12,15.36,28156217,43.63,44.18,43.49,44.17,9792400,2026-01-17T03:44:33Z
ABT,2009-08-07,15.25,15.31,15.21,15.29,20325499,43.84,44.03,43.72,43.96,7069000,2026-01-17T03:44:33Z
ABT,2009-08-10,15.48,15.5,15.13,15.2,23200510,44.52,44.56,43.51,43.7,8068900,2026-01-17T03:44:33Z
ABT,2009-08-11,15.55,15.61,15.45,15.48,18719646,44.7,44.88,44.43,44.52,6510500,2026-01-17T03:44:33Z
ABT,2009-08-12,15.31,15.49,15.22,15.45,35689150,44.01,44.55,43.75,44.43,12412300,2026-01-17T03:44:33Z
ABT,2009-08-13,15.41,15.44,15.18,15.31,23539284,44.32,44.38,43.66,44.02,8186700,2026-01-17T03:44:33Z
ABT,2009-08-14,15.43,15.55,15.28,15.48,19964717,44.36,44.71,43.93,44.5,6943500,2026-01-17T03:44:33Z
ABT,2009-08-17,15.57,15.63,15.27,15.3,26319465,44.76,44.95,43.9,44,9153600,2026-01-17T03:44:33Z
ABT,2009-08-18,15.42,15.58,15.35,15.58,20615929,44.33,44.81,44.13,44.8,7170000,2026-01-17T03:44:33Z
ABT,2009-08-19,15.71,15.75,15.34,15.35,26242107,45.17,45.29,44.1,44.14,9126700,2026-01-17T03:44:33Z
ABT,2009-08-20,15.75,15.8,15.59,15.72,14682452,45.28,45.43,44.83,45.19,5106400,2026-01-17T03:44:33Z
ABT,2009-08-21,15.79,16,15.76,15.85,24353624,45.39,46,45.32,45.58,8469900,2026-01-17T03:44:33Z
ABT,2009-08-24,16.03,16.04,15.74,15.9,26509206,46.08,46.13,45.25,45.73,9219600,2026-01-17T03:44:33Z
ABT,2009-08-25,15.97,16.11,15.96,16,19920372,45.92,46.31,45.9,46.02,6928100,2026-01-17T03:44:33Z
ABT,2009-08-26,16.02,16.13,15.91,15.94,18973619,46.07,46.39,45.75,45.82,6598800,2026-01-17T03:44:33Z
ABT,2009-08-27,16.21,16.23,15.97,16.06,22435940,46.61,46.66,45.91,46.17,7803000,2026-01-17T03:44:33Z
ABT,2009-08-28,15.97,16.22,15.89,16.22,18064943,45.92,46.65,45.69,46.64,6282800,2026-01-17T03:44:33Z
ABT,2009-08-31,15.73,16.09,15.66,15.92,28323200,45.23,46.27,45.02,45.77,9850500,2026-01-17T03:44:33Z
ABT,2009-09-01,15.69,15.91,15.6,15.68,21611146,45.12,45.74,44.84,45.08,7516100,2026-01-17T03:44:33Z
ABT,2009-09-02,15.65,15.79,15.55,15.69,19481645,45,45.39,44.72,45.1,6775500,2026-01-17T03:44:33Z
ABT,2009-09-03,15.67,15.73,15.56,15.73,15880003,45.06,45.23,44.75,45.23,5522900,2026-01-17T03:44:33Z
ABT,2009-09-04,15.87,15.88,15.61,15.7,14717555,45.63,45.67,44.89,45.15,5118600,2026-01-17T03:44:33Z
ABT,2009-09-08,15.97,15.97,15.74,15.88,20790470,45.91,45.91,45.25,45.67,7230700,2026-01-17T03:44:33Z
ABT,2009-09-09,16.12,16.21,15.95,15.99,24183337,46.36,46.62,45.86,45.99,8410700,2026-01-17T03:44:33Z
ABT,2009-09-10,16.3,16.3,15.93,16.13,28506600,46.87,46.87,45.81,46.37,9914300,2026-01-17T03:44:33Z
ABT,2009-09-11,16.29,16.34,16.19,16.31,23014184,46.83,46.98,46.56,46.89,8004100,2026-01-17T03:44:33Z
ABT,2009-09-14,16.46,16.51,16.25,16.28,29438457,47.33,47.46,46.71,46.82,10238400,2026-01-17T03:44:33Z
ABT,2009-09-15,16.38,16.52,16.33,16.46,20692412,47.09,47.5,46.95,47.34,7196600,2026-01-17T03:44:33Z
ABT,2009-09-16,16.25,16.44,16.1,16.44,21949231,46.72,47.28,46.3,47.28,7633700,2026-01-17T03:44:33Z
ABT,2009-09-17,16.12,16.35,16.12,16.26,20024494,46.36,47,46.36,46.74,6964300,2026-01-17T03:44:33Z
ABT,2009-09-18,15.99,16.16,15.93,16.16,43155949,45.97,46.47,45.8,46.47,15009200,2026-01-17T03:44:33Z
ABT,2009-09-21,16.18,16.22,15.93,15.93,20502305,46.52,46.65,45.8,45.81,7130500,2026-01-17T03:44:33Z
ABT,2009-09-22,16.25,16.32,16.14,16.23,23592149,46.73,46.93,46.4,46.67,8205100,2026-01-17T03:44:33Z
ABT,2009-09-23,16.04,16.3,16.03,16.3,17753012,46.13,46.87,46.09,46.87,6174300,2026-01-17T03:44:33Z
ABT,2009-09-24,16.33,16.35,16,16.1,34041649,46.94,47.02,46.01,46.29,11839300,2026-01-17T03:44:33Z
ABT,2009-09-25,16.46,16.62,16.26,16.26,32885365,47.33,47.78,46.76,46.76,11437200,2026-01-17T03:44:33Z
ABT,2009-09-28,16.9,17.28,16.86,17.09,53290328,48.58,49.69,48.49,49.15,18533800,2026-01-17T03:44:33Z
ABT,2009-09-29,17.08,17.24,16.97,17.04,34138303,49.1,49.58,48.8,48.98,11872900,2026-01-17T03:44:33Z
ABT,2009-09-30,17.21,17.23,16.93,17.09,30124340,49.47,49.53,48.68,49.15,10476900,2026-01-17T03:44:33Z
ABT,2009-10-01,16.93,17.3,16.91,17.2,30824378,48.68,49.75,48.62,49.46,10720400,2026-01-17T03:44:33Z
ABT,2009-10-02,17.33,17.39,16.84,16.84,36854250,49.84,50,48.41,48.41,12817500,2026-01-17T03:44:33Z
ABT,2009-10-05,17.5,17.54,17.26,17.36,32587901,50.33,50.43,49.62,49.93,11333700,2026-01-17T03:44:33Z
ABT,2009-10-06,17.45,17.64,17.34,17.56,25411889,50.18,50.71,49.85,50.5,8838000,2026-01-17T03:44:33Z
ABT,2009-10-07,17.4,18.12,17.36,17.42,16430615,50.04,52.1,49.93,50.09,5714400,2026-01-17T03:44:33Z
ABT,2009-10-08,17.43,17.65,17.34,17.5,16987030,50.11,50.75,49.86,50.33,5907900,2026-01-17T03:44:33Z
ABT,2009-10-09,17.42,17.55,17.36,17.41,15700875,50.08,50.45,49.91,50.05,5460600,2026-01-17T03:44:33Z
ABT,2009-10-12,17.39,17.54,17.33,17.54,20980478,50,50.43,49.82,50.43,7296800,2026-01-17T03:44:33Z
ABT,2009-10-13,17.41,17.52,17.29,17.45,23212595,49.65,49.96,49.32,49.77,8138200,2026-01-17T03:44:33Z
ABT,2009-10-14,17.95,18.05,17.61,17.78,37998967,51.2,51.49,50.24,50.72,13322200,2026-01-17T03:44:33Z
ABT,2009-10-15,18.2,18.29,17.95,18.03,28727584,51.91,52.16,51.2,51.42,10071700,2026-01-17T03:44:33Z
ABT,2009-10-16,18.03,18.19,18,18.1,24785147,51.43,51.88,51.33,51.62,8689500,2026-01-17T03:44:33Z
ABT,2009-10-19,18.31,18.36,18.02,18.04,24530685,52.23,52.36,51.4,51.46,8600300,2026-01-17T03:44:33Z
ABT,2009-10-20,18.18,18.34,18.14,18.22,22190058,51.86,52.31,51.73,51.98,7779700,2026-01-17T03:44:33Z
ABT,2009-10-21,17.93,18.22,17.9,18.2,20082757,51.15,51.96,51.06,51.91,7040900,2026-01-17T03:44:33Z
ABT,2009-10-22,18.29,18.34,17.81,17.92,21291566,52.17,52.31,50.81,51.12,7464700,2026-01-17T03:44:33Z
ABT,2009-10-23,17.99,18.29,17.87,18.22,17056175,51.31,52.17,50.97,51.98,5979800,2026-01-17T03:44:33Z
ABT,2009-10-26,17.84,18.13,17.71,18.01,17333753,50.89,51.72,50.52,51.38,6077100,2026-01-17T03:44:33Z
ABT,2009-10-27,17.96,18.06,17.71,17.71,16559349,51.22,51.5,50.52,50.52,5805600,2026-01-17T03:44:33Z
ABT,2009-10-28,17.89,18.09,17.88,17.93,16392471,51.02,51.59,51,51.13,5747100,2026-01-17T03:44:33Z
ABT,2009-10-29,17.83,17.89,17.63,17.89,19246206,50.86,51.02,50.28,51.02,6747600,2026-01-17T03:44:33Z
ABT,2009-10-30,17.73,17.95,17.67,17.82,19957600,50.57,51.2,50.4,50.83,6997000,2026-01-17T03:44:33Z
ABT,2009-11-02,17.85,17.93,17.7,17.82,16191700,50.91,51.15,50.5,50.83,5676700,2026-01-17T03:44:33Z
ABT,2009-11-03,17.68,17.84,17.55,17.84,17609883,50.43,50.89,50.07,50.88,6173900,2026-01-17T03:44:33Z
ABT,2009-11-04,17.85,18.06,17.7,17.7,15800933,50.91,51.5,50.5,50.5,5539700,2026-01-17T03:44:33Z
ABT,2009-11-05,18.1,18.15,17.87,17.89,14229819,51.62,51.77,50.98,51.04,4988900,2026-01-17T03:44:33Z
ABT,2009-11-06,18.07,18.09,17.91,18.04,11394096,51.53,51.59,51.07,51.45,3994700,2026-01-17T03:44:33Z
ABT,2009-11-09,18.35,18.37,18.07,18.15,14875322,52.35,52.4,51.55,51.78,5215200,2026-01-17T03:44:33Z
ABT,2009-11-10,18.51,18.58,18.28,18.3,15802007,52.8,52.99,52.15,52.19,5540100,2026-01-17T03:44:33Z
ABT,2009-11-11,18.67,18.77,18.59,18.73,17532278,53.26,53.55,53.01,53.42,6146700,2026-01-17T03:44:33Z
ABT,2009-11-12,18.66,18.86,18.59,18.72,13634588,53.23,53.8,53.01,53.39,4780200,2026-01-17T03:44:33Z
ABT,2009-11-13,18.56,18.76,18.5,18.72,16992351,52.95,53.5,52.78,53.4,5957400,2026-01-17T03:44:33Z
ABT,2009-11-16,18.8,18.89,18.63,18.77,19352643,53.63,53.89,53.14,53.53,6784900,2026-01-17T03:44:33Z
ABT,2009-11-17,18.69,18.8,18.61,18.8,15952040,53.31,53.62,53.08,53.62,5592700,2026-01-17T03:44:33Z
ABT,2009-11-18,18.64,18.69,18.41,18.69,13781744,53.18,53.31,52.5,53.31,4831800,2026-01-17T03:44:33Z
ABT,2009-11-19,18.57,18.65,18.43,18.54,19229607,52.96,53.2,52.57,52.89,6741800,2026-01-17T03:44:33Z
ABT,2009-11-20,18.81,18.84,18.52,18.67,18248706,53.64,53.74,52.84,53.25,6397900,2026-01-17T03:44:33Z
ABT,2009-11-23,18.63,18.88,18.57,18.83,26609354,53.13,53.84,52.98,53.72,9329100,2026-01-17T03:44:33Z
ABT,2009-11-24,19.02,19.1,18.41,18.66,24642489,54.24,54.49,52.5,53.22,8639500,2026-01-17T03:44:33Z
ABT,2009-11-25,19.08,19.14,18.97,19.04,11942030,54.41,54.59,54.11,54.3,4186800,2026-01-17T03:44:33Z
ABT,2009-11-27,18.96,19.05,18.68,18.75,8242592,54.08,54.34,53.29,53.49,2889800,2026-01-17T03:44:33Z
ABT,2009-11-30,19.1,19.12,18.82,19,20098139,54.49,54.55,53.69,54.2,7046300,2026-01-17T03:44:33Z
ABT,2009-12-01,19.1,19.24,19.01,19.23,29135633,54.48,54.87,54.22,54.85,10214800,2026-01-17T03:44:33Z
ABT,2009-12-02,19.09,19.27,19.02,19.1,15856548,54.44,54.97,54.24,54.49,5559200,2026-01-17T03:44:33Z
ABT,2009-12-03,19.02,19.17,18.98,19.08,15252131,54.24,54.69,54.13,54.41,5347300,2026-01-17T03:44:33Z
ABT,2009-12-04,18.85,19.16,18.72,19.13,17958707,53.78,54.65,53.4,54.57,6296200,2026-01-17T03:44:33Z
ABT,2009-12-07,18.81,19.02,18.8,18.88,15221573,53.66,54.25,53.62,53.84,5336600,2026-01-17T03:44:33Z
ABT,2009-12-08,18.67,18.81,18.56,18.76,16504298,53.24,53.64,52.94,53.52,5786300,2026-01-17T03:44:33Z
ABT,2009-12-09,18.8,18.82,18.63,18.76,13163691,53.61,53.67,53.14,53.5,4615100,2026-01-17T03:44:33Z
