ticker,tradeDate,clsPx,hiPx,loPx,open,stockVolume,unadjClsPx,unadjHiPx,unadjLoPx,unadjOpen,unadjStockVolume,updatedAt
ADBE,2006-01-03,38.52,38.8,36.13,37.2,12752500,38.52,38.8,36.13,37.2,12752500,2020-09-26T01:03:20Z
ADBE,2006-01-04,38.42,38.8,37.8,38.7,6941100,38.42,38.8,37.8,38.7,6941100,2020-09-26T01:03:20Z
ADBE,2006-01-05,38.07,38.49,37.54,38.26,6731300,38.07,38.49,37.54,38.26,6731300,2020-09-26T01:03:20Z
ADBE,2006-01-06,39,39.02,38.45,38.5,8117100,39,39.02,38.45,38.5,8117100,2020-09-26T01:03:20Z
ADBE,2006-01-09,38.38,39.06,37.87,39.05,6244300,38.38,39.06,37.87,39.05,6244300,2020-09-26T01:03:20Z
ADBE,2006-01-10,38.61,39.42,38.09,38.1,7480700,38.61,39.42,38.09,38.1,7480700,2020-09-26T01:03:20Z
ADBE,2006-01-11,39.33,39.73,38.5,39.14,6580100,39.33,39.73,38.5,39.14,6580100,2020-09-26T01:03:20Z
ADBE,2006-01-12,39.49,39.97,39.08,39.81,5970200,39.49,39.97,39.08,39.81,5970200,2020-09-26T01:03:20Z
ADBE,2006-01-13,38.84,39.9,38.53,39.64,4857800,38.84,39.9,38.53,39.64,4857800,2020-09-26T01:03:20Z
ADBE,2006-01-17,39.44,39.47,38.62,38.7,4218000,39.44,39.47,38.62,38.7,4218000,2020-09-26T01:03:20Z
ADBE,2006-01-18,39.73,40.1,38.78,38.95,5466500,39.73,40.1,38.78,38.95,5466500,2020-09-26T01:03:20Z
ADBE,2006-01-19,40.46,40.85,39.54,39.71,4450000,40.46,40.85,39.54,39.71,4450000,2020-09-26T01:03:20Z
ADBE,2006-01-20,38.43,40.62,38.27,40.54,6884100,38.43,40.62,38.27,40.54,6884100,2020-09-26T01:03:20Z
ADBE,2006-01-23,37.79,38.86,37.79,38.63,7288600,37.79,38.86,37.79,38.63,7288600,2020-09-26T01:03:20Z
ADBE,2006-01-24,39.13,39.3,37.89,37.95,5848100,39.13,39.3,37.89,37.95,5848100,2020-09-26T01:03:20Z
ADBE,2006-01-25,38.96,39.04,38.14,38.57,4718300,38.96,39.04,38.14,38.57,4718300,2020-09-26T01:03:20Z
ADBE,2006-01-26,38.77,39.45,38.22,39.15,4958300,38.77,39.45,38.22,39.15,4958300,2020-09-26T01:03:20Z
ADBE,2006-01-27,40.08,40.13,38.72,38.84,6414300,40.08,40.13,38.72,38.84,6414300,2020-09-26T01:03:20Z
ADBE,2006-01-30,39.35,40.19,39.16,39.91,4767600,39.35,40.19,39.16,39.91,4767600,2020-09-26T01:03:20Z
ADBE,2006-01-31,39.73,40.05,39.06,39.29,4903800,39.73,40.05,39.06,39.29,4903800,2020-09-26T01:03:20Z
ADBE,2006-02-01,40.51,40.59,39.17,39.32,4548500,40.51,40.59,39.17,39.32,4548500,2020-09-26T01:03:20Z
ADBE,2006-02-02,39.39,40.15,38.83,40.02,5782000,39.39,40.15,38.83,40.02,5782000,2020-09-26T01:03:20Z
ADBE,2006-02-03,39.2,39.44,38.38,39.15,3519400,39.2,39.44,38.38,39.15,3519400,2020-09-26T01:03:20Z
ADBE,2006-02-06,39.52,39.88,38.92,38.93,2741600,39.52,39.88,38.92,38.93,2741600,2020-09-26T01:03:20Z
ADBE,2006-02-07,39.26,39.98,38.87,39.29,3613100,39.26,39.98,38.87,39.29,3613100,2020-09-26T01:03:20Z
ADBE,2006-02-08,38.8,39.76,38.64,39.43,3797300,38.8,39.76,38.64,39.43,3797300,2020-09-26T01:03:20Z
ADBE,2006-02-09,38.12,38.92,37.93,38.8,3917400,38.12,38.92,37.93,38.8,3917400,2020-09-26T01:03:20Z
ADBE,2006-02-10,38.69,38.94,37.25,37.98,6634300,38.69,38.94,37.25,37.98,6634300,2020-09-26T01:03:20Z
ADBE,2006-02-13,38.19,39.06,37.62,38.35,4432000,38.19,39.06,37.62,38.35,4432000,2020-09-26T01:03:20Z
ADBE,2006-02-14,38.13,38.36,37.5,38.25,3617600,38.13,38.36,37.5,38.25,3617600,2020-09-26T01:03:20Z
ADBE,2006-02-15,37.65,38.48,37.05,37.97,4409200,37.65,38.48,37.05,37.97,4409200,2020-09-26T01:03:20Z
ADBE,2006-02-16,38.58,38.59,37.67,37.71,6483100,38.58,38.59,37.67,37.71,6483100,2020-09-26T01:03:20Z
ADBE,2006-02-17,37.8,38.69,37.68,38.4,3349400,37.8,38.69,37.68,38.4,3349400,2020-09-26T01:03:20Z
ADBE,2006-02-21,38.1,38.36,37.52,37.71,4945800,38.1,38.36,37.52,37.71,4945800,2020-09-26T01:03:20Z
ADBE,2006-02-22,38.76,39.07,38.09,38.26,3403600,38.76,39.07,38.09,38.26,3403600,2020-09-26T01:03:20Z
ADBE,2006-02-23,38.77,39.34,38.29,38.57,2946800,38.77,39.34,38.29,38.57,2946800,2020-09-26T01:03:20Z
ADBE,2006-02-24,38.34,39.01,38.09,38.76,2480600,38.34,39.01,38.09,38.76,2480600,2020-09-26T01:03:20Z
ADBE,2006-02-27,39.19,39.5,38.27,38.49,2846400,39.19,39.5,38.27,38.49,2846400,2020-09-26T01:03:20Z
ADBE,2006-02-28,38.55,39.14,38.2,38.93,3722900,38.55,39.14,38.2,38.93,3722900,2020-09-26T01:03:20Z
ADBE,2006-03-01,39.04,39.17,38.4,38.52,2779500,39.04,39.17,38.4,38.52,2779500,2020-09-26T01:03:20Z
ADBE,2006-03-02,38.81,39.26,38.5,38.8,2358100,38.81,39.26,38.5,38.8,2358100,2020-09-26T01:03:20Z
ADBE,2006-03-03,39.05,39.5,38.3,38.5,4552100,39.05,39.5,38.3,38.5,4552100,2020-09-26T01:03:20Z
ADBE,2006-03-06,38.43,39.31,38.2,39.05,2926900,38.43,39.31,38.2,39.05,2926900,2020-09-26T01:03:20Z
ADBE,2006-03-07,38.11,38.5,37.96,38.36,2961700,38.11,38.5,37.96,38.36,2961700,2020-09-26T01:03:20Z
ADBE,2006-03-08,37.78,38.24,37.49,37.99,2891200,37.78,38.24,37.49,37.99,2891200,2020-09-26T01:03:20Z
ADBE,2006-03-09,37.44,38.52,37.33,38.01,3284800,37.44,38.52,37.33,38.01,3284800,2020-09-26T01:03:20Z
ADBE,2006-03-10,37.21,37.89,36.6,37.2,3641500,37.21,37.89,36.6,37.2,3641500,2020-09-26T01:03:20Z
ADBE,2006-03-13,37.14,37.38,36.73,37.11,3518100,37.14,37.38,36.73,37.11,3518100,2020-09-26T01:03:20Z
ADBE,2006-03-14,37.4,38.01,36.96,37.1,3625200,37.4,38.01,36.96,37.1,3625200,2020-09-26T01:03:20Z
ADBE,2006-03-15,37.08,37.76,36.95,37.64,4336500,37.08,37.76,36.95,37.64,4336500,2020-09-26T01:03:20Z
ADBE,2006-03-16,35.93,37.35,35.91,37,6439000,35.93,37.35,35.91,37,6439000,2020-09-26T01:03:20Z
ADBE,2006-03-17,35.98,36.24,35.61,36,6477400,35.98,36.24,35.61,36,6477400,2020-09-26T01:03:20Z
ADBE,2006-03-20,36.55,36.88,35.94,36.03,3819300,36.55,36.88,35.94,36.03,3819300,2020-09-26T01:03:20Z
ADBE,2006-03-21,36.35,37.36,36.2,36.42,5120000,36.35,37.36,36.2,36.42,5120000,2020-09-26T01:03:20Z
ADBE,2006-03-22,36.62,36.86,36.18,36.7,5742000,36.62,36.86,36.18,36.7,5742000,2020-09-26T01:03:20Z
ADBE,2006-03-23,36.33,36.61,35.39,35.58,16923100,36.33,36.61,35.39,35.58,16923100,2020-09-26T01:03:20Z
ADBE,2006-03-24,36.49,36.85,36.12,36.33,5143800,36.49,36.85,36.12,36.33,5143800,2020-09-26T01:03:20Z
ADBE,2006-03-27,35.79,36.48,35.69,36.25,5469800,35.79,36.48,35.69,36.25,5469800,2020-09-26T01:03:20Z
ADBE,2006-03-28,35.52,36.15,35.31,35.81,5030600,35.52,36.15,35.31,35.81,5030600,2020-09-26T01:03:20Z
ADBE,2006-03-29,35.95,36.29,35.39,35.56,4559400,35.95,36.29,35.39,35.56,4559400,2020-09-26T01:03:20Z
ADBE,2006-03-30,35.31,36.37,35.2,36.37,10553300,35.31,36.37,35.2,36.37,10553300,2020-09-26T01:03:20Z
ADBE,2006-03-31,34.95,35.75,34.91,35.31,5043900,34.95,35.75,34.91,35.31,5043900,2020-09-26T01:03:20Z
ADBE,2006-04-03,35.7,36.2,34.97,35.18,4931400,35.7,36.2,34.97,35.18,4931400,2020-09-26T01:03:20Z
ADBE,2006-04-04,36.21,36.3,35.7,35.87,3711400,36.21,36.3,35.7,35.87,3711400,2020-09-26T01:03:20Z
ADBE,2006-04-05,35.99,36.27,35.88,36.14,3800600,35.99,36.27,35.88,36.14,3800600,2020-09-26T01:03:20Z
ADBE,2006-04-06,36.1,36.41,35.6,35.94,3077000,36.1,36.41,35.6,35.94,3077000,2020-09-26T01:03:20Z
ADBE,2006-04-07,36.95,37.21,36.1,36.1,6005500,36.95,37.21,36.1,36.1,6005500,2020-09-26T01:03:20Z
ADBE,2006-04-10,37.5,37.75,36.79,36.89,5597700,37.5,37.75,36.79,36.89,5597700,2020-09-26T01:03:20Z
ADBE,2006-04-11,37.28,37.65,37,37.35,3682400,37.28,37.65,37,37.35,3682400,2020-09-26T01:03:20Z
ADBE,2006-04-12,36.97,37.35,36.75,37,2682300,36.97,37.35,36.75,37,2682300,2020-09-26T01:03:20Z
ADBE,2006-04-13,36.83,37.15,36.64,36.88,3127000,36.83,37.15,36.64,36.88,3127000,2020-09-26T01:03:20Z
ADBE,2006-04-17,36.89,37.43,36.51,36.57,4478200,36.89,37.43,36.51,36.57,4478200,2020-09-26T01:03:20Z
ADBE,2006-04-18,37.35,37.57,36.5,36.94,3383300,37.35,37.57,36.5,36.94,3383300,2020-09-26T01:03:20Z
ADBE,2006-04-19,37.57,37.67,37.18,37.35,2542100,37.57,37.67,37.18,37.35,2542100,2020-09-26T01:03:20Z
ADBE,2006-04-20,37.68,38.24,37,37.79,2871400,37.68,38.24,37,37.79,2871400,2020-09-26T01:03:20Z
ADBE,2006-04-21,37.46,38.2,37.25,38,3546400,37.46,38.2,37.25,38,3546400,2020-09-26T01:03:20Z
ADBE,2006-04-24,37.2,37.52,36.9,37.43,2525800,37.2,37.52,36.9,37.43,2525800,2020-09-26T01:03:20Z
ADBE,2006-04-25,37.66,37.92,37.42,37.56,3876400,37.66,37.92,37.42,37.56,3876400,2020-09-26T01:03:20Z
ADBE,2006-04-26,38.15,38.37,37.65,37.81,3117100,38.15,38.37,37.65,37.81,3117100,2020-09-26T01:03:20Z
ADBE,2006-04-27,39.45,39.87,37.7,37.83,7725100,39.45,39.87,37.7,37.83,7725100,2020-09-26T01:03:20Z
ADBE,2006-04-28,39.2,39.78,39.2,39.47,7137900,39.2,39.78,39.2,39.47,7137900,2020-09-26T01:03:20Z
ADBE,2006-05-01,38.17,39.21,37.71,39.15,6125400,38.17,39.21,37.71,39.15,6125400,2020-09-26T01:03:20Z
ADBE,2006-05-02,38.35,39.05,38.25,38.35,6056200,38.35,39.05,38.25,38.35,6056200,2020-09-26T01:03:20Z
ADBE,2006-05-03,35.06,36.09,34.31,35.98,26881400,35.06,36.09,34.31,35.98,26881400,2020-09-26T01:03:20Z
ADBE,2006-05-04,34.32,35,33.82,34.95,11776300,34.32,35,33.82,34.95,11776300,2020-09-26T01:03:20Z
ADBE,2006-05-05,34.18,34.72,34.11,34.69,5556500,34.18,34.72,34.11,34.69,5556500,2020-09-26T01:03:20Z
ADBE,2006-05-08,33.69,34.4,33.62,34.18,4766800,33.69,34.4,33.62,34.18,4766800,2020-09-26T01:03:20Z
ADBE,2006-05-09,33.24,33.99,33.17,33.75,5895000,33.24,33.99,33.17,33.75,5895000,2020-09-26T01:03:20Z
ADBE,2006-05-10,33.38,33.87,33.1,33.16,5692100,33.38,33.87,33.1,33.16,5692100,2020-09-26T01:03:20Z
ADBE,2006-05-11,32.63,33.52,32.4,33.3,5577300,32.63,33.52,32.4,33.3,5577300,2020-09-26T01:03:20Z
ADBE,2006-05-12,31.92,32.59,31.58,32.26,3776800,31.92,32.59,31.58,32.26,3776800,2020-09-26T01:03:20Z
ADBE,2006-05-15,32.19,32.39,31.7,31.86,4184900,32.19,32.39,31.7,31.86,4184900,2020-09-26T01:03:20Z
ADBE,2006-05-16,32.3,32.93,32.22,32.7,6041300,32.3,32.93,32.22,32.7,6041300,2020-09-26T01:03:20Z
ADBE,2006-05-17,31.2,32.2,31.16,32.01,8507200,31.2,32.2,31.16,32.01,8507200,2020-09-26T01:03:20Z
ADBE,2006-05-18,30.17,31.43,29.95,31.35,11530700,30.17,31.43,29.95,31.35,11530700,2020-09-26T01:03:20Z
ADBE,2006-05-19,30.31,30.89,29.96,30.25,9014300,30.31,30.89,29.96,30.25,9014300,2020-09-26T01:03:20Z
ADBE,2006-05-22,29.91,30.35,29.75,30.1,6050800,29.91,30.35,29.75,30.1,6050800,2020-09-26T01:03:20Z
ADBE,2006-05-23,29.02,30.3,28.81,30.03,10168000,29.02,30.3,28.81,30.03,10168000,2020-09-26T01:03:20Z
ADBE,2006-05-24,29.27,29.87,28.78,29.01,8317200,29.27,29.87,28.78,29.01,8317200,2020-09-26T01:03:20Z
ADBE,2006-05-25,29.14,29.58,28.88,29.58,5931100,29.14,29.58,28.88,29.58,5931100,2020-09-26T01:03:20Z
ADBE,2006-05-26,28.98,29.34,28.79,29.32,4817200,28.98,29.34,28.79,29.32,4817200,2020-09-26T01:03:20Z
ADBE,2006-05-30,28.35,28.95,28.3,28.78,6255700,28.35,28.95,28.3,28.78,6255700,2020-09-26T01:03:20Z
ADBE,2006-05-31,28.63,28.84,28.42,28.47,10920500,28.63,28.84,28.42,28.47,10920500,2020-09-26T01:03:20Z
ADBE,2006-06-01,28.72,28.85,28.46,28.68,6658200,28.72,28.85,28.46,28.68,6658200,2020-09-26T01:03:20Z
ADBE,2006-06-02,29,29.2,28.75,28.97,6208200,29,29.2,28.75,28.97,6208200,2020-09-26T01:03:20Z
ADBE,2006-06-05,29.47,29.69,28.79,28.98,13922600,29.47,29.69,28.79,28.98,13922600,2020-09-26T01:03:20Z
ADBE,2006-06-06,29.84,29.98,29.25,29.5,9259800,29.84,29.98,29.25,29.5,9259800,2020-09-26T01:03:20Z
ADBE,2006-06-07,28.82,29.99,28.67,29.99,9093400,28.82,29.99,28.67,29.99,9093400,2020-09-26T01:03:20Z
ADBE,2006-06-08,27.85,29.03,27.5,28.47,11438300,27.85,29.03,27.5,28.47,11438300,2020-09-26T01:03:20Z
ADBE,2006-06-09,27.99,28.67,27.88,28.03,5666300,27.99,28.67,27.88,28.03,5666300,2020-09-26T01:03:20Z
ADBE,2006-06-12,28.84,29.39,28.31,28.69,9304900,28.84,29.39,28.31,28.69,9304900,2020-09-26T01:03:20Z
ADBE,2006-06-13,28.98,29.41,28.77,29.14,8449600,28.98,29.41,28.77,29.14,8449600,2020-09-26T01:03:20Z
ADBE,2006-06-14,28.57,29.1,28.35,29.1,7216000,28.57,29.1,28.35,29.1,7216000,2020-09-26T01:03:20Z
ADBE,2006-06-15,28.96,29.09,27.75,28.88,15328600,28.96,29.09,27.75,28.88,15328600,2020-09-26T01:03:20Z
ADBE,2006-06-16,29.12,29.93,28.59,28.67,30390100,29.12,29.93,28.59,28.67,30390100,2020-09-26T01:03:20Z
ADBE,2006-06-19,28.78,29.25,28.5,29.13,10921300,28.78,29.25,28.5,29.13,10921300,2020-09-26T01:03:20Z
ADBE,2006-06-20,29.53,29.83,28.77,28.77,6609800,29.53,29.83,28.77,28.77,6609800,2020-09-26T01:03:20Z
ADBE,2006-06-21,29.88,30.22,29.52,29.64,7341700,29.88,30.22,29.52,29.64,7341700,2020-09-26T01:03:20Z
ADBE,2006-06-22,30.79,30.91,29.94,30.5,11104700,30.79,30.91,29.94,30.5,11104700,2020-09-26T01:03:20Z
ADBE,2006-06-23,30.6,31.08,30.34,30.71,5483200,30.6,31.08,30.34,30.71,5483200,2020-09-26T01:03:20Z
ADBE,2006-06-26,30.69,30.9,30.34,30.57,3771700,30.69,30.9,30.34,30.57,3771700,2020-09-26T01:03:20Z
ADBE,2006-06-27,29.94,31,29.74,30.79,5527600,29.94,31,29.74,30.79,5527600,2020-09-26T01:03:20Z
ADBE,2006-06-28,30.06,30.22,29.53,30.2,4336900,30.06,30.22,29.53,30.2,4336900,2020-09-26T01:03:20Z
ADBE,2006-06-29,30.4,30.48,29.85,30.35,6966600,30.4,30.48,29.85,30.35,6966600,2020-09-26T01:03:20Z
ADBE,2006-06-30,30.36,30.9,30.33,30.82,3677000,30.36,30.9,30.33,30.82,3677000,2020-09-26T01:03:20Z
ADBE,2006-07-03,30.64,30.78,30.4,30.61,1246800,30.64,30.78,30.4,30.61,1246800,2020-09-26T01:03:20Z
ADBE,2006-07-05,29.86,30.52,29.54,30.31,4819200,29.86,30.52,29.54,30.31,4819200,2020-09-26T01:03:20Z
ADBE,2006-07-06,29.59,30.05,29.27,29.81,2568300,29.59,30.05,29.27,29.81,2568300,2020-09-26T01:03:20Z
ADBE,2006-07-07,29.42,29.66,28.94,29.42,4108900,29.42,29.66,28.94,29.42,4108900,2020-09-26T01:03:20Z
ADBE,2006-07-10,29.26,29.8,29.12,29.54,3097700,29.26,29.8,29.12,29.54,3097700,2020-09-26T01:03:20Z
ADBE,2006-07-11,29.55,29.7,28.9,28.98,4370900,29.55,29.7,28.9,28.98,4370900,2020-09-26T01:03:20Z
ADBE,2006-07-12,28.56,29.65,27.84,29.59,8428600,28.56,29.65,27.84,29.59,8428600,2020-09-26T01:03:20Z
ADBE,2006-07-13,28.1,28.67,27.69,28.25,6421900,28.1,28.67,27.69,28.25,6421900,2020-09-26T01:03:20Z
ADBE,2006-07-14,28.01,28.99,27.94,27.95,4003300,28.01,28.99,27.94,27.95,4003300,2020-09-26T01:03:20Z
ADBE,2006-07-17,27.59,28.1,27.2,27.85,4195400,27.59,28.1,27.2,27.85,4195400,2020-09-26T01:03:20Z
ADBE,2006-07-18,27.69,28.07,27.33,27.52,4542200,27.69,28.07,27.33,27.52,4542200,2020-09-26T01:03:20Z
ADBE,2006-07-19,28.41,28.69,27.58,27.62,4027900,28.41,28.69,27.58,27.62,4027900,2020-09-26T01:03:20Z
ADBE,2006-07-20,28.02,28.34,27.66,28.25,3660900,28.02,28.34,27.66,28.25,3660900,2020-09-26T01:03:20Z
ADBE,2006-07-21,27.65,28.09,27.59,27.83,4445100,27.65,28.09,27.59,27.83,4445100,2020-09-26T01:03:20Z
ADBE,2006-07-24,27.38,27.9,26.92,27.67,6527200,27.38,27.9,26.92,27.67,6527200,2020-09-26T01:03:20Z
ADBE,2006-07-25,27.22,27.63,26.7,27.33,6758100,27.22,27.63,26.7,27.33,6758100,2020-09-26T01:03:20Z
ADBE,2006-07-26,26.89,27.34,25.98,26.7,7310000,26.89,27.34,25.98,26.7,7310000,2020-09-26T01:03:20Z
ADBE,2006-07-27,26.47,27.35,26.44,26.93,4668800,26.47,27.35,26.44,26.93,4668800,2020-09-26T01:03:20Z
ADBE,2006-07-28,27.63,27.84,26.55,26.87,5565700,27.63,27.84,26.55,26.87,5565700,2020-09-26T01:03:20Z
ADBE,2006-07-31,28.51,28.56,27.23,27.53,5837900,28.51,28.56,27.23,27.53,5837900,2020-09-26T01:03:20Z
ADBE,2006-08-01,28.34,28.97,28,28.4,6899100,28.34,28.97,28,28.4,6899100,2020-09-26T01:03:20Z
ADBE,2006-08-02,32.28,32.58,29.99,30,12151300,32.28,32.58,29.99,30,12151300,2020-09-26T01:03:20Z
ADBE,2006-08-03,32.53,32.65,31.3,31.55,6408400,32.53,32.65,31.3,31.55,6408400,2020-09-26T01:03:20Z
ADBE,2006-08-04,31.72,32.74,31.5,32.6,5481600,31.72,32.74,31.5,32.6,5481600,2020-09-26T01:03:20Z
ADBE,2006-08-07,31.79,32,31.13,31.63,3817300,31.79,32,31.13,31.63,3817300,2020-09-26T01:03:20Z
ADBE,2006-08-08,31.95,32.7,31.71,32.01,4080200,31.95,32.7,31.71,32.01,4080200,2020-09-26T01:03:20Z
ADBE,2006-08-09,31.45,32.49,31.35,32.14,3558800,31.45,32.49,31.35,32.14,3558800,2020-09-26T01:03:20Z
ADBE,2006-08-10,32.2,32.37,31.44,31.53,3010100,32.2,32.37,31.44,31.53,3010100,2020-09-26T01:03:20Z
ADBE,2006-08-11,31.85,32.27,31.52,32.07,3479800,31.85,32.27,31.52,32.07,3479800,2020-09-26T01:03:20Z
ADBE,2006-08-14,32.51,32.89,31.9,32.19,3625900,32.51,32.89,31.9,32.19,3625900,2020-09-26T01:03:20Z
ADBE,2006-08-15,33.95,34,32.64,32.7,6188700,33.95,34,32.64,32.7,6188700,2020-09-26T01:03:20Z
ADBE,2006-08-16,33.99,34.12,33.28,34,4771400,33.99,34.12,33.28,34,4771400,2020-09-26T01:03:20Z
ADBE,2006-08-17,34.01,34.19,33.45,33.75,5097100,34.01,34.19,33.45,33.75,5097100,2020-09-26T01:03:20Z
ADBE,2006-08-18,34.07,34.55,33.76,34,4059100,34.07,34.55,33.76,34,4059100,2020-09-26T01:03:20Z
ADBE,2006-08-21,33.18,33.99,33.18,33.5,3575400,33.18,33.99,33.18,33.5,3575400,2020-09-26T01:03:20Z
ADBE,2006-08-22,32.78,33.47,32.31,33.17,5448000,32.78,33.47,32.31,33.17,5448000,2020-09-26T01:03:20Z
ADBE,2006-08-23,32.41,32.99,32.14,32.91,2675200,32.41,32.99,32.14,32.91,2675200,2020-09-26T01:03:20Z
ADBE,2006-08-24,32.63,32.77,32.27,32.73,1806900,32.63,32.77,32.27,32.73,1806900,2020-09-26T01:03:20Z
ADBE,2006-08-25,32.53,32.96,32.41,32.41,2143700,32.53,32.96,32.41,32.41,2143700,2020-09-26T01:03:20Z
ADBE,2006-08-28,32.86,33,32.26,32.43,2565100,32.86,33,32.26,32.43,2565100,2020-09-26T01:03:20Z
ADBE,2006-08-29,31.86,32.98,31.51,32.92,6086100,31.86,32.98,31.51,32.92,6086100,2020-09-26T01:03:20Z
ADBE,2006-08-30,32.05,32.13,31.75,31.81,4486000,32.05,32.13,31.75,31.81,4486000,2020-09-26T01:03:20Z
ADBE,2006-08-31,32.44,32.75,32.01,32.23,4030100,32.44,32.75,32.01,32.23,4030100,2020-09-26T01:03:20Z
ADBE,2006-09-01,32.33,33.04,32,32.44,2375400,32.33,33.04,32,32.44,2375400,2020-09-26T01:03:20Z
ADBE,2006-09-05,32.67,32.95,32,32.15,2343500,32.67,32.95,32,32.15,2343500,2020-09-26T01:03:20Z
ADBE,2006-09-06,32.72,32.87,32,32.4,3869100,32.72,32.87,32,32.4,3869100,2020-09-26T01:03:20Z
ADBE,2006-09-07,31.5,32.73,31.49,32.49,4359500,31.5,32.73,31.49,32.49,4359500,2020-09-26T01:03:20Z
ADBE,2006-09-08,31.81,32.14,31.01,31.6,3510000,31.81,32.14,31.01,31.6,3510000,2020-09-26T01:03:20Z
ADBE,2006-09-11,31.84,32.37,31,31.42,3426500,31.84,32.37,31,31.42,3426500,2020-09-26T01:03:20Z
ADBE,2006-09-12,32.77,32.99,31.41,31.79,3804700,32.77,32.99,31.41,31.79,3804700,2020-09-26T01:03:20Z
ADBE,2006-09-13,33.53,33.6,31.94,32.67,5773800,33.53,33.6,31.94,32.67,5773800,2020-09-26T01:03:20Z
ADBE,2006-09-14,33.65,33.81,32.95,33.54,8851000,33.65,33.81,32.95,33.54,8851000,2020-09-26T01:03:20Z
ADBE,2006-09-15,37,38.19,36.5,36.62,33457400,37,38.19,36.5,36.62,33457400,2020-09-26T01:03:20Z
ADBE,2006-09-18,37.51,37.77,36.23,36.23,9228200,37.51,37.77,36.23,36.23,9228200,2020-09-26T01:03:20Z
ADBE,2006-09-19,37.34,37.75,36.9,37.33,5710500,37.34,37.75,36.9,37.33,5710500,2020-09-26T01:03:20Z
ADBE,2006-09-20,37.7,37.81,37.28,37.33,7004700,37.7,37.81,37.28,37.33,7004700,2020-09-26T01:03:20Z
ADBE,2006-09-21,37.4,38.12,37.06,37.83,4671600,37.4,38.12,37.06,37.83,4671600,2020-09-26T01:03:20Z
ADBE,2006-09-22,37.06,37.73,36.56,37.4,5190800,37.06,37.73,36.56,37.4,5190800,2020-09-26T01:03:20Z
ADBE,2006-09-25,38.19,38.5,37.07,37.14,10304600,38.19,38.5,37.07,37.14,10304600,2020-09-26T01:03:20Z
ADBE,2006-09-26,37.67,38.5,37.62,38.19,5634200,37.67,38.5,37.62,38.19,5634200,2020-09-26T01:03:20Z
ADBE,2006-09-27,38.06,38.61,37.6,37.7,5003600,38.06,38.61,37.6,37.7,5003600,2020-09-26T01:03:20Z
ADBE,2006-09-28,38.33,38.6,37.58,38.22,3711300,38.33,38.6,37.58,38.22,3711300,2020-09-26T01:03:20Z
ADBE,2006-09-29,37.46,38.38,37.43,38.15,4244700,37.46,38.38,37.43,38.15,4244700,2020-09-26T01:03:20Z
ADBE,2006-10-02,37,37.82,36.8,37.54,3678100,37,37.82,36.8,37.54,3678100,2020-09-26T01:03:20Z
ADBE,2006-10-03,36.75,37.64,36.72,36.88,4117100,36.75,37.64,36.72,36.88,4117100,2020-09-26T01:03:20Z
ADBE,2006-10-04,37.76,37.91,36.69,36.75,6852100,37.76,37.91,36.69,36.75,6852100,2020-09-26T01:03:20Z
ADBE,2006-10-05,38.18,38.41,37.54,37.56,4268400,38.18,38.41,37.54,37.56,4268400,2020-09-26T01:03:20Z
ADBE,2006-10-06,38.15,38.3,37.57,38.25,3142100,38.15,38.3,37.57,38.25,3142100,2020-09-26T01:03:20Z
ADBE,2006-10-09,37.39,38.22,37.27,38.08,3835200,37.39,38.22,37.27,38.08,3835200,2020-09-26T01:03:20Z
ADBE,2006-10-10,37.77,37.98,37.23,37.43,3517300,37.77,37.98,37.23,37.43,3517300,2020-09-26T01:03:20Z
ADBE,2006-10-11,37.12,37.76,36.75,37.55,5053000,37.12,37.76,36.75,37.55,5053000,2020-09-26T01:03:20Z
ADBE,2006-10-12,38.21,38.26,37.14,37.25,5894600,38.21,38.26,37.14,37.25,5894600,2020-09-26T01:03:20Z
ADBE,2006-10-13,39.07,39.43,38.05,38.05,12661900,39.07,39.43,38.05,38.05,12661900,2020-09-26T01:03:20Z
ADBE,2006-10-16,38.25,38.8,38.14,38.75,5956100,38.25,38.8,38.14,38.75,5956100,2020-09-26T01:03:20Z
ADBE,2006-10-17,38.12,38.3,37.5,37.91,3524000,38.12,38.3,37.5,37.91,3524000,2020-09-26T01:03:20Z
ADBE,2006-10-18,38.53,38.88,37.98,38.47,3699300,38.53,38.88,37.98,38.47,3699300,2020-09-26T01:03:20Z
ADBE,2006-10-19,38.49,39.03,37.83,38.45,3915300,38.49,39.03,37.83,38.45,3915300,2020-09-26T01:03:20Z
ADBE,2006-10-20,38.2,38.79,37.75,38.52,3020500,38.2,38.79,37.75,38.52,3020500,2020-09-26T01:03:20Z
ADBE,2006-10-23,38.58,38.65,38,38.07,3501300,38.58,38.65,38,38.07,3501300,2020-09-26T01:03:20Z
ADBE,2006-10-24,38.09,38.59,37.7,38.5,5458200,38.09,38.59,37.7,38.5,5458200,2020-09-26T01:03:20Z
ADBE,2006-10-25,38.94,39.6,38.63,39.33,6393400,38.94,39.6,38.63,39.33,6393400,2020-09-26T01:03:20Z
ADBE,2006-10-26,39.36,39.61,38.65,39.2,5025000,39.36,39.61,38.65,39.2,5025000,2020-09-26T01:03:20Z
ADBE,2006-10-27,38.57,39.35,38.23,39.35,4620100,38.57,39.35,38.23,39.35,4620100,2020-09-26T01:03:20Z
ADBE,2006-10-30,38.03,38.74,37.91,38.54,3760900,38.03,38.74,37.91,38.54,3760900,2020-09-26T01:03:20Z
ADBE,2006-10-31,38.25,38.47,37.49,38.11,4240800,38.25,38.47,37.49,38.11,4240800,2020-09-26T01:03:20Z
ADBE,2006-11-01,37.76,38.59,37.28,38.4,4065600,37.76,38.59,37.28,38.4,4065600,2020-09-26T01:03:20Z
ADBE,2006-11-02,37.66,37.98,37.25,37.55,2879700,37.66,37.98,37.25,37.55,2879700,2020-09-26T01:03:20Z
ADBE,2006-11-03,37.75,37.95,37.27,37.64,2836800,37.75,37.95,37.27,37.64,2836800,2020-09-26T01:03:20Z
ADBE,2006-11-06,38.54,38.74,37.77,37.89,3543600,38.54,38.74,37.77,37.89,3543600,2020-09-26T01:03:20Z
ADBE,2006-11-07,39.61,39.97,38.45,38.96,6360500,39.61,39.97,38.45,38.96,6360500,2020-09-26T01:03:20Z
ADBE,2006-11-08,39.81,40,39.25,39.43,4520000,39.81,40,39.25,39.43,4520000,2020-09-26T01:03:20Z
ADBE,2006-11-09,39.69,39.98,39.51,39.81,2818300,39.69,39.98,39.51,39.81,2818300,2020-09-26T01:03:20Z
ADBE,2006-11-10,39.41,39.71,39.15,39.43,2407000,39.41,39.71,39.15,39.43,2407000,2020-09-26T01:03:20Z
ADBE,2006-11-13,40.09,40.23,38.89,39.2,4014500,40.09,40.23,38.89,39.2,4014500,2020-09-26T01:03:20Z
ADBE,2006-11-14,40.51,40.54,39.71,40.14,4286300,40.51,40.54,39.71,40.14,4286300,2020-09-26T01:03:20Z
ADBE,2006-11-15,41.39,41.59,40.55,40.67,5875700,41.39,41.59,40.55,40.67,5875700,2020-09-26T01:03:20Z
ADBE,2006-11-16,41.85,41.97,41.29,41.34,5228000,41.85,41.97,41.29,41.34,5228000,2020-09-26T01:03:20Z
ADBE,2006-11-17,41.45,41.54,40.95,41.5,6076400,41.45,41.54,40.95,41.5,6076400,2020-09-26T01:03:20Z
ADBE,2006-11-20,41.31,41.36,40.52,41.18,5105100,41.31,41.36,40.52,41.18,5105100,2020-09-26T01:03:20Z
ADBE,2006-11-21,42.55,42.75,41.92,41.96,8569900,42.55,42.75,41.92,41.96,8569900,2020-09-26T01:03:20Z
ADBE,2006-11-22,41.81,42.55,41.35,42.5,4403700,41.81,42.55,41.35,42.5,4403700,2020-09-26T01:03:20Z
ADBE,2006-11-24,41.54,41.85,41.33,41.47,1126000,41.54,41.85,41.33,41.47,1126000,2020-09-26T01:03:20Z
ADBE,2006-11-27,40.22,41.37,40.06,41.32,4031400,40.22,41.37,40.06,41.32,4031400,2020-09-26T01:03:20Z
ADBE,2006-11-28,39.91,40.09,39.47,39.93,3875300,39.91,40.09,39.47,39.93,3875300,2020-09-26T01:03:20Z
ADBE,2006-11-29,40,40.38,39.64,40.08,3909900,40,40.38,39.64,40.08,3909900,2020-09-26T01:03:20Z
ADBE,2006-11-30,40.16,40.69,39.5,39.7,5190000,40.16,40.69,39.5,39.7,5190000,2020-09-26T01:03:20Z
ADBE,2006-12-01,39.35,40.18,38.64,40.16,5062300,39.35,40.18,38.64,40.16,5062300,2020-09-26T01:03:20Z
ADBE,2006-12-04,39.29,40,39.07,39.54,3990300,39.29,40,39.07,39.54,3990300,2020-09-26T01:03:20Z
ADBE,2006-12-05,39.15,39.62,38.72,39.62,3599400,39.15,39.62,38.72,39.62,3599400,2020-09-26T01:03:20Z
ADBE,2006-12-06,38.54,39.43,38.33,39.15,4301500,38.54,39.43,38.33,39.15,4301500,2020-09-26T01:03:20Z
ADBE,2006-12-07,37.75,38.85,37.61,38.76,5654400,37.75,38.85,37.61,38.76,5654400,2020-09-26T01:03:20Z
ADBE,2006-12-08,38.88,39.39,37.99,38.15,5687500,38.88,39.39,37.99,38.15,5687500,2020-09-26T01:03:20Z
ADBE,2006-12-11,39.98,40.36,39.18,39.69,7300300,39.98,40.36,39.18,39.69,7300300,2020-09-26T01:03:20Z
ADBE,2006-12-12,39.97,40.09,39.34,39.95,4930100,39.97,40.09,39.34,39.95,4930100,2020-09-26T01:03:20Z
ADBE,2006-12-13,40.3,40.75,39.53,40.6,4519300,40.3,40.75,39.53,40.6,4519300,2020-09-26T01:03:20Z
ADBE,2006-12-14,40.81,41.59,40.05,40.46,12889800,40.81,41.59,40.05,40.46,12889800,2020-09-26T01:03:20Z
ADBE,2006-12-15,42.81,43.22,42.22,43.15,19154400,42.81,43.22,42.22,43.15,19154400,2020-09-26T01:03:20Z
ADBE,2006-12-18,41.29,42.55,41.05,42.42,7575200,41.29,42.55,41.05,42.42,7575200,2020-09-26T01:03:20Z
ADBE,2006-12-19,41.45,41.55,40.45,40.77,5772000,41.45,41.55,40.45,40.77,5772000,2020-09-26T01:03:20Z
ADBE,2006-12-20,41.87,42.44,41.6,42.29,5125300,41.87,42.44,41.6,42.29,5125300,2020-09-26T01:03:20Z
ADBE,2006-12-21,41.38,42.04,40.99,42.01,3063200,41.38,42.04,40.99,42.01,3063200,2020-09-26T01:03:20Z
ADBE,2006-12-22,40.75,41.62,40.58,41.32,2459600,40.75,41.62,40.58,41.32,2459600,2020-09-26T01:03:20Z
ADBE,2006-12-26,41.44,41.55,40.75,40.75,2332400,41.44,41.55,40.75,40.75,2332400,2020-09-26T01:03:20Z
ADBE,2006-12-27,41.79,41.89,41.35,41.76,2920500,41.79,41.89,41.35,41.76,2920500,2020-09-26T01:03:20Z
ADBE,2006-12-28,41.53,41.84,41.25,41.78,3049900,41.53,41.84,41.25,41.78,3049900,2020-09-26T01:03:20Z
ADBE,2006-12-29,41.12,41.8,41,41.36,2688600,41.12,41.8,41,41.36,2688600,2020-09-26T01:03:20Z
ADBE,2007-01-03,39.92,41.32,38.89,40.72,7128100,39.92,41.32,38.89,40.72,7128100,2020-09-26T01:03:20Z
ADBE,2007-01-04,40.82,41,39.43,39.88,4530000,40.82,41,39.43,39.88,4530000,2020-09-26T01:03:20Z
ADBE,2007-01-05,40.62,40.9,40.12,40.78,2730400,40.62,40.9,40.12,40.78,2730400,2020-09-26T01:03:20Z
ADBE,2007-01-08,40.45,40.97,40.13,40.41,5228800,40.45,40.97,40.13,40.41,5228800,2020-09-26T01:03:20Z
ADBE,2007-01-09,39.63,40.51,39.38,40.5,5667000,39.63,40.51,39.38,40.5,5667000,2020-09-26T01:03:20Z
ADBE,2007-01-10,39.22,39.59,38.73,39.15,5653000,39.22,39.59,38.73,39.15,5653000,2020-09-26T01:03:20Z
ADBE,2007-01-11,39.88,40.38,39.24,39.4,4358500,39.88,40.38,39.24,39.4,4358500,2020-09-26T01:03:20Z
ADBE,2007-01-12,39.96,40.2,39.5,39.65,3677700,39.96,40.2,39.5,39.65,3677700,2020-09-26T01:03:20Z
ADBE,2007-01-16,40.05,40.75,39.81,40.25,5144600,40.05,40.75,39.81,40.25,5144600,2020-09-26T01:03:20Z
ADBE,2007-01-17,40.2,40.55,39.8,40.03,3590900,40.2,40.55,39.8,40.03,3590900,2020-09-26T01:03:20Z
ADBE,2007-01-18,38.57,40.4,38.42,40.1,5253300,38.57,40.4,38.42,40.1,5253300,2020-09-26T01:03:20Z
ADBE,2007-01-19,38.4,38.57,37.5,38.32,8013700,38.4,38.57,37.5,38.32,8013700,2020-09-26T01:03:20Z
ADBE,2007-01-22,37.83,38.63,37.2,38.44,6617900,37.83,38.63,37.2,38.44,6617900,2020-09-26T01:03:20Z
ADBE,2007-01-23,37.52,37.96,37.37,37.65,4663900,37.52,37.96,37.37,37.65,4663900,2020-09-26T01:03:20Z
ADBE,2007-01-24,39.69,39.74,37.93,38,7192700,39.69,39.74,37.93,38,7192700,2020-09-26T01:03:20Z
ADBE,2007-01-25,39.13,39.97,38.84,39.72,5775000,39.13,39.97,38.84,39.72,5775000,2020-09-26T01:03:20Z
ADBE,2007-01-26,39.26,39.66,38.66,39.19,4161600,39.26,39.66,38.66,39.19,4161600,2020-09-26T01:03:20Z
ADBE,2007-01-29,39.35,39.75,38.91,39.4,3994000,39.35,39.75,38.91,39.4,3994000,2020-09-26T01:03:20Z
ADBE,2007-01-30,39.01,39.55,38.83,39.55,5016000,39.01,39.55,38.83,39.55,5016000,2020-09-26T01:03:20Z
ADBE,2007-01-31,38.87,39.13,38.28,38.88,4700000,38.87,39.13,38.28,38.88,4700000,2020-09-26T01:03:20Z
ADBE,2007-02-01,38.76,38.99,38.32,38.91,4629300,38.76,38.99,38.32,38.91,4629300,2020-09-26T01:03:20Z
ADBE,2007-02-02,38.97,39.21,38.42,39.05,2894300,38.97,39.21,38.42,39.05,2894300,2020-09-26T01:03:20Z
ADBE,2007-02-05,38.44,39.06,38.38,39.04,3148700,38.44,39.06,38.38,39.04,3148700,2020-09-26T01:03:20Z
ADBE,2007-02-06,38.46,39.2,38,39.08,6000700,38.46,39.2,38,39.08,6000700,2020-09-26T01:03:20Z
ADBE,2007-02-07,38.15,38.85,38.03,38.65,4220300,38.15,38.85,38.03,38.65,4220300,2020-09-26T01:03:20Z
ADBE,2007-02-08,38.05,38.4,37.93,38.18,3960600,38.05,38.4,37.93,38.18,3960600,2020-09-26T01:03:20Z
ADBE,2007-02-09,37.68,38.34,37.45,38.2,4412700,37.68,38.34,37.45,38.2,4412700,2020-09-26T01:03:20Z
ADBE,2007-02-12,38.09,38.19,37.47,37.99,6740900,38.09,38.19,37.47,37.99,6740900,2020-09-26T01:03:20Z
ADBE,2007-02-13,38.43,39.07,38.3,38.59,7507100,38.43,39.07,38.3,38.59,7507100,2020-09-26T01:03:20Z
ADBE,2007-02-14,38.6,38.7,38.42,38.44,10013600,38.6,38.7,38.42,38.44,10013600,2020-09-26T01:03:20Z
ADBE,2007-02-15,39.25,39.3,38.34,38.72,5955300,39.25,39.3,38.34,38.72,5955300,2020-09-26T01:03:20Z
ADBE,2007-02-16,40.27,40.43,39.22,39.48,9257600,40.27,40.43,39.22,39.48,9257600,2020-09-26T01:03:20Z
ADBE,2007-02-20,40.74,40.76,39.5,40.09,5092100,40.74,40.76,39.5,40.09,5092100,2020-09-26T01:03:20Z
ADBE,2007-02-21,40.95,41.04,40.51,40.52,5482100,40.95,41.04,40.51,40.52,5482100,2020-09-26T01:03:20Z
ADBE,2007-02-22,40.81,41.1,40.23,40.97,4425800,40.81,41.1,40.23,40.97,4425800,2020-09-26T01:03:20Z
ADBE,2007-02-23,40.63,40.96,40.24,40.9,3388600,40.63,40.96,40.24,40.9,3388600,2020-09-26T01:03:20Z
ADBE,2007-02-26,40.87,40.99,40.13,40.65,3712000,40.87,40.99,40.13,40.65,3712000,2020-09-26T01:03:20Z
ADBE,2007-02-27,38.92,40.44,38.64,40.16,7999100,38.92,40.44,38.64,40.16,7999100,2020-09-26T01:03:20Z
ADBE,2007-02-28,39.25,39.62,38.21,38.21,6143200,39.25,39.62,38.21,38.21,6143200,2020-09-26T01:03:20Z
ADBE,2007-03-01,39.26,39.64,38.3,38.5,5726400,39.26,39.64,38.3,38.5,5726400,2020-09-26T01:03:20Z
ADBE,2007-03-02,38.66,39.83,38.65,38.8,6429700,38.66,39.83,38.65,38.8,6429700,2020-09-26T01:03:20Z
ADBE,2007-03-05,38.52,39.4,38.3,38.4,5131900,38.52,39.4,38.3,38.4,5131900,2020-09-26T01:03:20Z
ADBE,2007-03-06,39.04,39.4,38.58,39.05,6103400,39.04,39.4,38.58,39.05,6103400,2020-09-26T01:03:20Z
ADBE,2007-03-07,38.74,39.27,38.58,38.7,4392800,38.74,39.27,38.58,38.7,4392800,2020-09-26T01:03:20Z
ADBE,2007-03-08,39.08,39.35,38.96,39.2,4561600,39.08,39.35,38.96,39.2,4561600,2020-09-26T01:03:20Z
ADBE,2007-03-09,39.17,39.48,38.9,39.47,3243700,39.17,39.48,38.9,39.47,3243700,2020-09-26T01:03:20Z
ADBE,2007-03-12,39.64,39.7,39,39.01,3393000,39.64,39.7,39,39.01,3393000,2020-09-26T01:03:20Z
ADBE,2007-03-13,38.65,39.6,38.65,39.31,5787400,38.65,39.6,38.65,39.31,5787400,2020-09-26T01:03:20Z
ADBE,2007-03-14,39.3,39.31,38.4,38.57,4357900,39.3,39.31,38.4,38.57,4357900,2020-09-26T01:03:20Z
ADBE,2007-03-15,38.62,39.52,38.57,39.25,5087600,38.62,39.52,38.57,39.25,5087600,2020-09-26T01:03:20Z
ADBE,2007-03-16,39.17,39.56,38.2,38.2,7534100,39.17,39.56,38.2,38.2,7534100,2020-09-26T01:03:20Z
ADBE,2007-03-19,40.24,40.57,39.6,39.8,4908600,40.24,40.57,39.6,39.8,4908600,2020-09-26T01:03:20Z
ADBE,2007-03-20,40.74,41.12,40.02,40.4,8592000,40.74,41.12,40.02,40.4,8592000,2020-09-26T01:03:20Z
ADBE,2007-03-21,43.3,43.3,42.03,42.6,18241400,43.3,43.3,42.03,42.6,18241400,2020-09-26T01:03:20Z
ADBE,2007-03-22,42.86,43.1,42.62,42.8,10198700,42.86,43.1,42.62,42.8,10198700,2020-09-26T01:03:20Z
ADBE,2007-03-23,42.79,43.09,42.56,43,6469300,42.79,43.09,42.56,43,6469300,2020-09-26T01:03:20Z
ADBE,2007-03-26,43.16,43.31,42.14,42.94,6607800,43.16,43.31,42.14,42.94,6607800,2020-09-26T01:03:20Z
ADBE,2007-03-27,42.9,43.95,42.69,43.54,7792600,42.9,43.95,42.69,43.54,7792600,2020-09-26T01:03:20Z
ADBE,2007-03-28,41.58,42.79,41.55,42.6,11662300,41.58,42.79,41.55,42.6,11662300,2020-09-26T01:03:20Z
ADBE,2007-03-29,41.53,42.21,40.78,42.21,8960200,41.53,42.21,40.78,42.21,8960200,2020-09-26T01:03:20Z
ADBE,2007-03-30,41.7,41.77,40.89,41.37,5511400,41.7,41.77,40.89,41.37,5511400,2020-09-26T01:03:20Z
ADBE,2007-04-02,41.65,41.92,41.03,41.65,5380300,41.65,41.92,41.03,41.65,5380300,2020-09-26T01:03:20Z
ADBE,2007-04-03,42.35,42.66,41.9,42.06,7126300,42.35,42.66,41.9,42.06,7126300,2020-09-26T01:03:20Z
ADBE,2007-04-04,42.7,42.7,42.1,42.11,4521400,42.7,42.7,42.1,42.11,4521400,2020-09-26T01:03:20Z
ADBE,2007-04-05,42.61,42.88,42.08,42.68,4781600,42.61,42.88,42.08,42.68,4781600,2020-09-26T01:03:20Z
ADBE,2007-04-09,42.7,42.96,42.34,42.75,3474400,42.7,42.96,42.34,42.75,3474400,2020-09-26T01:03:20Z
ADBE,2007-04-10,43,43.06,42.6,42.65,4019900,43,43.06,42.6,42.65,4019900,2020-09-26T01:03:20Z
ADBE,2007-04-11,42.1,43,41.88,42.85,4706200,42.1,43,41.88,42.85,4706200,2020-09-26T01:03:20Z
ADBE,2007-04-12,42.4,42.49,41.86,42.11,3639300,42.4,42.49,41.86,42.11,3639300,2020-09-26T01:03:20Z
ADBE,2007-04-13,41.64,42.2,41.17,42.2,7766900,41.64,42.2,41.17,42.2,7766900,2020-09-26T01:03:20Z
ADBE,2007-04-16,42.4,42.9,42.23,42.83,7417400,42.4,42.9,42.23,42.83,7417400,2020-09-26T01:03:20Z
ADBE,2007-04-17,43,43.01,41.88,42.53,6450400,43,43.01,41.88,42.53,6450400,2020-09-26T01:03:20Z
ADBE,2007-04-18,42.97,43.08,42.37,42.83,5553000,42.97,43.08,42.37,42.83,5553000,2020-09-26T01:03:20Z
ADBE,2007-04-19,42.39,42.78,42.1,42.65,4728900,42.39,42.78,42.1,42.65,4728900,2020-09-26T01:03:20Z
ADBE,2007-04-20,42.14,43,42,42.94,7948200,42.14,43,42,42.94,7948200,2020-09-26T01:03:20Z
ADBE,2007-04-23,42.16,42.4,42.02,42.19,4665800,42.16,42.4,42.02,42.19,4665800,2020-09-26T01:03:20Z
ADBE,2007-04-24,42.5,42.73,42.02,42.23,4742200,42.5,42.73,42.02,42.23,4742200,2020-09-26T01:03:20Z
ADBE,2007-04-25,42.71,42.83,42.16,42.65,4251300,42.71,42.83,42.16,42.65,4251300,2020-09-26T01:03:20Z
ADBE,2007-04-26,43.26,43.55,42.39,42.54,8179000,43.26,43.55,42.39,42.54,8179000,2020-09-26T01:03:20Z
ADBE,2007-04-27,42.89,43.66,42.49,43.02,5435700,42.89,43.66,42.49,43.02,5435700,2020-09-26T01:03:20Z
ADBE,2007-04-30,41.56,42.97,41.56,42.81,6962200,41.56,42.97,41.56,42.81,6962200,2020-09-26T01:03:20Z
ADBE,2007-05-01,41.73,41.87,40.82,41.67,5909300,41.73,41.87,40.82,41.67,5909300,2020-09-26T01:03:20Z
ADBE,2007-05-02,41.51,41.85,41.44,41.65,5276100,41.51,41.85,41.44,41.65,5276100,2020-09-26T01:03:20Z
ADBE,2007-05-03,41.2,41.75,41.09,41.6,4452500,41.2,41.75,41.09,41.6,4452500,2020-09-26T01:03:20Z
ADBE,2007-05-04,41.33,41.7,41.06,41.5,3554400,41.33,41.7,41.06,41.5,3554400,2020-09-26T01:03:20Z
ADBE,2007-05-07,41.31,41.59,41.01,41.45,3836200,41.31,41.59,41.01,41.45,3836200,2020-09-26T01:03:20Z
ADBE,2007-05-08,41.37,41.58,40.91,41.51,6516400,41.37,41.58,40.91,41.51,6516400,2020-09-26T01:03:20Z
ADBE,2007-05-09,41.26,41.46,40.8,41.2,8179200,41.26,41.46,40.8,41.2,8179200,2020-09-26T01:03:20Z
ADBE,2007-05-10,40.66,41.56,40.58,41.1,7097900,40.66,41.56,40.58,41.1,7097900,2020-09-26T01:03:20Z
ADBE,2007-05-11,41.7,41.83,40.67,40.91,9774400,41.7,41.83,40.67,40.91,9774400,2020-09-26T01:03:20Z
ADBE,2007-05-14,41.81,42.47,41.38,41.75,8094800,41.81,42.47,41.38,41.75,8094800,2020-09-26T01:03:20Z
ADBE,2007-05-15,41.37,42.23,41.11,41.98,6743700,41.37,42.23,41.11,41.98,6743700,2020-09-26T01:03:20Z
ADBE,2007-05-16,42.29,42.29,41.61,41.74,7157300,42.29,42.29,41.61,41.74,7157300,2020-09-26T01:03:20Z
ADBE,2007-05-17,42.42,42.89,41.73,42.17,8927100,42.42,42.89,41.73,42.17,8927100,2020-09-26T01:03:20Z
ADBE,2007-05-18,43.59,43.62,42.37,42.55,9534200,43.59,43.62,42.37,42.55,9534200,2020-09-26T01:03:20Z
ADBE,2007-05-21,43.25,44,43.03,43.94,6689200,43.25,44,43.03,43.94,6689200,2020-09-26T01:03:20Z
ADBE,2007-05-22,43.59,44,43.21,43.21,5495400,43.59,44,43.21,43.21,5495400,2020-09-26T01:03:20Z
ADBE,2007-05-23,43.23,43.8,43.15,43.6,4333600,43.23,43.8,43.15,43.6,4333600,2020-09-26T01:03:20Z
ADBE,2007-05-24,41.99,43.4,41.68,43.35,7227100,41.99,43.4,41.68,43.35,7227100,2020-09-26T01:03:20Z
ADBE,2007-05-25,42.38,42.59,42.08,42.22,3632900,42.38,42.59,42.08,42.22,3632900,2020-09-26T01:03:20Z
ADBE,2007-05-29,42.87,43.26,42.34,42.34,5429800,42.87,43.26,42.34,42.34,5429800,2020-09-26T01:03:20Z
ADBE,2007-05-30,43.22,43.22,42.2,42.47,4576400,43.22,43.22,42.2,42.47,4576400,2020-09-26T01:03:20Z
ADBE,2007-05-31,44.06,44.92,43.65,43.95,8654000,44.06,44.92,43.65,43.95,8654000,2020-09-26T01:03:20Z
ADBE,2007-06-01,44.53,44.88,44.12,44.8,4886600,44.53,44.88,44.12,44.8,4886600,2020-09-26T01:03:20Z
ADBE,2007-06-04,44.58,44.76,44.01,44.48,4129500,44.58,44.76,44.01,44.48,4129500,2020-09-26T01:03:20Z
ADBE,2007-06-05,44.34,44.5,43.95,44.33,4666900,44.34,44.5,43.95,44.33,4666900,2020-09-26T01:03:20Z
ADBE,2007-06-06,43.64,44.19,43.43,44.19,5220500,43.64,44.19,43.43,44.19,5220500,2020-09-26T01:03:20Z
ADBE,2007-06-07,42.72,43.7,42.52,43.39,5636600,42.72,43.7,42.52,43.39,5636600,2020-09-26T01:03:20Z
ADBE,2007-06-08,43.04,43.11,42.45,42.45,5390100,43.04,43.11,42.45,42.45,5390100,2020-09-26T01:03:20Z
ADBE,2007-06-11,42.99,43.53,42.86,43.2,5456000,42.99,43.53,42.86,43.2,5456000,2020-09-26T01:03:20Z
ADBE,2007-06-12,42.73,43.39,42.45,42.6,5072400,42.73,43.39,42.45,42.6,5072400,2020-09-26T01:03:20Z
ADBE,2007-06-13,44.11,44.13,42.9,43.16,7716100,44.11,44.13,42.9,43.16,7716100,2020-09-26T01:03:20Z
ADBE,2007-06-14,43.96,44.5,43.65,44.3,12027600,43.96,44.5,43.65,44.3,12027600,2020-09-26T01:03:20Z
ADBE,2007-06-15,42.75,44.5,42.43,44.43,21295000,42.75,44.5,42.43,44.43,21295000,2020-09-26T01:03:20Z
ADBE,2007-06-18,42.67,42.94,42.35,42.65,5937400,42.67,42.94,42.35,42.65,5937400,2020-09-26T01:03:20Z
ADBE,2007-06-19,42.48,42.75,42.15,42.3,4760300,42.48,42.75,42.15,42.3,4760300,2020-09-26T01:03:20Z
ADBE,2007-06-20,41.37,42.54,41.3,42.41,8751900,41.37,42.54,41.3,42.41,8751900,2020-09-26T01:03:20Z
ADBE,2007-06-21,41.53,41.89,40.5,41.27,7582000,41.53,41.89,40.5,41.27,7582000,2020-09-26T01:03:20Z
ADBE,2007-06-22,40.84,41.62,40.62,41.3,6877100,40.84,41.62,40.62,41.3,6877100,2020-09-26T01:03:20Z
ADBE,2007-06-25,40.34,41.11,40.17,40.84,7579300,40.34,41.11,40.17,40.84,7579300,2020-09-26T01:03:20Z
ADBE,2007-06-26,39.84,40.12,39.25,40.03,13858200,39.84,40.12,39.25,40.03,13858200,2020-09-26T01:03:20Z
ADBE,2007-06-27,40.47,40.51,39.79,39.97,7708300,40.47,40.51,39.79,39.97,7708300,2020-09-26T01:03:20Z
ADBE,2007-06-28,40.42,40.78,39.99,40.36,8002300,40.42,40.78,39.99,40.36,8002300,2020-09-26T01:03:20Z
ADBE,2007-06-29,40.15,40.66,39.82,40.56,6536500,40.15,40.66,39.82,40.56,6536500,2020-09-26T01:03:20Z
ADBE,2007-07-02,40.16,40.34,39.87,40.28,5349100,40.16,40.34,39.87,40.28,5349100,2020-09-26T01:03:20Z
ADBE,2007-07-03,40.71,40.76,40.14,40.16,3545600,40.71,40.76,40.14,40.16,3545600,2020-09-26T01:03:20Z
ADBE,2007-07-05,40.93,41.01,40.08,40.8,5362700,40.93,41.01,40.08,40.8,5362700,2020-09-26T01:03:20Z
ADBE,2007-07-06,41.02,41.2,40.63,41,4612300,41.02,41.2,40.63,41,4612300,2020-09-26T01:03:20Z
ADBE,2007-07-09,40.72,40.98,40.42,40.97,5482600,40.72,40.98,40.42,40.97,5482600,2020-09-26T01:03:20Z
ADBE,2007-07-10,40.36,40.73,40.28,40.6,4472000,40.36,40.73,40.28,40.6,4472000,2020-09-26T01:03:20Z
ADBE,2007-07-11,40.84,40.97,40.2,40.27,4823600,40.84,40.97,40.2,40.27,4823600,2020-09-26T01:03:20Z
ADBE,2007-07-12,41.55,41.55,40.6,40.94,7919500,41.55,41.55,40.6,40.94,7919500,2020-09-26T01:03:20Z
ADBE,2007-07-13,41.18,41.5,40.84,41.35,4513000,41.18,41.5,40.84,41.35,4513000,2020-09-26T01:03:20Z
ADBE,2007-07-16,41.06,41.26,40.85,41.04,4075700,41.06,41.26,40.85,41.04,4075700,2020-09-26T01:03:20Z
ADBE,2007-07-17,41.46,41.74,40.82,41.1,6272700,41.46,41.74,40.82,41.1,6272700,2020-09-26T01:03:20Z
ADBE,2007-07-18,41.41,41.81,40.91,41.25,8029500,41.41,41.81,40.91,41.25,8029500,2020-09-26T01:03:20Z
ADBE,2007-07-19,42.2,42.54,41.31,41.31,9164100,42.2,42.54,41.31,41.31,9164100,2020-09-26T01:03:20Z
ADBE,2007-07-20,41.64,42.5,41.2,42.41,8518000,41.64,42.5,41.2,42.41,8518000,2020-09-26T01:03:20Z
ADBE,2007-07-23,42.36,42.85,41.79,41.87,8853100,42.36,42.85,41.79,41.87,8853100,2020-09-26T01:03:20Z
ADBE,2007-07-24,41.78,42.73,41.65,42.12,6720500,41.78,42.73,41.65,42.12,6720500,2020-09-26T01:03:20Z
ADBE,2007-07-25,41.72,42.12,41.41,41.97,5081600,41.72,42.12,41.41,41.97,5081600,2020-09-26T01:03:20Z
ADBE,2007-07-26,41.19,42,40.3,41.15,8102300,41.19,42,40.3,41.15,8102300,2020-09-26T01:03:20Z
ADBE,2007-07-27,40.39,41.21,40.26,41.21,8862300,40.39,41.21,40.26,41.21,8862300,2020-09-26T01:03:20Z
ADBE,2007-07-30,40.89,41.09,40.13,40.79,8402000,40.89,41.09,40.13,40.79,8402000,2020-09-26T01:03:20Z
ADBE,2007-07-31,40.29,41.3,40.11,41.02,8400400,40.29,41.3,40.11,41.02,8400400,2020-09-26T01:03:20Z
ADBE,2007-08-01,39.58,40.49,38.57,40.29,15025900,39.58,40.49,38.57,40.29,15025900,2020-09-26T01:03:20Z
ADBE,2007-08-02,39.52,39.8,39.05,39.4,6725700,39.52,39.8,39.05,39.4,6725700,2020-09-26T01:03:20Z
ADBE,2007-08-03,38.75,39.66,38.7,39.47,6989500,38.75,39.66,38.7,39.47,6989500,2020-09-26T01:03:20Z
ADBE,2007-08-06,39.38,39.77,38.54,38.71,7133400,39.38,39.77,38.54,38.71,7133400,2020-09-26T01:03:20Z
ADBE,2007-08-07,39.42,39.91,38.61,39.08,6877600,39.42,39.91,38.61,39.08,6877600,2020-09-26T01:03:20Z
ADBE,2007-08-08,40.23,40.67,39.5,39.61,6281600,40.23,40.67,39.5,39.61,6281600,2020-09-26T01:03:20Z
ADBE,2007-08-09,40.75,41.74,39.86,39.9,7273500,40.75,41.74,39.86,39.9,7273500,2020-09-26T01:03:20Z
ADBE,2007-08-10,41.06,41.62,40.1,41.3,6520300,41.06,41.62,40.1,41.3,6520300,2020-09-26T01:03:20Z
ADBE,2007-08-13,40.83,41.13,40.26,41,4823800,40.83,41.13,40.26,41,4823800,2020-09-26T01:03:20Z
ADBE,2007-08-14,40.41,41.05,40.18,40.97,4472900,40.41,41.05,40.18,40.97,4472900,2020-09-26T01:03:20Z
ADBE,2007-08-15,40.18,41.25,40.12,40.22,5243200,40.18,41.25,40.12,40.22,5243200,2020-09-26T01:03:20Z
ADBE,2007-08-16,39.96,40.56,39.28,39.83,6601300,39.96,40.56,39.28,39.83,6601300,2020-09-26T01:03:20Z
ADBE,2007-08-17,40.32,40.48,39.32,40.18,9159700,40.32,40.48,39.32,40.18,9159700,2020-09-26T01:03:20Z
ADBE,2007-08-20,40.74,40.85,39.94,40.55,4379800,40.74,40.85,39.94,40.55,4379800,2020-09-26T01:03:20Z
ADBE,2007-08-21,40.13,40.95,39.87,40.41,4794100,40.13,40.95,39.87,40.41,4794100,2020-09-26T01:03:20Z
ADBE,2007-08-22,40.77,41,40.2,40.4,4290600,40.77,41,40.2,40.4,4290600,2020-09-26T01:03:20Z
ADBE,2007-08-23,40.6,40.99,40.33,40.82,3601800,40.6,40.99,40.33,40.82,3601800,2020-09-26T01:03:20Z
ADBE,2007-08-24,40.41,40.65,39.8,40.2,6490700,40.41,40.65,39.8,40.2,6490700,2020-09-26T01:03:20Z
ADBE,2007-08-27,40.81,41.11,40.25,40.41,4675900,40.81,41.11,40.25,40.41,4675900,2020-09-26T01:03:20Z
ADBE,2007-08-28,40.87,41.64,40.66,40.66,6710200,40.87,41.64,40.66,40.66,6710200,2020-09-26T01:03:20Z
ADBE,2007-08-29,42.25,42.36,41.13,41.39,7250000,42.25,42.36,41.13,41.39,7250000,2020-09-26T01:03:20Z
ADBE,2007-08-30,42.22,43.04,41.9,42.3,5798600,42.22,43.04,41.9,42.3,5798600,2020-09-26T01:03:20Z
ADBE,2007-08-31,42.75,42.99,42.51,42.75,4191200,42.75,42.99,42.51,42.75,4191200,2020-09-26T01:03:20Z
ADBE,2007-09-04,43.45,43.75,42.68,42.75,5810100,43.45,43.75,42.68,42.75,5810100,2020-09-26T01:03:20Z
ADBE,2007-09-05,43.75,43.9,43.22,43.22,5658600,43.75,43.9,43.22,43.22,5658600,2020-09-26T01:03:20Z
ADBE,2007-09-06,43.72,43.99,43.5,43.91,3718000,43.72,43.99,43.5,43.91,3718000,2020-09-26T01:03:20Z
ADBE,2007-09-07,42.96,43.42,42.53,43.34,5276900,42.96,43.42,42.53,43.34,5276900,2020-09-26T01:03:20Z
ADBE,2007-09-10,43.22,43.8,43.03,43.14,5199800,43.22,43.8,43.03,43.14,5199800,2020-09-26T01:03:20Z
ADBE,2007-09-11,43.74,43.78,43.32,43.39,4756100,43.74,43.78,43.32,43.39,4756100,2020-09-26T01:03:20Z
ADBE,2007-09-12,43.78,43.99,43.4,43.68,4094400,43.78,43.99,43.4,43.68,4094400,2020-09-26T01:03:20Z
ADBE,2007-09-13,43.31,44,42.97,43.99,6437300,43.31,44,42.97,43.99,6437300,2020-09-26T01:03:20Z
ADBE,2007-09-14,43.41,43.65,42.9,43.07,5059700,43.41,43.65,42.9,43.07,5059700,2020-09-26T01:03:20Z
ADBE,2007-09-17,43.06,43.75,42.55,43.71,12499200,43.06,43.75,42.55,43.71,12499200,2020-09-26T01:03:20Z
ADBE,2007-09-18,43.71,44.8,42.91,44.51,20898500,43.71,44.8,42.91,44.51,20898500,2020-09-26T01:03:20Z
ADBE,2007-09-19,43.83,44.08,43.3,43.55,11193400,43.83,44.08,43.3,43.55,11193400,2020-09-26T01:03:20Z
ADBE,2007-09-20,42.8,44,42.44,43.64,12615300,42.8,44,42.44,43.64,12615300,2020-09-26T01:03:20Z
ADBE,2007-09-21,41.95,43.37,41.71,42.91,13267400,41.95,43.37,41.71,42.91,13267400,2020-09-26T01:03:20Z
ADBE,2007-09-24,41.5,42.29,41.26,41.76,11032500,41.5,42.29,41.26,41.76,11032500,2020-09-26T01:03:20Z
ADBE,2007-09-25,42.74,43,41.26,41.26,11945800,42.74,43,41.26,41.26,11945800,2020-09-26T01:03:20Z
ADBE,2007-09-26,43.41,44,42.69,43.09,10196000,43.41,44,42.69,43.09,10196000,2020-09-26T01:03:20Z
ADBE,2007-09-27,43.45,43.65,43.11,43.5,5025700,43.45,43.65,43.11,43.5,5025700,2020-09-26T01:03:20Z
ADBE,2007-09-28,43.66,43.94,43.39,43.64,5849500,43.66,43.94,43.39,43.64,5849500,2020-09-26T01:03:20Z
ADBE,2007-10-01,44,44.15,42.94,43.89,6104700,44,44.15,42.94,43.89,6104700,2020-09-26T01:03:20Z
ADBE,2007-10-02,44.23,44.49,43.75,44.05,5046000,44.23,44.49,43.75,44.05,5046000,2020-09-26T01:03:20Z
ADBE,2007-10-03,43.98,44.36,43.77,43.98,5511800,43.98,44.36,43.77,43.98,5511800,2020-09-26T01:03:20Z
ADBE,2007-10-04,44.25,44.49,43.84,44,7487400,44.25,44.49,43.84,44,7487400,2020-09-26T01:03:20Z
ADBE,2007-10-05,44.64,44.8,44.1,44.4,7249900,44.64,44.8,44.1,44.4,7249900,2020-09-26T01:03:20Z
ADBE,2007-10-08,44.99,45,44.4,44.64,5425900,44.99,45,44.4,44.64,5425900,2020-09-26T01:03:20Z
ADBE,2007-10-09,44.97,45.35,44.41,45,7259200,44.97,45.35,44.41,45,7259200,2020-09-26T01:03:20Z
ADBE,2007-10-10,45.58,45.69,44.64,44.9,7339400,45.58,45.69,44.64,44.9,7339400,2020-09-26T01:03:20Z
ADBE,2007-10-11,45.49,46.19,45.37,45.75,11533300,45.49,46.19,45.37,45.75,11533300,2020-09-26T01:03:20Z
ADBE,2007-10-12,46.12,46.32,45.39,45.89,5627200,46.12,46.32,45.39,45.89,5627200,2020-09-26T01:03:20Z
ADBE,2007-10-15,45.71,46.04,45.22,45.91,5752500,45.71,46.04,45.22,45.91,5752500,2020-09-26T01:03:20Z
ADBE,2007-10-16,45.67,45.88,45.34,45.65,5272000,45.67,45.88,45.34,45.65,5272000,2020-09-26T01:03:20Z
ADBE,2007-10-17,45.97,46.32,45.17,45.84,7206900,45.97,46.32,45.17,45.84,7206900,2020-09-26T01:03:20Z
ADBE,2007-10-18,47.11,47.43,45.76,45.97,8385500,47.11,47.43,45.76,45.97,8385500,2020-09-26T01:03:20Z
ADBE,2007-10-19,46.27,47.52,46.25,47.08,9984900,46.27,47.52,46.25,47.08,9984900,2020-09-26T01:03:20Z
ADBE,2007-10-22,47.12,47.16,46,46.24,5491000,47.12,47.16,46,46.24,5491000,2020-09-26T01:03:20Z
ADBE,2007-10-23,47.75,47.81,47,47.26,5460200,47.75,47.81,47,47.26,5460200,2020-09-26T01:03:20Z
ADBE,2007-10-24,48,48,46.71,47.55,6641900,48,48,46.71,47.55,6641900,2020-09-26T01:03:20Z
ADBE,2007-10-25,47.2,48.47,46.9,48.01,7043400,47.2,48.47,46.9,48.01,7043400,2020-09-26T01:03:20Z
ADBE,2007-10-26,47,48,46.73,47.84,6726600,47,48,46.73,47.84,6726600,2020-09-26T01:03:20Z
ADBE,2007-10-29,47,47.26,46.42,47.2,6131900,47,47.26,46.42,47.2,6131900,2020-09-26T01:03:20Z
ADBE,2007-10-30,47.55,47.8,47.15,47.42,5106000,47.55,47.8,47.15,47.42,5106000,2020-09-26T01:03:20Z
ADBE,2007-10-31,47.9,47.9,46.81,47.45,6175900,47.9,47.9,46.81,47.45,6175900,2020-09-26T01:03:20Z
ADBE,2007-11-01,46.92,47.86,46.89,47.75,5657700,46.92,47.86,46.89,47.75,5657700,2020-09-26T01:03:20Z
ADBE,2007-11-02,47.88,48,47.08,47.49,6579400,47.88,48,47.08,47.49,6579400,2020-09-26T01:03:20Z
ADBE,2007-11-05,47.7,47.88,46.9,47.59,5202200,47.7,47.88,46.9,47.59,5202200,2020-09-26T01:03:20Z
ADBE,2007-11-06,47.63,48.27,47.1,47.8,5025000,47.63,48.27,47.1,47.8,5025000,2020-09-26T01:03:20Z
ADBE,2007-11-07,46.17,47.31,46.17,47.15,6622300,46.17,47.31,46.17,47.15,6622300,2020-09-26T01:03:20Z
ADBE,2007-11-08,45.03,46.19,44.02,46.1,11534000,45.03,46.19,44.02,46.1,11534000,2020-09-26T01:03:20Z
ADBE,2007-11-09,43.24,44.13,43.05,43.84,10345600,43.24,44.13,43.05,43.84,10345600,2020-09-26T01:03:20Z
ADBE,2007-11-12,42.19,43.34,42.13,43.34,9920800,42.19,43.34,42.13,43.34,9920800,2020-09-26T01:03:20Z
ADBE,2007-11-13,40.86,41.36,39.56,41,32007900,40.86,41.36,39.56,41,32007900,2020-09-26T01:03:20Z
ADBE,2007-11-14,41.02,42.06,40.59,41.35,13247000,41.02,42.06,40.59,41.35,13247000,2020-09-26T01:03:20Z
ADBE,2007-11-15,40.82,41.69,40.53,41,9575700,40.82,41.69,40.53,41,9575700,2020-09-26T01:03:20Z
ADBE,2007-11-16,42.19,42.52,41.13,41.4,16459500,42.19,42.52,41.13,41.4,16459500,2020-09-26T01:03:20Z
ADBE,2007-11-19,42.47,42.85,41.75,41.95,10280100,42.47,42.85,41.75,41.95,10280100,2020-09-26T01:03:20Z
ADBE,2007-11-20,42.3,42.8,41.53,42.71,7339700,42.3,42.8,41.53,42.71,7339700,2020-09-26T01:03:20Z
ADBE,2007-11-21,41.84,42.44,41.47,41.87,4771500,41.84,42.44,41.47,41.87,4771500,2020-09-26T01:03:20Z
ADBE,2007-11-23,41.91,42,41.27,41.9,1747000,41.91,42,41.27,41.9,1747000,2020-09-26T01:03:20Z
ADBE,2007-11-26,40.9,41.99,40.81,41.69,6202700,40.9,41.99,40.81,41.69,6202700,2020-09-26T01:03:20Z
ADBE,2007-11-27,41.07,41.58,40.4,41.03,6877000,41.07,41.58,40.4,41.03,6877000,2020-09-26T01:03:20Z
ADBE,2007-11-28,42.03,42.36,41.07,41.3,6274900,42.03,42.36,41.07,41.3,6274900,2020-09-26T01:03:20Z
ADBE,2007-11-29,42.75,42.96,42,42.11,5098400,42.75,42.96,42,42.11,5098400,2020-09-26T01:03:20Z
ADBE,2007-11-30,42.14,43.14,41.8,43.01,6716900,42.14,43.14,41.8,43.01,6716900,2020-09-26T01:03:20Z
ADBE,2007-12-03,42.69,43.1,41.85,41.87,9153300,42.69,43.1,41.85,41.87,9153300,2020-09-26T01:03:20Z
ADBE,2007-12-04,43.32,43.65,42.22,42.22,6540100,43.32,43.65,42.22,42.22,6540100,2020-09-26T01:03:20Z
ADBE,2007-12-05,43.9,44.29,43.61,43.93,5883800,43.9,44.29,43.61,43.93,5883800,2020-09-26T01:03:20Z
ADBE,2007-12-06,44.54,44.64,43.71,44.2,5545200,44.54,44.64,43.71,44.2,5545200,2020-09-26T01:03:20Z
ADBE,2007-12-07,44.37,44.54,43.87,44.3,3709300,44.37,44.54,43.87,44.3,3709300,2020-09-26T01:03:20Z
ADBE,2007-12-10,44.62,44.79,44.24,44.5,4767200,44.62,44.79,44.24,44.5,4767200,2020-09-26T01:03:20Z
ADBE,2007-12-11,43.27,44.7,43,44.49,7853500,43.27,44.7,43,44.49,7853500,2020-09-26T01:03:20Z
ADBE,2007-12-12,43.54,44.19,42.94,43.87,6304400,43.54,44.19,42.94,43.87,6304400,2020-09-26T01:03:20Z
ADBE,2007-12-13,43.9,44.09,43.48,43.5,4995500,43.9,44.09,43.48,43.5,4995500,2020-09-26T01:03:20Z
ADBE,2007-12-14,42.11,43.75,41.97,43.6,9510300,42.11,43.75,41.97,43.6,9510300,2020-09-26T01:03:20Z
ADBE,2007-12-17,40.9,41.94,40.59,41.79,12301800,40.9,41.94,40.59,41.79,12301800,2020-09-26T01:03:20Z
ADBE,2007-12-18,42.03,43.97,41.58,42.17,17588300,42.03,43.97,41.58,42.17,17588300,2020-09-26T01:03:20Z
ADBE,2007-12-19,41.87,42.25,41.36,42.09,7208500,41.87,42.25,41.36,42.09,7208500,2020-09-26T01:03:20Z
ADBE,2007-12-20,42.17,42.36,41.55,41.94,6227300,42.17,42.36,41.55,41.94,6227300,2020-09-26T01:03:20Z
ADBE,2007-12-21,42.18,42.65,41.66,42.53,10688800,42.18,42.65,41.66,42.53,10688800,2020-09-26T01:03:20Z
ADBE,2007-12-24,42.84,43.12,42.2,42.77,3104000,42.84,43.12,42.2,42.77,3104000,2020-09-26T01:03:20Z
ADBE,2007-12-26,43.12,43.24,42.71,43.1,4655500,43.12,43.24,42.71,43.1,4655500,2020-09-26T01:03:20Z
ADBE,2007-12-27,42.34,43.19,42.25,43.11,4289500,42.34,43.19,42.25,43.11,4289500,2020-09-26T01:03:20Z
ADBE,2007-12-28,42.93,43.05,42.53,42.81,4098300,42.93,43.05,42.53,42.81,4098300,2020-09-26T01:03:20Z
ADBE,2007-12-31,42.73,43.14,42.5,42.58,3416600,42.73,43.14,42.5,42.58,3416600,2020-09-26T01:03:20Z
ADBE,2008-01-02,41.71,43.25,41.45,42.9,6047600,41.71,43.25,41.45,42.9,6047600,2020-09-26T01:03:20Z
ADBE,2008-01-03,41.79,42.21,41.5,41.55,5186600,41.79,42.21,41.5,41.55,5186600,2020-09-26T01:03:20Z
ADBE,2008-01-04,40.36,41.49,40.01,41.3,8938800,40.36,41.49,40.01,41.3,8938800,2020-09-26T01:03:20Z
ADBE,2008-01-07,40.24,40.75,39.68,40.39,7757500,40.24,40.75,39.68,40.39,7757500,2020-09-26T01:03:20Z
ADBE,2008-01-08,39.22,40.19,39.19,39.9,8896100,39.22,40.19,39.19,39.9,8896100,2020-09-26T01:03:20Z
ADBE,2008-01-09,39.46,39.62,38.92,39.41,9059400,39.46,39.62,38.92,39.41,9059400,2020-09-26T01:03:20Z
ADBE,2008-01-10,39.25,39.5,38.69,39.34,8393400,39.25,39.5,38.69,39.34,8393400,2020-09-26T01:03:20Z
ADBE,2008-01-11,38.05,39.19,37.92,38.84,10801100,38.05,39.19,37.92,38.84,10801100,2020-09-26T01:03:20Z
ADBE,2008-01-14,38.48,38.64,38.03,38.48,7212900,38.48,38.64,38.03,38.48,7212900,2020-09-26T01:03:20Z
ADBE,2008-01-15,37.92,38.42,37.74,38.08,7776000,37.92,38.42,37.74,38.08,7776000,2020-09-26T01:03:20Z
ADBE,2008-01-16,37.7,38.37,37.46,37.74,8595100,37.7,38.37,37.46,37.74,8595100,2020-09-26T01:03:20Z
ADBE,2008-01-17,35.55,37.52,34.9,37.19,16897600,35.55,37.52,34.9,37.19,16897600,2020-09-26T01:03:20Z
ADBE,2008-01-18,35.33,36.01,34.8,35.04,13735700,35.33,36.01,34.8,35.04,13735700,2020-09-26T01:03:20Z
ADBE,2008-01-22,34,34.49,32.99,33.01,10211900,34,34.49,32.99,33.01,10211900,2020-09-26T01:03:20Z
ADBE,2008-01-23,34.33,34.48,32.61,33.21,10294800,34.33,34.48,32.61,33.21,10294800,2020-09-26T01:03:20Z
ADBE,2008-01-24,34.64,34.7,33.56,33.56,7290600,34.64,34.7,33.56,33.56,7290600,2020-09-26T01:03:20Z
ADBE,2008-01-25,34.84,35.62,34.72,34.98,9220100,34.84,35.62,34.72,34.98,9220100,2020-09-26T01:03:20Z
ADBE,2008-01-28,35.15,35.32,34.8,35.22,5746300,35.15,35.32,34.8,35.22,5746300,2020-09-26T01:03:20Z
ADBE,2008-01-29,35.54,35.85,34.77,35.4,5446000,35.54,35.85,34.77,35.4,5446000,2020-09-26T01:03:20Z
ADBE,2008-01-30,35.94,36.45,35.21,35.54,8767600,35.94,36.45,35.21,35.54,8767600,2020-09-26T01:03:20Z
ADBE,2008-01-31,34.93,35.13,33.44,33.87,16394500,34.93,35.13,33.44,33.87,16394500,2020-09-26T01:03:20Z
ADBE,2008-02-01,34.48,34.99,33.44,34.67,12343000,34.48,34.99,33.44,34.67,12343000,2020-09-26T01:03:20Z
ADBE,2008-02-04,35.21,35.46,34.51,34.6,7861400,35.21,35.46,34.51,34.6,7861400,2020-09-26T01:03:20Z
ADBE,2008-02-05,33.96,34.76,33.79,33.99,7366700,33.96,34.76,33.79,33.99,7366700,2020-09-26T01:03:20Z
ADBE,2008-02-06,32.76,34.69,32.41,34.48,13228100,32.76,34.69,32.41,34.48,13228100,2020-09-26T01:03:20Z
ADBE,2008-02-07,32.62,33.07,32.08,32.41,13594000,32.62,33.07,32.08,32.41,13594000,2020-09-26T01:03:20Z
ADBE,2008-02-08,33.19,33.28,32.18,32.65,9771100,33.19,33.28,32.18,32.65,9771100,2020-09-26T01:03:20Z
ADBE,2008-02-11,33.84,34.14,33.15,33.28,9909300,33.84,34.14,33.15,33.28,9909300,2020-09-26T01:03:20Z
ADBE,2008-02-12,34.38,35.02,33.91,33.95,9894700,34.38,35.02,33.91,33.95,9894700,2020-09-26T01:03:20Z
ADBE,2008-02-13,35,35.36,34.42,34.69,9843300,35,35.36,34.42,34.69,9843300,2020-09-26T01:03:20Z
ADBE,2008-02-14,34.96,35.21,34.67,35.2,6616500,34.96,35.21,34.67,35.2,6616500,2020-09-26T01:03:20Z
ADBE,2008-02-15,34.67,34.95,34.21,34.93,5665100,34.67,34.95,34.21,34.93,5665100,2020-09-26T01:03:20Z
ADBE,2008-02-19,34.9,35.53,34.8,35.41,6413900,34.9,35.53,34.8,35.41,6413900,2020-09-26T01:03:20Z
ADBE,2008-02-20,35.05,35.28,34.25,34.35,6439500,35.05,35.28,34.25,34.35,6439500,2020-09-26T01:03:20Z
ADBE,2008-02-21,34.78,35.53,34.67,35.23,6056900,34.78,35.53,34.67,35.23,6056900,2020-09-26T01:03:20Z
ADBE,2008-02-22,35.09,35.19,34.46,34.85,5974200,35.09,35.19,34.46,34.85,5974200,2020-09-26T01:03:20Z
ADBE,2008-02-25,35.54,35.85,35.01,35.08,8105300,35.54,35.85,35.01,35.08,8105300,2020-09-26T01:03:20Z
ADBE,2008-02-26,35.87,36.46,35.44,35.61,6541400,35.87,36.46,35.44,35.61,6541400,2020-09-26T01:03:20Z
ADBE,2008-02-27,35.46,35.83,35.02,35.48,6385100,35.46,35.83,35.02,35.48,6385100,2020-09-26T01:03:20Z
ADBE,2008-02-28,35.34,35.7,34.97,35.3,5330400,35.34,35.7,34.97,35.3,5330400,2020-09-26T01:03:20Z
ADBE,2008-02-29,33.65,34.92,33.48,34.91,12307300,33.65,34.92,33.48,34.91,12307300,2020-09-26T01:03:20Z
ADBE,2008-03-03,32.86,33.68,32.53,33.49,12553100,32.86,33.68,32.53,33.49,12553100,2020-09-26T01:03:20Z
ADBE,2008-03-04,33.07,33.12,32.43,32.84,8178700,33.07,33.12,32.43,32.84,8178700,2020-09-26T01:03:20Z
ADBE,2008-03-05,32.42,33.08,32.01,33,10873600,32.42,33.08,32.01,33,10873600,2020-09-26T01:03:20Z
ADBE,2008-03-06,32.47,33.11,32.21,32.4,7411300,32.47,33.11,32.21,32.4,7411300,2020-09-26T01:03:20Z
ADBE,2008-03-07,32.55,33.28,32.04,32.59,7287300,32.55,33.28,32.04,32.59,7287300,2020-09-26T01:03:20Z
ADBE,2008-03-10,31.94,32.99,31.92,32.6,8203900,31.94,32.99,31.92,32.6,8203900,2020-09-26T01:03:20Z
ADBE,2008-03-11,32.6,32.61,31.79,32.25,9612100,32.6,32.61,31.79,32.25,9612100,2020-09-26T01:03:20Z
ADBE,2008-03-12,33.34,34.23,32.89,33.17,8843600,33.34,34.23,32.89,33.17,8843600,2020-09-26T01:03:20Z
ADBE,2008-03-13,33.3,33.59,32.52,33.13,5875800,33.3,33.59,32.52,33.13,5875800,2020-09-26T01:03:20Z
ADBE,2008-03-14,32.61,33.71,32.24,32.81,7040300,32.61,33.71,32.24,32.81,7040300,2020-09-26T01:03:20Z
ADBE,2008-03-17,30.79,32.49,30.7,32,15096200,30.79,32.49,30.7,32,15096200,2020-09-26T01:03:20Z
ADBE,2008-03-18,31.88,31.9,31.1,31.53,12183600,31.88,31.9,31.1,31.53,12183600,2020-09-26T01:03:20Z
ADBE,2008-03-19,34.75,36.13,33.76,33.95,25121900,34.75,36.13,33.76,33.95,25121900,2020-09-26T01:03:20Z
ADBE,2008-03-20,34.45,35.5,34.25,34.82,12402100,34.45,35.5,34.25,34.82,12402100,2020-09-26T01:03:20Z
ADBE,2008-03-24,36.1,36.49,34.51,34.64,10782900,36.1,36.49,34.51,34.64,10782900,2020-09-26T01:03:20Z
ADBE,2008-03-25,36.54,36.65,35.81,36.58,8939900,36.54,36.65,35.81,36.58,8939900,2020-09-26T01:03:20Z
ADBE,2008-03-26,37.2,37.34,35.96,36.5,11396000,37.2,37.34,35.96,36.5,11396000,2020-09-26T01:03:20Z
ADBE,2008-03-27,35.68,37.12,35.68,37.1,7345800,35.68,37.12,35.68,37.1,7345800,2020-09-26T01:03:20Z
ADBE,2008-03-28,35.33,36.63,35.2,36.12,7229200,35.33,36.63,35.2,36.12,7229200,2020-09-26T01:03:20Z
ADBE,2008-03-31,35.59,35.9,35.3,35.69,8015400,35.59,35.9,35.3,35.69,8015400,2020-09-26T01:03:20Z
ADBE,2008-04-01,37.25,37.32,36.37,36.56,9317800,37.25,37.32,36.37,36.56,9317800,2020-09-26T01:03:20Z
ADBE,2008-04-02,36.5,37.52,36.2,37.38,8682800,36.5,37.52,36.2,37.38,8682800,2020-09-26T01:03:20Z
ADBE,2008-04-03,37.01,37.11,36.32,36.49,7608400,37.01,37.11,36.32,36.49,7608400,2020-09-26T01:03:20Z
ADBE,2008-04-04,36.97,37.35,36.63,37,5143800,36.97,37.35,36.63,37,5143800,2020-09-26T01:03:20Z
ADBE,2008-04-07,36.92,37.45,36.8,36.83,5811300,36.92,37.45,36.8,36.83,5811300,2020-09-26T01:03:20Z
ADBE,2008-04-08,36.83,37.19,36.51,36.64,4615800,36.83,37.19,36.51,36.64,4615800,2020-09-26T01:03:20Z
ADBE,2008-04-09,36.32,36.94,35.99,36.9,4304200,36.32,36.94,35.99,36.9,4304200,2020-09-26T01:03:20Z
ADBE,2008-04-10,37.09,37.19,36,36.08,8412500,37.09,37.19,36,36.08,8412500,2020-09-26T01:03:20Z
ADBE,2008-04-11,35.98,37,35.88,37,7464100,35.98,37,35.88,37,7464100,2020-09-26T01:03:20Z
ADBE,2008-04-14,36.29,36.62,35.73,35.95,5551300,36.29,36.62,35.73,35.95,5551300,2020-09-26T01:03:20Z
ADBE,2008-04-15,35.75,36.54,35.36,36.29,8107900,35.75,36.54,35.36,36.29,8107900,2020-09-26T01:03:20Z
ADBE,2008-04-16,36.42,36.54,35.46,36.1,10961500,36.42,36.54,35.46,36.1,10961500,2020-09-26T01:03:20Z
ADBE,2008-04-17,36.07,36.93,35.66,36.61,5755700,36.07,36.93,35.66,36.61,5755700,2020-09-26T01:03:20Z
ADBE,2008-04-18,36.27,36.99,36.08,36.99,8839300,36.27,36.99,36.08,36.99,8839300,2020-09-26T01:03:20Z
ADBE,2008-04-21,36.66,36.73,35.85,36.01,5040300,36.66,36.73,35.85,36.01,5040300,2020-09-26T01:03:20Z
ADBE,2008-04-22,36.17,36.74,35.61,36.74,8197900,36.17,36.74,35.61,36.74,8197900,2020-09-26T01:03:20Z
ADBE,2008-04-23,36.83,36.91,36.21,36.51,6037200,36.83,36.91,36.21,36.51,6037200,2020-09-26T01:03:20Z
ADBE,2008-04-24,37.43,37.79,36.41,36.77,5846600,37.43,37.79,36.41,36.77,5846600,2020-09-26T01:03:20Z
ADBE,2008-04-25,36.89,37.58,36.32,37.41,4628200,36.89,37.58,36.32,37.41,4628200,2020-09-26T01:03:20Z
ADBE,2008-04-28,37.18,37.51,36.65,37.02,5016900,37.18,37.51,36.65,37.02,5016900,2020-09-26T01:03:20Z
ADBE,2008-04-29,37.76,37.94,36.93,37,5444500,37.76,37.94,36.93,37,5444500,2020-09-26T01:03:20Z
ADBE,2008-04-30,37.29,38.1,37.28,37.79,4885300,37.29,38.1,37.28,37.79,4885300,2020-09-26T01:03:20Z
ADBE,2008-05-01,39.01,39.22,37.9,38.34,7222000,39.01,39.22,37.9,38.34,7222000,2020-09-26T01:03:20Z
ADBE,2008-05-02,40.38,40.41,39.12,39.23,8929300,40.38,40.41,39.12,39.23,8929300,2020-09-26T01:03:20Z
ADBE,2008-05-05,40.15,40.47,39.79,40.39,5762900,40.15,40.47,39.79,40.39,5762900,2020-09-26T01:03:20Z
ADBE,2008-05-06,40.25,40.45,39.53,40.15,4972400,40.25,40.45,39.53,40.15,4972400,2020-09-26T01:03:20Z
ADBE,2008-05-07,39.24,40.58,39.11,40.25,5310600,39.24,40.58,39.11,40.25,5310600,2020-09-26T01:03:20Z
ADBE,2008-05-08,40,40.15,39.11,39.49,5376100,40,40.15,39.11,39.49,5376100,2020-09-26T01:03:20Z
ADBE,2008-05-09,39.89,40.17,39.25,39.62,2800600,39.89,40.17,39.25,39.62,2800600,2020-09-26T01:03:20Z
ADBE,2008-05-12,40.44,40.5,39.35,39.83,4276600,40.44,40.5,39.35,39.83,4276600,2020-09-26T01:03:20Z
ADBE,2008-05-13,40.59,40.75,39.8,40.44,4722400,40.59,40.75,39.8,40.44,4722400,2020-09-26T01:03:20Z
ADBE,2008-05-14,40.94,41.51,40.59,40.71,4916000,40.94,41.51,40.59,40.71,4916000,2020-09-26T01:03:20Z
ADBE,2008-05-15,42,42.08,40.6,40.82,6364300,42,42.08,40.6,40.82,6364300,2020-09-26T01:03:20Z
ADBE,2008-05-16,42.26,42.45,41.71,42.17,5987100,42.26,42.45,41.71,42.17,5987100,2020-09-26T01:03:20Z
ADBE,2008-05-19,42.6,43.23,42.04,42.11,7218900,42.6,43.23,42.04,42.11,7218900,2020-09-26T01:03:20Z
ADBE,2008-05-20,41.66,42.02,41.02,41.44,6839100,41.66,42.02,41.02,41.44,6839100,2020-09-26T01:03:20Z
ADBE,2008-05-21,40.95,41.96,40.8,41.59,5445400,40.95,41.96,40.8,41.59,5445400,2020-09-26T01:03:20Z
ADBE,2008-05-22,41.4,41.66,40.82,40.88,3409300,41.4,41.66,40.82,40.88,3409300,2020-09-26T01:03:20Z
ADBE,2008-05-23,41.25,41.53,40.88,40.88,3645300,41.25,41.53,40.88,40.88,3645300,2020-09-26T01:03:20Z
ADBE,2008-05-27,41.99,42.1,41.05,41.16,4002100,41.99,42.1,41.05,41.16,4002100,2020-09-26T01:03:20Z
ADBE,2008-05-28,42.84,43,42.3,43,5749900,42.84,43,42.3,43,5749900,2020-09-26T01:03:20Z
ADBE,2008-05-29,43.8,44.08,42.75,42.75,6736500,43.8,44.08,42.75,42.75,6736500,2020-09-26T01:03:20Z
ADBE,2008-05-30,44.06,44.38,43.68,43.96,5842400,44.06,44.38,43.68,43.96,5842400,2020-09-26T01:03:20Z
ADBE,2008-06-02,43.46,44.24,42.76,43.97,5084200,43.46,44.24,42.76,43.97,5084200,2020-09-26T01:03:20Z
ADBE,2008-06-03,43.53,44.21,43,43.45,5405000,43.53,44.21,43,43.45,5405000,2020-09-26T01:03:20Z
ADBE,2008-06-04,44.25,44.66,43.31,43.6,4684600,44.25,44.66,43.31,43.6,4684600,2020-09-26T01:03:20Z
ADBE,2008-06-05,43.89,44.01,42.8,43.48,7158600,43.89,44.01,42.8,43.48,7158600,2020-09-26T01:03:20Z
ADBE,2008-06-06,42.3,43.6,42.3,43.45,5927800,42.3,43.6,42.3,43.45,5927800,2020-09-26T01:03:20Z
ADBE,2008-06-09,42.47,42.75,41.66,42.58,4553600,42.47,42.75,41.66,42.58,4553600,2020-09-26T01:03:20Z
ADBE,2008-06-10,41.74,42.36,41.47,42.17,5694300,41.74,42.36,41.47,42.17,5694300,2020-09-26T01:03:20Z
ADBE,2008-06-11,40.77,41.94,40.65,41.59,6523100,40.77,41.94,40.65,41.59,6523100,2020-09-26T01:03:20Z
ADBE,2008-06-12,40.99,41.59,40.6,41.04,5353400,40.99,41.59,40.6,41.04,5353400,2020-09-26T01:03:20Z
ADBE,2008-06-13,42.71,43.15,41.73,41.92,6346800,42.71,43.15,41.73,41.92,6346800,2020-09-26T01:03:20Z
ADBE,2008-06-16,42.85,43.11,42.08,42.32,6887200,42.85,43.11,42.08,42.32,6887200,2020-09-26T01:03:20Z
ADBE,2008-06-17,41.4,42.65,41.36,41.89,9028000,41.4,42.65,41.36,41.89,9028000,2020-09-26T01:03:20Z
ADBE,2008-06-18,40.94,41.54,40.71,40.81,6306300,40.94,41.54,40.71,40.81,6306300,2020-09-26T01:03:20Z
ADBE,2008-06-19,42,42.19,40.34,40.93,5714600,42,42.19,40.34,40.93,5714600,2020-09-26T01:03:20Z
ADBE,2008-06-20,40.55,41.76,40.33,41.54,8423100,40.55,41.76,40.33,41.54,8423100,2020-09-26T01:03:20Z
ADBE,2008-06-23,40.37,40.91,40.12,40.75,4999600,40.37,40.91,40.12,40.75,4999600,2020-09-26T01:03:20Z
ADBE,2008-06-24,41.38,41.81,40.7,40.86,6783700,41.38,41.81,40.7,40.86,6783700,2020-09-26T01:03:20Z
ADBE,2008-06-25,42.34,42.7,41.5,41.78,6023200,42.34,42.7,41.5,41.78,6023200,2020-09-26T01:03:20Z
ADBE,2008-06-26,40.83,41.93,40.78,41.89,7001500,40.83,41.93,40.78,41.89,7001500,2020-09-26T01:03:20Z
ADBE,2008-06-27,39.8,40.94,39.5,40.94,11824400,39.8,40.94,39.5,40.94,11824400,2020-09-26T01:03:20Z
ADBE,2008-06-30,39.39,39.99,39.28,39.63,6542200,39.39,39.99,39.28,39.63,6542200,2020-09-26T01:03:20Z
ADBE,2008-07-01,40.38,40.41,39,39.24,10247300,40.38,40.41,39,39.24,10247300,2020-09-26T01:03:20Z
ADBE,2008-07-02,39.81,41.3,39.81,40.54,7182600,39.81,41.3,39.81,40.54,7182600,2020-09-26T01:03:20Z
ADBE,2008-07-03,40.39,40.65,39.81,40.29,3387200,40.39,40.65,39.81,40.29,3387200,2020-09-26T01:03:20Z
ADBE,2008-07-07,39.72,40.86,38.81,39.79,8583800,39.72,40.86,38.81,39.79,8583800,2020-09-26T01:03:20Z
ADBE,2008-07-08,39.64,39.78,38.73,39.46,8355800,39.64,39.78,38.73,39.46,8355800,2020-09-26T01:03:20Z
ADBE,2008-07-09,38.23,39.74,38.23,39.49,6352900,38.23,39.74,38.23,39.49,6352900,2020-09-26T01:03:20Z
ADBE,2008-07-10,39.61,39.76,38.23,38.29,7147500,39.61,39.76,38.23,38.29,7147500,2020-09-26T01:03:20Z
ADBE,2008-07-11,39.24,40.2,38.69,39.1,6971400,39.24,40.2,38.69,39.1,6971400,2020-09-26T01:03:20Z
ADBE,2008-07-14,38.38,39.88,38.37,39.88,6995500,38.38,39.88,38.37,39.88,6995500,2020-09-26T01:03:20Z
ADBE,2008-07-15,39.83,40.53,37.75,39.09,10799300,39.83,40.53,37.75,39.09,10799300,2020-09-26T01:03:20Z
ADBE,2008-07-16,41.05,41.1,39.5,39.77,6940400,41.05,41.1,39.5,39.77,6940400,2020-09-26T01:03:20Z
ADBE,2008-07-17,41.54,41.71,40.65,41.02,5148200,41.54,41.71,40.65,41.02,5148200,2020-09-26T01:03:20Z
ADBE,2008-07-18,41.98,42.19,40.75,41.17,6190400,41.98,42.19,40.75,41.17,6190400,2020-09-26T01:03:20Z
ADBE,2008-07-21,41.16,41.94,40.7,41.87,5162000,41.16,41.94,40.7,41.87,5162000,2020-09-26T01:03:20Z
ADBE,2008-07-22,40.3,40.96,39.6,40.83,9957100,40.3,40.96,39.6,40.83,9957100,2020-09-26T01:03:20Z
ADBE,2008-07-23,41.82,42.34,40.63,40.87,10084900,41.82,42.34,40.63,40.87,10084900,2020-09-26T01:03:20Z
ADBE,2008-07-24,40.72,41.27,40.43,41,5532900,40.72,41.27,40.43,41,5532900,2020-09-26T01:03:20Z
ADBE,2008-07-25,40.9,41.42,40.6,41.07,5156200,40.9,41.42,40.6,41.07,5156200,2020-09-26T01:03:20Z
ADBE,2008-07-28,39.96,41.05,39.72,40.8,3895700,39.96,41.05,39.72,40.8,3895700,2020-09-26T01:03:20Z
ADBE,2008-07-29,41.01,41.32,40.17,40.24,5805000,41.01,41.32,40.17,40.24,5805000,2020-09-26T01:03:20Z
ADBE,2008-07-30,41.22,41.68,40.62,41.34,4989100,41.22,41.68,40.62,41.34,4989100,2020-09-26T01:03:20Z
ADBE,2008-07-31,41.35,41.93,40.58,40.93,6238500,41.35,41.93,40.58,40.93,6238500,2020-09-26T01:03:20Z
ADBE,2008-08-01,41.22,41.78,40.28,41.72,5907800,41.22,41.78,40.28,41.72,5907800,2020-09-26T01:03:20Z
ADBE,2008-08-04,41.29,41.64,40.61,41.44,3643300,41.29,41.64,40.61,41.44,3643300,2020-09-26T01:03:20Z
ADBE,2008-08-05,43.34,43.41,41.33,41.35,8839000,43.34,43.41,41.33,41.35,8839000,2020-09-26T01:03:20Z
ADBE,2008-08-06,43.53,43.77,42.61,43.14,6197800,43.53,43.77,42.61,43.14,6197800,2020-09-26T01:03:20Z
ADBE,2008-08-07,43.22,43.95,42.93,43.07,5956600,43.22,43.95,42.93,43.07,5956600,2020-09-26T01:03:20Z
ADBE,2008-08-08,45.15,45.34,43.34,43.4,8615700,45.15,45.34,43.34,43.4,8615700,2020-09-26T01:03:20Z
ADBE,2008-08-11,45.89,46.04,44.82,45.15,6081100,45.89,46.04,44.82,45.15,6081100,2020-09-26T01:03:20Z
ADBE,2008-08-12,45.62,46.44,45.54,45.87,8002100,45.62,46.44,45.54,45.87,8002100,2020-09-26T01:03:20Z
ADBE,2008-08-13,45.89,46.44,45.42,45.62,5299300,45.89,46.44,45.42,45.62,5299300,2020-09-26T01:03:20Z
ADBE,2008-08-14,45.36,45.69,45.01,45.56,6526000,45.36,45.69,45.01,45.56,6526000,2020-09-26T01:03:20Z
ADBE,2008-08-15,45.11,45.87,44.65,45.56,4433100,45.11,45.87,44.65,45.56,4433100,2020-09-26T01:03:20Z
ADBE,2008-08-18,44.1,44.97,43.75,44.79,7454400,44.1,44.97,43.75,44.79,7454400,2020-09-26T01:03:20Z
ADBE,2008-08-19,43.73,44.75,43.4,44.06,5217900,43.73,44.75,43.4,44.06,5217900,2020-09-26T01:03:20Z
ADBE,2008-08-20,44.28,44.72,43.66,43.93,4018000,44.28,44.72,43.66,43.93,4018000,2020-09-26T01:03:20Z
ADBE,2008-08-21,44.51,44.78,43.44,43.87,5308800,44.51,44.78,43.44,43.87,5308800,2020-09-26T01:03:20Z
ADBE,2008-08-22,44.91,45.09,44.5,44.88,4088700,44.91,45.09,44.5,44.88,4088700,2020-09-26T01:03:20Z
ADBE,2008-08-25,43.67,44.75,43.5,44.56,4250600,43.67,44.75,43.5,44.56,4250600,2020-09-26T01:03:20Z
ADBE,2008-08-26,43.36,43.84,43.12,43.73,5226500,43.36,43.84,43.12,43.73,5226500,2020-09-26T01:03:20Z
ADBE,2008-08-27,44.15,44.61,43.46,43.48,3738000,44.15,44.61,43.46,43.48,3738000,2020-09-26T01:03:20Z
ADBE,2008-08-28,44.31,44.74,44.07,44.27,4069700,44.31,44.74,44.07,44.27,4069700,2020-09-26T01:03:20Z
ADBE,2008-08-29,42.83,44.01,42.75,43.97,6947100,42.83,44.01,42.75,43.97,6947100,2020-09-26T01:03:20Z
ADBE,2008-09-02,42.85,44.16,42.59,43.91,6306900,42.85,44.16,42.59,43.91,6306900,2020-09-26T01:03:20Z
ADBE,2008-09-03,43.14,43.47,42.6,42.92,5380700,43.14,43.47,42.6,42.92,5380700,2020-09-26T01:03:20Z
ADBE,2008-09-04,42.19,43.99,42.19,43.67,6417200,42.19,43.99,42.19,43.67,6417200,2020-09-26T01:03:20Z
ADBE,2008-09-05,40.91,41.83,40.5,41.37,10903300,40.91,41.83,40.5,41.37,10903300,2020-09-26T01:03:20Z
ADBE,2008-09-08,41.61,41.73,40.22,40.49,7133300,41.61,41.73,40.22,40.49,7133300,2020-09-26T01:03:20Z
ADBE,2008-09-09,40.79,42.47,40.75,41.87,5914200,40.79,42.47,40.75,41.87,5914200,2020-09-26T01:03:20Z
ADBE,2008-09-10,40.73,41.35,40.45,41.35,4948700,40.73,41.35,40.45,41.35,4948700,2020-09-26T01:03:20Z
ADBE,2008-09-11,41.05,41.1,40.04,40.25,5504100,41.05,41.1,40.04,40.25,5504100,2020-09-26T01:03:20Z
ADBE,2008-09-12,40.47,40.9,39.9,40.9,7959700,40.47,40.9,39.9,40.9,7959700,2020-09-26T01:03:20Z
ADBE,2008-09-15,38.08,40.4,38.08,40.4,9701700,38.08,40.4,38.08,40.4,9701700,2020-09-26T01:03:20Z
ADBE,2008-09-16,38.14,39.15,36.15,38.51,11835700,38.14,39.15,36.15,38.51,11835700,2020-09-26T01:03:20Z
ADBE,2008-09-17,36.23,39.69,36.23,38.82,12494800,36.23,39.69,36.23,38.82,12494800,2020-09-26T01:03:20Z
ADBE,2008-09-18,39.65,45.26,37.17,37.66,12021000,39.65,45.26,37.17,37.66,12021000,2020-09-26T01:03:20Z
ADBE,2008-09-19,40.94,41.39,38,40.65,10298400,40.94,41.39,38,40.65,10298400,2020-09-26T01:03:20Z
ADBE,2008-09-22,39.23,41,39.17,40.78,4883200,39.23,41,39.17,40.78,4883200,2020-09-26T01:03:20Z
ADBE,2008-09-23,38.85,40.26,38.7,39.61,6523000,38.85,40.26,38.7,39.61,6523000,2020-09-26T01:03:20Z
ADBE,2008-09-24,39.45,40.01,39,39.41,4635900,39.45,40.01,39,39.41,4635900,2020-09-26T01:03:20Z
ADBE,2008-09-25,39.83,40.38,39.55,40.03,5256400,39.83,40.38,39.55,40.03,5256400,2020-09-26T01:03:20Z
ADBE,2008-09-26,39.99,40.1,38.92,39.16,5100800,39.99,40.1,38.92,39.16,5100800,2020-09-26T01:03:20Z
ADBE,2008-09-29,36.15,38.81,35.98,38.42,9597800,36.15,38.81,35.98,38.42,9597800,2020-09-26T01:03:20Z
ADBE,2008-09-30,39.47,39.53,36.49,36.72,10379800,39.47,39.53,36.49,36.72,10379800,2020-09-26T01:03:20Z
ADBE,2008-10-01,38.12,39.42,37.91,39.42,6296500,38.12,39.42,37.91,39.42,6296500,2020-09-26T01:03:20Z
ADBE,2008-10-02,35.22,37.9,35.11,37.88,9112900,35.22,37.9,35.11,37.88,9112900,2020-09-26T01:03:20Z
ADBE,2008-10-03,33.69,36.19,33.59,34.81,11062600,33.69,36.19,33.59,34.81,11062600,2020-09-26T01:03:20Z
ADBE,2008-10-06,30.71,33.45,29.41,31.93,17982600,30.71,33.45,29.41,31.93,17982600,2020-09-26T01:03:20Z
ADBE,2008-10-07,28.69,31.69,28.69,31.16,11397100,28.69,31.69,28.69,31.16,11397100,2020-09-26T01:03:20Z
ADBE,2008-10-08,30,31.19,28.43,28.86,14114000,30,31.19,28.43,28.86,14114000,2020-09-26T01:03:20Z
ADBE,2008-10-09,27.99,31.27,27.71,31.2,10862400,27.99,31.27,27.71,31.2,10862400,2020-09-26T01:03:20Z
ADBE,2008-10-10,27.12,28.88,25.63,26.22,14149000,27.12,28.88,25.63,26.22,14149000,2020-09-26T01:03:20Z
ADBE,2008-10-13,30.38,30.73,28.68,29.38,12510900,30.38,30.73,28.68,29.38,12510900,2020-09-26T01:03:20Z
ADBE,2008-10-14,29.2,31.45,28.86,31.33,9929300,29.2,31.45,28.86,31.33,9929300,2020-09-26T01:03:20Z
ADBE,2008-10-15,25.94,29.82,25.94,29.82,8377100,25.94,29.82,25.94,29.82,8377100,2020-09-26T01:03:20Z
ADBE,2008-10-16,27.69,28.21,24.45,25.83,11932300,27.69,28.21,24.45,25.83,11932300,2020-09-26T01:03:20Z
ADBE,2008-10-17,28.18,31.09,26.83,27.3,9703000,28.18,31.09,26.83,27.3,9703000,2020-09-26T01:03:20Z
ADBE,2008-10-20,29.31,29.38,27.79,28.05,5387400,29.31,29.38,27.79,28.05,5387400,2020-09-26T01:03:20Z
ADBE,2008-10-21,27.59,29.65,27.45,29,6964500,27.59,29.65,27.45,29,6964500,2020-09-26T01:03:20Z
ADBE,2008-10-22,25.4,27.16,24.56,27.03,9500300,25.4,27.16,24.56,27.03,9500300,2020-09-26T01:03:20Z
ADBE,2008-10-23,24.97,25.6,23.41,25.47,10769600,24.97,25.6,23.41,25.47,10769600,2020-09-26T01:03:20Z
ADBE,2008-10-24,23.89,24.63,22.88,22.99,10633600,23.89,24.63,22.88,22.99,10633600,2020-09-26T01:03:20Z
ADBE,2008-10-27,23.68,24.74,22.83,24.16,8235200,23.68,24.74,22.83,24.16,8235200,2020-09-26T01:03:20Z
ADBE,2008-10-28,27.08,27.15,23.93,24.23,10344200,27.08,27.15,23.93,24.23,10344200,2020-09-26T01:03:20Z
ADBE,2008-10-29,26.8,27.95,26.65,27.4,10321900,26.8,27.95,26.65,27.4,10321900,2020-09-26T01:03:20Z
ADBE,2008-10-30,26.86,27.88,26.25,27.41,9183300,26.86,27.88,26.25,27.41,9183300,2020-09-26T01:03:20Z
ADBE,2008-10-31,26.64,27.21,26.29,26.86,7816600,26.64,27.21,26.29,26.86,7816600,2020-09-26T01:03:20Z
ADBE,2008-11-03,27.16,27.3,26.13,26.79,5144000,27.16,27.3,26.13,26.79,5144000,2020-09-26T01:03:20Z
ADBE,2008-11-04,29.16,29.28,27.5,27.83,8843700,29.16,29.28,27.5,27.83,8843700,2020-09-26T01:03:20Z
ADBE,2008-11-05,27.22,29.08,27.06,28.98,8438300,27.22,29.08,27.06,28.98,8438300,2020-09-26T01:03:20Z
ADBE,2008-11-06,24.56,26.9,24.3,26.7,10048700,24.56,26.9,24.3,26.7,10048700,2020-09-26T01:03:20Z
ADBE,2008-11-07,24.59,25.39,24.07,24.92,7530800,24.59,25.39,24.07,24.92,7530800,2020-09-26T01:03:20Z
ADBE,2008-11-10,24.93,25.84,24.68,25.78,4797700,24.93,25.84,24.68,25.78,4797700,2020-09-26T01:03:20Z
ADBE,2008-11-11,23.64,24.91,23.45,24.77,7489700,23.64,24.91,23.45,24.77,7489700,2020-09-26T01:03:20Z
ADBE,2008-11-12,21.89,23.41,21.84,22.98,11727800,21.89,23.41,21.84,22.98,11727800,2020-09-26T01:03:20Z
ADBE,2008-11-13,24.3,24.38,21.12,21.68,11852500,24.3,24.38,21.12,21.68,11852500,2020-09-26T01:03:20Z
ADBE,2008-11-14,22.34,24.36,22.14,23.92,11111400,22.34,24.36,22.14,23.92,11111400,2020-09-26T01:03:20Z
ADBE,2008-11-17,22.8,23.41,21.51,21.91,10717600,22.8,23.41,21.51,21.91,10717600,2020-09-26T01:03:20Z
ADBE,2008-11-18,22.64,23.16,21.77,22.54,8217100,22.64,23.16,21.77,22.54,8217100,2020-09-26T01:03:20Z
ADBE,2008-11-19,21.63,23.87,21.6,22.47,9298700,21.63,23.87,21.6,22.47,9298700,2020-09-26T01:03:20Z
ADBE,2008-11-20,20.75,22.79,20.71,21.37,10482900,20.75,22.79,20.71,21.37,10482900,2020-09-26T01:03:20Z
ADBE,2008-11-21,21.38,21.41,19.85,21.1,13488900,21.38,21.41,19.85,21.1,13488900,2020-09-26T01:03:20Z
ADBE,2008-11-24,21.73,22.42,21.29,21.84,12915600,21.73,22.42,21.29,21.84,12915600,2020-09-26T01:03:20Z
ADBE,2008-11-25,22.42,22.78,21.5,21.9,13829000,22.42,22.78,21.5,21.9,13829000,2020-09-26T01:03:20Z
ADBE,2008-11-26,23.35,23.59,21.63,22.13,9062100,23.35,23.59,21.63,22.13,9062100,2020-09-26T01:03:20Z
ADBE,2008-11-28,23.16,23.43,22.75,22.75,4564000,23.16,23.43,22.75,22.75,4564000,2020-09-26T01:03:20Z
ADBE,2008-12-01,21,22.86,20.95,22.74,8593300,21,22.86,20.95,22.74,8593300,2020-09-26T01:03:20Z
ADBE,2008-12-02,22,22.25,21.01,21.42,7201300,22,22.25,21.01,21.42,7201300,2020-09-26T01:03:20Z
ADBE,2008-12-03,22.54,22.57,21.39,21.73,7306200,22.54,22.57,21.39,21.73,7306200,2020-09-26T01:03:20Z
ADBE,2008-12-04,20.44,21.66,20,20.91,18690500,20.44,21.66,20,20.91,18690500,2020-09-26T01:03:20Z
ADBE,2008-12-05,21.66,21.84,19.49,20.45,11494700,21.66,21.84,19.49,20.45,11494700,2020-09-26T01:03:20Z
ADBE,2008-12-08,22.6,23,21.85,21.85,7912000,22.6,23,21.85,21.85,7912000,2020-09-26T01:03:20Z
ADBE,2008-12-09,22.89,23.92,22.39,22.45,7419200,22.89,23.92,22.39,22.45,7419200,2020-09-26T01:03:20Z
ADBE,2008-12-10,23.44,23.88,22.78,23.26,5825800,23.44,23.88,22.78,23.26,5825800,2020-09-26T01:03:20Z
ADBE,2008-12-11,22.19,23.56,22,23.37,6444000,22.19,23.56,22,23.37,6444000,2020-09-26T01:03:20Z
ADBE,2008-12-12,22.43,22.53,21.33,21.95,6290600,22.43,22.53,21.33,21.95,6290600,2020-09-26T01:03:20Z
ADBE,2008-12-15,21.36,22.72,20.83,22.56,8273300,21.36,22.72,20.83,22.56,8273300,2020-09-26T01:03:20Z
ADBE,2008-12-16,22.32,22.42,20.92,22.13,10817000,22.32,22.42,20.92,22.13,10817000,2020-09-26T01:03:20Z
ADBE,2008-12-17,21.69,24.04,21.32,24.04,15268100,21.69,24.04,21.32,24.04,15268100,2020-09-26T01:03:20Z
ADBE,2008-12-18,21.38,22.09,21.01,21.84,8861100,21.38,22.09,21.01,21.84,8861100,2020-09-26T01:03:20Z
ADBE,2008-12-19,22.13,22.3,21.13,21.28,8446900,22.13,22.3,21.13,21.28,8446900,2020-09-26T01:03:20Z
ADBE,2008-12-22,21.11,21.98,20.66,21.97,5273400,21.11,21.98,20.66,21.97,5273400,2020-09-26T01:03:20Z
ADBE,2008-12-23,20.97,21.42,20.8,21.23,4399000,20.97,21.42,20.8,21.23,4399000,2020-09-26T01:03:20Z
ADBE,2008-12-24,21.13,21.18,20.71,20.75,1426600,21.13,21.18,20.71,20.75,1426600,2020-09-26T01:03:20Z
ADBE,2008-12-26,21.08,21.25,20.87,21.17,1942600,21.08,21.25,20.87,21.17,1942600,2020-09-26T01:03:20Z
ADBE,2008-12-29,20.52,21.15,20.01,21.11,4959000,20.52,21.15,20.01,21.11,4959000,2020-09-26T01:03:20Z
ADBE,2008-12-30,21.05,21.06,20.38,20.6,4911200,21.05,21.06,20.38,20.6,4911200,2020-09-26T01:03:20Z
ADBE,2008-12-31,21.29,21.6,20.85,20.85,4066900,21.29,21.6,20.85,20.85,4066900,2020-09-26T01:03:20Z
ADBE,2009-01-02,23.02,23.1,21.07,21.11,6673400,23.02,23.1,21.07,21.11,6673400,2020-09-26T01:03:20Z
ADBE,2009-01-05,23.13,23.31,22.5,22.52,7385500,23.13,23.31,22.5,22.52,7385500,2020-09-26T01:03:20Z
ADBE,2009-01-06,24.22,24.45,23.07,23.07,7032400,24.22,24.45,23.07,23.07,7032400,2020-09-26T01:03:20Z
ADBE,2009-01-07,24.23,24.81,23.51,23.57,12785600,24.23,24.81,23.51,23.57,12785600,2020-09-26T01:03:20Z
ADBE,2009-01-08,24.29,24.38,23.63,24.01,6207300,24.29,24.38,23.63,24.01,6207300,2020-09-26T01:03:20Z
ADBE,2009-01-09,24.01,24.5,23.42,23.99,6928200,24.01,24.5,23.42,23.99,6928200,2020-09-26T01:03:20Z
ADBE,2009-01-12,23.76,24.35,23.6,24.07,7057200,23.76,24.35,23.6,24.07,7057200,2020-09-26T01:03:20Z
ADBE,2009-01-13,22.1,23.22,21.75,22.97,14001200,22.1,23.22,21.75,22.97,14001200,2020-09-26T01:03:20Z
ADBE,2009-01-14,21.11,22.16,20.95,22.09,8298000,21.11,22.16,20.95,22.09,8298000,2020-09-26T01:03:20Z
ADBE,2009-01-15,20.83,21.3,20.45,21.04,10008500,20.83,21.3,20.45,21.04,10008500,2020-09-26T01:03:20Z
ADBE,2009-01-16,21.06,21.53,20.47,21.11,8056200,21.06,21.53,20.47,21.11,8056200,2020-09-26T01:03:20Z
ADBE,2009-01-20,19.39,21.1,19.34,21.01,8847000,19.39,21.1,19.34,21.01,8847000,2020-09-26T01:03:20Z
ADBE,2009-01-21,20.96,20.97,19.74,19.88,9536900,20.96,20.97,19.74,19.88,9536900,2020-09-26T01:03:20Z
ADBE,2009-01-22,19.32,20.25,19.06,19.84,13904200,19.32,20.25,19.06,19.84,13904200,2020-09-26T01:03:20Z
ADBE,2009-01-23,19.7,20.1,18.7,19,10483700,19.7,20.1,18.7,19,10483700,2020-09-26T01:03:20Z
ADBE,2009-01-26,19.93,20.44,19.67,19.95,6139500,19.93,20.44,19.67,19.95,6139500,2020-09-26T01:03:20Z
ADBE,2009-01-27,20.11,20.38,19.53,19.74,6385400,20.11,20.38,19.53,19.74,6385400,2020-09-26T01:03:20Z
ADBE,2009-01-28,20.89,21.2,20.34,20.71,7158600,20.89,21.2,20.34,20.71,7158600,2020-09-26T01:03:20Z
ADBE,2009-01-29,20.05,20.91,19.61,20.6,7695000,20.05,20.91,19.61,20.6,7695000,2020-09-26T01:03:20Z
ADBE,2009-01-30,19.31,20.33,19.21,20.26,8970600,19.31,20.33,19.21,20.26,8970600,2020-09-26T01:03:20Z
ADBE,2009-02-02,19.58,19.7,18.96,19.41,8305400,19.58,19.7,18.96,19.41,8305400,2020-09-26T01:03:20Z
ADBE,2009-02-03,19.7,19.76,19.13,19.69,7938600,19.7,19.76,19.13,19.69,7938600,2020-09-26T01:03:20Z
ADBE,2009-02-04,19.88,20.35,19.53,19.63,9636900,19.88,20.35,19.53,19.63,9636900,2020-09-26T01:03:20Z
ADBE,2009-02-05,20.91,21.04,19.44,19.64,11326800,20.91,21.04,19.44,19.64,11326800,2020-09-26T01:03:20Z
ADBE,2009-02-06,21.7,21.8,20.81,20.93,9851800,21.7,21.8,20.81,20.93,9851800,2020-09-26T01:03:20Z
ADBE,2009-02-09,21.42,22.01,21.1,22,7246400,21.42,22.01,21.1,22,7246400,2020-09-26T01:03:20Z
ADBE,2009-02-10,20.48,21.42,20.28,21.32,10924400,20.48,21.42,20.28,21.32,10924400,2020-09-26T01:03:20Z
ADBE,2009-02-11,20.31,20.86,19.9,20.43,7637800,20.31,20.86,19.9,20.43,7637800,2020-09-26T01:03:20Z
ADBE,2009-02-12,21.22,21.26,19.78,19.95,12830900,21.22,21.26,19.78,19.95,12830900,2020-09-26T01:03:20Z
ADBE,2009-02-13,21.1,21.37,20.85,20.96,8147300,21.1,21.37,20.85,20.96,8147300,2020-09-26T01:03:20Z
ADBE,2009-02-17,20.4,20.69,19.8,20.08,9782600,20.4,20.69,19.8,20.08,9782600,2020-09-26T01:03:20Z
ADBE,2009-02-18,20.39,20.69,20.07,20.33,7409800,20.39,20.69,20.07,20.33,7409800,2020-09-26T01:03:20Z
ADBE,2009-02-19,19.54,20.5,19.48,20.46,10428800,19.54,20.5,19.48,20.46,10428800,2020-09-26T01:03:20Z
ADBE,2009-02-20,18.04,19.15,17.7,18.98,21630100,18.04,19.15,17.7,18.98,21630100,2020-09-26T01:03:20Z
ADBE,2009-02-23,17.09,18.09,16.9,18.09,14266100,17.09,18.09,16.9,18.09,14266100,2020-09-26T01:03:20Z
ADBE,2009-02-24,18.17,18.33,17.22,17.31,12866400,18.17,18.33,17.22,17.31,12866400,2020-09-26T01:03:20Z
ADBE,2009-02-25,17.64,17.92,17.15,17.54,12999900,17.64,17.92,17.15,17.54,12999900,2020-09-26T01:03:20Z
ADBE,2009-02-26,16.7,17.67,16.65,17.47,15043900,16.7,17.67,16.65,17.47,15043900,2020-09-26T01:03:20Z
ADBE,2009-02-27,16.7,17.18,15.7,15.71,15832300,16.7,17.18,15.7,15.71,15832300,2020-09-26T01:03:20Z
ADBE,2009-03-02,16.04,16.66,15.97,16.49,13129700,16.04,16.66,15.97,16.49,13129700,2020-09-26T01:03:20Z
ADBE,2009-03-03,15.98,16.48,15.87,16.15,12539400,15.98,16.48,15.87,16.15,12539400,2020-09-26T01:03:20Z
ADBE,2009-03-04,16.32,16.61,15.9,16.16,8999000,16.32,16.61,15.9,16.16,8999000,2020-09-26T01:03:20Z
ADBE,2009-03-05,16.92,18.19,16.31,18.16,26498200,16.92,18.19,16.31,18.16,26498200,2020-09-26T01:03:20Z
ADBE,2009-03-06,17.16,17.43,16.75,17.16,10509500,17.16,17.43,16.75,17.16,10509500,2020-09-26T01:03:20Z
ADBE,2009-03-09,16.78,17.59,16.72,17.03,9298700,16.78,17.59,16.72,17.03,9298700,2020-09-26T01:03:20Z
ADBE,2009-03-10,18.52,18.54,17.11,17.19,11747900,18.52,18.54,17.11,17.19,11747900,2020-09-26T01:03:20Z
ADBE,2009-03-11,18.63,18.85,18.03,18.18,8678100,18.63,18.85,18.03,18.18,8678100,2020-09-26T01:03:20Z
ADBE,2009-03-12,19.43,19.51,18.28,18.47,9734800,19.43,19.51,18.28,18.47,9734800,2020-09-26T01:03:20Z
ADBE,2009-03-13,18.68,19.31,18.33,19.24,11490900,18.68,19.31,18.33,19.24,11490900,2020-09-26T01:03:20Z
ADBE,2009-03-16,18.45,19,18.34,18.69,11900500,18.45,19,18.34,18.69,11900500,2020-09-26T01:03:20Z
ADBE,2009-03-17,19.13,19.15,18.16,18.62,9286000,19.13,19.15,18.16,18.62,9286000,2020-09-26T01:03:20Z
ADBE,2009-03-18,21.35,22.09,19.34,19.41,20855000,21.35,22.09,19.34,19.41,20855000,2020-09-26T01:03:20Z
ADBE,2009-03-19,21.24,22.58,20.89,21.84,13667000,21.24,22.58,20.89,21.84,13667000,2020-09-26T01:03:20Z
ADBE,2009-03-20,20.46,21.79,20.39,21.01,10267200,20.46,21.79,20.39,21.01,10267200,2020-09-26T01:03:20Z
ADBE,2009-03-23,22.69,22.69,21.01,21.2,13186700,22.69,22.69,21.01,21.2,13186700,2020-09-26T01:03:20Z
ADBE,2009-03-24,21.86,22.59,21.72,22.59,9501700,21.86,22.59,21.72,22.59,9501700,2020-09-26T01:03:20Z
ADBE,2009-03-25,22.1,22.44,21.5,22,10773900,22.1,22.44,21.5,22,10773900,2020-09-26T01:03:20Z
ADBE,2009-03-26,22.94,23,22.18,22.18,9777700,22.94,23,22.18,22.18,9777700,2020-09-26T01:03:20Z
ADBE,2009-03-27,21.84,22.7,21.81,22.56,6427500,21.84,22.7,21.81,22.56,6427500,2020-09-26T01:03:20Z
ADBE,2009-03-30,20.82,21.48,20.39,21.33,9617400,20.82,21.48,20.39,21.33,9617400,2020-09-26T01:03:20Z
ADBE,2009-03-31,21.39,21.87,20.83,20.93,8531100,21.39,21.87,20.83,20.93,8531100,2020-09-26T01:03:20Z
ADBE,2009-04-01,21.96,22.18,20.79,20.95,7286900,21.96,22.18,20.79,20.95,7286900,2020-09-26T01:03:20Z
ADBE,2009-04-02,23.28,23.84,22.61,22.79,11062000,23.28,23.84,22.61,22.79,11062000,2020-09-26T01:03:20Z
ADBE,2009-04-03,24.16,24.26,23.25,23.25,8229200,24.16,24.26,23.25,23.25,8229200,2020-09-26T01:03:20Z
ADBE,2009-04-06,23.19,24,22.78,23.85,8072300,23.19,24,22.78,23.85,8072300,2020-09-26T01:03:20Z
ADBE,2009-04-07,22.96,23.66,22.76,23.61,9809800,22.96,23.66,22.76,23.61,9809800,2020-09-26T01:03:20Z
ADBE,2009-04-08,23.92,24.17,23.47,23.81,5991300,23.92,24.17,23.47,23.81,5991300,2020-09-26T01:03:20Z
ADBE,2009-04-09,24.87,24.97,24.28,24.48,8501700,24.87,24.97,24.28,24.48,8501700,2020-09-26T01:03:20Z
ADBE,2009-04-13,24.72,24.89,24.22,24.6,5581700,24.72,24.89,24.22,24.6,5581700,2020-09-26T01:03:20Z
ADBE,2009-04-14,24.01,24.49,23.84,24.42,6544900,24.01,24.49,23.84,24.42,6544900,2020-09-26T01:03:20Z
ADBE,2009-04-15,23.64,23.92,23.12,23.8,6980400,23.64,23.92,23.12,23.8,6980400,2020-09-26T01:03:20Z
ADBE,2009-04-16,24.38,24.59,23.44,24.14,9290900,24.38,24.59,23.44,24.14,9290900,2020-09-26T01:03:20Z
ADBE,2009-04-17,24.7,24.87,24.05,24.6,7899400,24.7,24.87,24.05,24.6,7899400,2020-09-26T01:03:20Z
ADBE,2009-04-20,23.46,24.43,23.33,24.43,6963500,23.46,24.43,23.33,24.43,6963500,2020-09-26T01:03:20Z
ADBE,2009-04-21,23.75,24.13,23.25,23.35,7442900,23.75,24.13,23.25,23.35,7442900,2020-09-26T01:03:20Z
ADBE,2009-04-22,24.16,24.74,23.21,23.58,7045100,24.16,24.74,23.21,23.58,7045100,2020-09-26T01:03:20Z
ADBE,2009-04-23,24.48,24.49,23.54,23.86,8006400,24.48,24.49,23.54,23.86,8006400,2020-09-26T01:03:20Z
ADBE,2009-04-24,26.42,26.49,24.45,24.51,13798500,26.42,26.49,24.45,24.51,13798500,2020-09-26T01:03:20Z
ADBE,2009-04-27,26.14,26.65,25.7,25.92,9240300,26.14,26.65,25.7,25.92,9240300,2020-09-26T01:03:20Z
ADBE,2009-04-28,25.7,25.95,25.25,25.7,8099800,25.7,25.95,25.25,25.7,8099800,2020-09-26T01:03:20Z
ADBE,2009-04-29,26.75,26.84,25.59,25.99,9035900,26.75,26.84,25.59,25.99,9035900,2020-09-26T01:03:20Z
ADBE,2009-04-30,27.35,27.71,26.73,27.1,9143900,27.35,27.71,26.73,27.1,9143900,2020-09-26T01:03:20Z
ADBE,2009-05-01,27.46,28,27.02,27.08,9135100,27.46,28,27.02,27.08,9135100,2020-09-26T01:03:20Z
ADBE,2009-05-04,26.69,26.75,25.88,26.59,14574200,26.69,26.75,25.88,26.59,14574200,2020-09-26T01:03:20Z
ADBE,2009-05-05,26.89,26.91,26.2,26.74,8157300,26.89,26.91,26.2,26.74,8157300,2020-09-26T01:03:20Z
ADBE,2009-05-06,26.35,27.04,25.66,26.89,9995700,26.35,27.04,25.66,26.89,9995700,2020-09-26T01:03:20Z
ADBE,2009-05-07,25.63,26.64,25.38,26.58,7950000,25.63,26.64,25.38,26.58,7950000,2020-09-26T01:03:20Z
ADBE,2009-05-08,25.42,26.53,25.21,26,7673900,25.42,26.53,25.21,26,7673900,2020-09-26T01:03:20Z
ADBE,2009-05-11,26.15,26.36,24.78,24.86,7683700,26.15,26.36,24.78,24.86,7683700,2020-09-26T01:03:20Z
ADBE,2009-05-12,25.99,26.34,25.67,26.25,5077800,25.99,26.34,25.67,26.25,5077800,2020-09-26T01:03:20Z
ADBE,2009-05-13,25.17,26.03,25.12,25.99,7918400,25.17,26.03,25.12,25.99,7918400,2020-09-26T01:03:20Z
ADBE,2009-05-14,25.93,26.15,25.2,25.2,6720900,25.93,26.15,25.2,25.2,6720900,2020-09-26T01:03:20Z
ADBE,2009-05-15,25.92,26.35,25.52,25.97,4806400,25.92,26.35,25.52,25.97,4806400,2020-09-26T01:03:20Z
ADBE,2009-05-18,26.48,26.52,25.7,25.94,4461600,26.48,26.52,25.7,25.94,4461600,2020-09-26T01:03:20Z
ADBE,2009-05-19,26.56,26.81,26.01,26.25,3509400,26.56,26.81,26.01,26.25,3509400,2020-09-26T01:03:20Z
ADBE,2009-05-20,26.39,27.32,26.31,26.68,5324200,26.39,27.32,26.31,26.68,5324200,2020-09-26T01:03:20Z
ADBE,2009-05-21,26.07,26.15,25.7,25.9,6320600,26.07,26.15,25.7,25.9,6320600,2020-09-26T01:03:20Z
ADBE,2009-05-22,26.48,27.04,26,26,4959300,26.48,27.04,26,26,4959300,2020-09-26T01:03:20Z
ADBE,2009-05-26,27.89,27.95,26.1,26.31,6088100,27.89,27.95,26.1,26.31,6088100,2020-09-26T01:03:20Z
ADBE,2009-05-27,27.25,28.07,27.15,27.67,5013600,27.25,28.07,27.15,27.67,5013600,2020-09-26T01:03:20Z
ADBE,2009-05-28,27.54,27.64,26.57,27.25,7651000,27.54,27.64,26.57,27.25,7651000,2020-09-26T01:03:20Z
ADBE,2009-05-29,28.18,28.19,27.02,27.49,6950200,28.18,28.19,27.02,27.49,6950200,2020-09-26T01:03:20Z
ADBE,2009-06-01,29.36,29.5,28.3,28.88,6602600,29.36,29.5,28.3,28.88,6602600,2020-09-26T01:03:20Z
ADBE,2009-06-02,29.59,29.75,29.08,29.17,7365300,29.59,29.75,29.08,29.17,7365300,2020-09-26T01:03:20Z
ADBE,2009-06-03,29.06,29.49,28.3,29.05,8572600,29.06,29.49,28.3,29.05,8572600,2020-09-26T01:03:20Z
ADBE,2009-06-04,29.44,29.55,28.68,28.71,7161600,29.44,29.55,28.68,28.71,7161600,2020-09-26T01:03:20Z
ADBE,2009-06-05,29.98,30.34,28.79,29.45,8839200,29.98,30.34,28.79,29.45,8839200,2020-09-26T01:03:20Z
ADBE,2009-06-08,29.17,29.9,28.85,29.78,6755600,29.17,29.9,28.85,29.78,6755600,2020-09-26T01:03:20Z
ADBE,2009-06-09,29.77,29.97,29.15,29.4,5290800,29.77,29.97,29.15,29.4,5290800,2020-09-26T01:03:20Z
ADBE,2009-06-10,30.17,30.43,29.63,29.88,8515300,30.17,30.43,29.63,29.88,8515300,2020-09-26T01:03:20Z
ADBE,2009-06-11,30.4,31,30.1,30.36,7257700,30.4,31,30.1,30.36,7257700,2020-09-26T01:03:20Z
ADBE,2009-06-12,30.15,30.67,29.61,30.6,5478500,30.15,30.67,29.61,30.6,5478500,2020-09-26T01:03:20Z
ADBE,2009-06-15,28.82,29.99,28.54,29.99,11229700,28.82,29.99,28.54,29.99,11229700,2020-09-26T01:03:20Z
ADBE,2009-06-16,28.17,29.13,28.13,29.07,9998600,28.17,29.13,28.13,29.07,9998600,2020-09-26T01:03:20Z
ADBE,2009-06-17,28.68,29,28,28.27,12654100,28.68,29,28,28.27,12654100,2020-09-26T01:03:20Z
ADBE,2009-06-18,28.72,28.95,28.2,28.95,7367900,28.72,28.95,28.2,28.95,7367900,2020-09-26T01:03:20Z
ADBE,2009-06-19,29.33,29.44,28.94,28.99,9214700,29.33,29.44,28.94,28.99,9214700,2020-09-26T01:03:20Z
ADBE,2009-06-22,27.31,28.78,27.31,28.56,12028100,27.31,28.78,27.31,28.56,12028100,2020-09-26T01:03:20Z
ADBE,2009-06-23,27.71,27.84,27.2,27.55,8013700,27.71,27.84,27.2,27.55,8013700,2020-09-26T01:03:20Z
ADBE,2009-06-24,27.74,28.38,27.5,27.84,7141300,27.74,28.38,27.5,27.84,7141300,2020-09-26T01:03:20Z
ADBE,2009-06-25,28.52,28.64,27.41,27.87,6417000,28.52,28.64,27.41,27.87,6417000,2020-09-26T01:03:20Z
ADBE,2009-06-26,28,28.31,27.48,27.5,6420100,28,28.31,27.48,27.5,6420100,2020-09-26T01:03:20Z
ADBE,2009-06-29,28.62,28.76,28.05,28.13,4468200,28.62,28.76,28.05,28.13,4468200,2020-09-26T01:03:20Z
ADBE,2009-06-30,28.3,28.79,27.94,28.76,6104700,28.3,28.79,27.94,28.76,6104700,2020-09-26T01:03:20Z
ADBE,2009-07-01,28.66,29.19,28.38,28.38,5557200,28.66,29.19,28.38,28.38,5557200,2020-09-26T01:03:20Z
ADBE,2009-07-02,27.64,28.47,27.58,28.11,4254400,27.64,28.47,27.58,28.11,4254400,2020-09-26T01:03:20Z
ADBE,2009-07-06,27.16,27.42,26.81,27.1,7269300,27.16,27.42,26.81,27.1,7269300,2020-09-26T01:03:20Z
ADBE,2009-07-07,26.34,27.21,26.3,27.02,6454700,26.34,27.21,26.3,27.02,6454700,2020-09-26T01:03:20Z
ADBE,2009-07-08,26.47,26.63,26.08,26.63,10199000,26.47,26.63,26.08,26.63,10199000,2020-09-26T01:03:20Z
ADBE,2009-07-09,27.42,27.58,26.53,26.72,8077900,27.42,27.58,26.53,26.72,8077900,2020-09-26T01:03:20Z
ADBE,2009-07-10,27.58,27.73,27.07,27.14,6069700,27.58,27.73,27.07,27.14,6069700,2020-09-26T01:03:20Z
ADBE,2009-07-13,28.37,28.45,26.9,27.56,8030600,28.37,28.45,26.9,27.56,8030600,2020-09-26T01:03:20Z
ADBE,2009-07-14,28.3,28.45,27.93,28.19,8136700,28.3,28.45,27.93,28.19,8136700,2020-09-26T01:03:20Z
ADBE,2009-07-15,29.85,29.91,29,29.18,11216400,29.85,29.91,29,29.18,11216400,2020-09-26T01:03:20Z
ADBE,2009-07-16,30.87,30.94,29.54,29.67,9327700,30.87,30.94,29.54,29.67,9327700,2020-09-26T01:03:20Z
ADBE,2009-07-17,31.02,31.06,30.39,30.9,6301200,31.02,31.06,30.39,30.9,6301200,2020-09-26T01:03:20Z
ADBE,2009-07-20,31.21,31.35,30.62,30.74,6790600,31.21,31.35,30.62,30.74,6790600,2020-09-26T01:03:20Z
ADBE,2009-07-21,31.26,31.35,30.84,31.03,6274300,31.26,31.35,30.84,31.03,6274300,2020-09-26T01:03:20Z
ADBE,2009-07-22,31.34,31.48,31,31.04,5624600,31.34,31.48,31,31.04,5624600,2020-09-26T01:03:20Z
ADBE,2009-07-23,32.31,32.33,31.13,31.21,7242300,32.31,32.33,31.13,31.21,7242300,2020-09-26T01:03:20Z
ADBE,2009-07-24,32.63,32.69,31.67,31.83,5921400,32.63,32.69,31.67,31.83,5921400,2020-09-26T01:03:20Z
ADBE,2009-07-27,32.61,32.9,32.21,32.56,5254700,32.61,32.9,32.21,32.56,5254700,2020-09-26T01:03:20Z
ADBE,2009-07-28,32.33,32.91,32.04,32.45,7579800,32.33,32.91,32.04,32.45,7579800,2020-09-26T01:03:20Z
ADBE,2009-07-29,32.06,32.29,31.7,32.18,4935800,32.06,32.29,31.7,32.18,4935800,2020-09-26T01:03:20Z
ADBE,2009-07-30,32.28,33.34,32.17,32.54,5653900,32.28,33.34,32.17,32.54,5653900,2020-09-26T01:03:20Z
ADBE,2009-07-31,32.42,32.86,32.28,32.38,4226200,32.42,32.86,32.28,32.38,4226200,2020-09-26T01:03:20Z
ADBE,2009-08-03,32.68,33,32.42,32.61,4723700,32.68,33,32.42,32.61,4723700,2020-09-26T01:03:20Z
ADBE,2009-08-04,33,33.26,32.56,32.6,4677400,33,33.26,32.56,32.6,4677400,2020-09-26T01:03:20Z
ADBE,2009-08-05,32.01,33.12,31.48,33.12,10117400,32.01,33.12,31.48,33.12,10117400,2020-09-26T01:03:20Z
ADBE,2009-08-06,32.42,32.54,31.87,32.01,6419800,32.42,32.54,31.87,32.01,6419800,2020-09-26T01:03:20Z
ADBE,2009-08-07,33.22,33.46,32.79,33.01,5213700,33.22,33.46,32.79,33.01,5213700,2020-09-26T01:03:20Z
ADBE,2009-08-10,32.82,33.49,32.65,32.8,4476200,32.82,33.49,32.65,32.8,4476200,2020-09-26T01:03:20Z
ADBE,2009-08-11,31.92,32.6,31.79,32.56,6554300,31.92,32.6,31.79,32.56,6554300,2020-09-26T01:03:20Z
ADBE,2009-08-12,33.04,33.32,31.84,31.87,6236600,33.04,33.32,31.84,31.87,6236600,2020-09-26T01:03:20Z
ADBE,2009-08-13,33.43,33.47,32.76,33.32,6055100,33.43,33.47,32.76,33.32,6055100,2020-09-26T01:03:20Z
ADBE,2009-08-14,32.27,33.29,31.86,33.21,8012500,32.27,33.29,31.86,33.21,8012500,2020-09-26T01:03:20Z
ADBE,2009-08-17,31.21,31.9,31.12,31.72,5501100,31.21,31.9,31.12,31.72,5501100,2020-09-26T01:03:20Z
ADBE,2009-08-18,31.72,31.92,31.1,31.28,4925600,31.72,31.92,31.1,31.28,4925600,2020-09-26T01:03:20Z
ADBE,2009-08-19,31.72,31.88,31.17,31.45,5001100,31.72,31.88,31.17,31.45,5001100,2020-09-26T01:03:20Z
ADBE,2009-08-20,32.1,32.19,31.48,31.83,4675900,32.1,32.19,31.48,31.83,4675900,2020-09-26T01:03:20Z
ADBE,2009-08-21,32.84,32.93,32,32.44,5108600,32.84,32.93,32,32.44,5108600,2020-09-26T01:03:20Z
ADBE,2009-08-24,32.73,33.23,32.52,32.85,4737100,32.73,33.23,32.52,32.85,4737100,2020-09-26T01:03:20Z
ADBE,2009-08-25,32.67,32.97,32.33,32.67,3861300,32.67,32.97,32.33,32.67,3861300,2020-09-26T01:03:20Z
ADBE,2009-08-26,32.51,32.76,32.15,32.52,4054700,32.51,32.76,32.15,32.52,4054700,2020-09-26T01:03:20Z
ADBE,2009-08-27,32.46,32.56,31.72,32.35,5171300,32.46,32.56,31.72,32.35,5171300,2020-09-26T01:03:20Z
ADBE,2009-08-28,31.73,32.98,31.31,32.72,7114800,31.73,32.98,31.31,32.72,7114800,2020-09-26T01:03:20Z
ADBE,2009-08-31,31.42,31.81,31.1,31.58,7132100,31.42,31.81,31.1,31.58,7132100,2020-09-26T01:03:20Z
ADBE,2009-09-01,31.1,32.08,30.89,31.27,7670000,31.1,32.08,30.89,31.27,7670000,2020-09-26T01:03:20Z
ADBE,2009-09-02,31,31.27,30.73,31.14,5233000,31,31.27,30.73,31.14,5233000,2020-09-26T01:03:20Z
ADBE,2009-09-03,31.49,31.52,30.7,31,4344000,31.49,31.52,30.7,31,4344000,2020-09-26T01:03:20Z
ADBE,2009-09-04,32.05,32.1,31.43,31.63,4110700,32.05,32.1,31.43,31.63,4110700,2020-09-26T01:03:20Z
ADBE,2009-09-08,32.51,32.56,32.14,32.48,5160600,32.51,32.56,32.14,32.48,5160600,2020-09-26T01:03:20Z
ADBE,2009-09-09,32.8,32.92,32.12,32.25,5852100,32.8,32.92,32.12,32.25,5852100,2020-09-26T01:03:20Z
ADBE,2009-09-10,34.02,34.13,32.51,32.74,10199900,34.02,34.13,32.51,32.74,10199900,2020-09-26T01:03:20Z
ADBE,2009-09-11,34.65,34.98,34.05,34.11,7586200,34.65,34.98,34.05,34.11,7586200,2020-09-26T01:03:20Z
ADBE,2009-09-14,35.19,35.29,34.28,34.44,8246800,35.19,35.29,34.28,34.44,8246800,2020-09-26T01:03:20Z
ADBE,2009-09-15,35.62,35.78,34.8,35.29,10762400,35.62,35.78,34.8,35.29,10762400,2020-09-26T01:03:20Z
ADBE,2009-09-16,33.35,33.85,33.01,33.58,28912200,33.35,33.85,33.01,33.58,28912200,2020-09-26T01:03:20Z
ADBE,2009-09-17,32.84,33.59,32.72,33.55,13828500,32.84,33.59,32.72,33.55,13828500,2020-09-26T01:03:20Z
ADBE,2009-09-18,32.95,33.43,32.7,33.05,10512400,32.95,33.43,32.7,33.05,10512400,2020-09-26T01:03:20Z
ADBE,2009-09-21,32.85,33.65,32.75,32.75,5879700,32.85,33.65,32.75,32.75,5879700,2020-09-26T01:03:20Z
ADBE,2009-09-22,33.11,33.31,32.98,33.07,4369300,33.11,33.31,32.98,33.07,4369300,2020-09-26T01:03:20Z
ADBE,2009-09-23,32.71,33.33,32.68,33.03,6942900,32.71,33.33,32.68,33.03,6942900,2020-09-26T01:03:20Z
ADBE,2009-09-24,32.32,32.86,32.07,32.7,5948400,32.32,32.86,32.07,32.7,5948400,2020-09-26T01:03:20Z
ADBE,2009-09-25,32.03,32.41,31.89,32.11,4516600,32.03,32.41,31.89,32.11,4516600,2020-09-26T01:03:20Z
ADBE,2009-09-28,32.93,33.26,32.12,32.2,5849200,32.93,33.26,32.12,32.2,5849200,2020-09-26T01:03:20Z
ADBE,2009-09-29,32.68,33.22,32.53,32.89,5013000,32.68,33.22,32.53,32.89,5013000,2020-09-26T01:03:20Z
ADBE,2009-09-30,33.04,33.22,32.12,32.76,6633200,33.04,33.22,32.12,32.76,6633200,2020-09-26T01:03:20Z
ADBE,2009-10-01,32.18,32.78,31.96,32.66,7257900,32.18,32.78,31.96,32.66,7257900,2020-09-26T01:03:20Z
ADBE,2009-10-02,32.35,32.54,31.59,31.7,5922900,32.35,32.54,31.59,31.7,5922900,2020-09-26T01:03:20Z
ADBE,2009-10-05,32.55,32.72,32.12,32.37,4892000,32.55,32.72,32.12,32.37,4892000,2020-09-26T01:03:20Z
ADBE,2009-10-06,33.51,33.75,32.63,32.79,7117500,33.51,33.75,32.63,32.79,7117500,2020-09-26T01:03:20Z
ADBE,2009-10-07,33.26,33.74,33.06,33.74,4172300,33.26,33.74,33.06,33.74,4172300,2020-09-26T01:03:20Z
ADBE,2009-10-08,34.33,34.6,33.7,33.74,8629300,34.33,34.6,33.7,33.74,8629300,2020-09-26T01:03:20Z
ADBE,2009-10-09,34.64,34.77,33.98,34.08,3708600,34.64,34.77,33.98,34.08,3708600,2020-09-26T01:03:20Z
ADBE,2009-10-12,34.36,34.88,34.15,34.67,3597600,34.36,34.88,34.15,34.67,3597600,2020-09-26T01:03:20Z
ADBE,2009-10-13,34.62,34.71,34.16,34.25,4565500,34.62,34.71,34.16,34.25,4565500,2020-09-26T01:03:20Z
ADBE,2009-10-14,35.43,35.52,34.81,34.87,6908100,35.43,35.52,34.81,34.87,6908100,2020-09-26T01:03:20Z
ADBE,2009-10-15,35.75,35.85,35.07,35.08,8063500,35.75,35.85,35.07,35.08,8063500,2020-09-26T01:03:20Z
ADBE,2009-10-16,35.67,35.95,35.35,35.48,6909600,35.67,35.95,35.35,35.48,6909600,2020-09-26T01:03:20Z
ADBE,2009-10-19,35.65,35.93,35.49,35.76,4116400,35.65,35.93,35.49,35.76,4116400,2020-09-26T01:03:20Z
ADBE,2009-10-20,35.41,35.6,34.99,35.52,4357700,35.41,35.6,34.99,35.52,4357700,2020-09-26T01:03:20Z
ADBE,2009-10-21,34.81,35.69,34.74,35.35,5022600,34.81,35.69,34.74,35.35,5022600,2020-09-26T01:03:20Z
ADBE,2009-10-22,35.17,35.28,34.01,34.53,4913300,35.17,35.28,34.01,34.53,4913300,2020-09-26T01:03:20Z
ADBE,2009-10-23,34.78,35.57,34.56,35.14,3678000,34.78,35.57,34.56,35.14,3678000,2020-09-26T01:03:20Z
ADBE,2009-10-26,34.45,35.39,34.3,34.64,4379600,34.45,35.39,34.3,34.64,4379600,2020-09-26T01:03:20Z
ADBE,2009-10-27,33.95,34.91,33.79,34.54,4267200,33.95,34.91,33.79,34.54,4267200,2020-09-26T01:03:20Z
ADBE,2009-10-28,32.83,33.79,32.7,33.72,6169000,32.83,33.79,32.7,33.72,6169000,2020-09-26T01:03:20Z
ADBE,2009-10-29,33.54,33.68,32.7,33.11,6716600,33.54,33.68,32.7,33.11,6716600,2020-09-26T01:03:20Z
ADBE,2009-10-30,32.94,33.87,32.85,33.4,5811900,32.94,33.87,32.85,33.4,5811900,2020-09-26T01:03:20Z
ADBE,2009-11-02,32.87,33.1,32.37,32.8,4808900,32.87,33.1,32.37,32.8,4808900,2020-09-26T01:03:20Z
ADBE,2009-11-03,33.01,33.08,32.37,32.72,6516700,33.01,33.08,32.37,32.72,6516700,2020-09-26T01:03:20Z
ADBE,2009-11-04,33.86,34.52,32.95,33.3,7883300,33.86,34.52,32.95,33.3,7883300,2020-09-26T01:03:20Z
ADBE,2009-11-05,34.7,34.92,33.98,33.98,4164200,34.7,34.92,33.98,33.98,4164200,2020-09-26T01:03:20Z
ADBE,2009-11-06,34.65,35.19,34.38,34.59,3693800,34.65,35.19,34.38,34.59,3693800,2020-09-26T01:03:20Z
ADBE,2009-11-09,36.45,36.58,35.41,35.89,8883100,36.45,36.58,35.41,35.89,8883100,2020-09-26T01:03:20Z
ADBE,2009-11-10,36.6,36.75,36.35,36.56,5079400,36.6,36.75,36.35,36.56,5079400,2020-09-26T01:03:20Z
ADBE,2009-11-11,35.92,36.03,34.46,35.96,13794500,35.92,36.03,34.46,35.96,13794500,2020-09-26T01:03:20Z
ADBE,2009-11-12,35.61,36.11,35.41,35.82,5872800,35.61,36.11,35.41,35.82,5872800,2020-09-26T01:03:20Z
ADBE,2009-11-13,36.51,36.6,35.69,35.69,4989600,36.51,36.6,35.69,35.69,4989600,2020-09-26T01:03:20Z
ADBE,2009-11-16,36.81,37.15,36.11,36.51,5263100,36.81,37.15,36.11,36.51,5263100,2020-09-26T01:03:20Z
ADBE,2009-11-17,36.9,36.95,36.44,36.56,3283200,36.9,36.95,36.44,36.56,3283200,2020-09-26T01:03:20Z
ADBE,2009-11-18,36.59,36.78,36,36.59,3998400,36.59,36.78,36,36.59,3998400,2020-09-26T01:03:20Z
ADBE,2009-11-19,36.11,36.48,35.5,36.25,3754400,36.11,36.48,35.5,36.25,3754400,2020-09-26T01:03:20Z
ADBE,2009-11-20,35.81,36.07,35.49,35.72,3344400,35.81,36.07,35.49,35.72,3344400,2020-09-26T01:03:20Z
ADBE,2009-11-23,36.44,36.68,35.98,36.05,3085400,36.44,36.68,35.98,36.05,3085400,2020-09-26T01:03:20Z
ADBE,2009-11-24,35.95,36.44,35.84,36.15,3790700,35.95,36.44,35.84,36.15,3790700,2020-09-26T01:03:20Z
ADBE,2009-11-25,36.17,36.33,35.9,36.07,2504400,36.17,36.33,35.9,36.07,2504400,2020-09-26T01:03:20Z
ADBE,2009-11-27,35.38,35.66,34.63,35.01,2049500,35.38,35.66,34.63,35.01,2049500,2020-09-26T01:03:20Z
ADBE,2009-11-30,35.08,35.44,34.54,35.25,5074900,35.08,35.44,34.54,35.25,5074900,2020-09-26T01:03:20Z
ADBE,2009-12-01,36.4,36.53,35.27,35.46,5428800,36.4,36.53,35.27,35.46,5428800,2020-09-26T01:03:20Z
ADBE,2009-12-02,36.5,36.91,36.36,36.53,3645600,36.5,36.91,36.36,36.53,3645600,2020-09-26T01:03:20Z
ADBE,2009-12-03,36,36.84,36,36.42,3681200,36,36.84,36,36.42,3681200,2020-09-26T01:03:20Z
ADBE,2009-12-04,36.5,36.94,35.98,36.38,4433100,36.5,36.94,35.98,36.38,4433100,2020-09-26T01:03:20Z
ADBE,2009-12-07,36.37,36.84,36.2,36.46,3119400,36.37,36.84,36.2,36.46,3119400,2020-09-26T01:03:20Z
ADBE,2009-12-08,36.08,36.27,35.58,36.03,3863100,36.08,36.27,35.58,36.03,3863100,2020-09-26T01:03:20Z
ADBE,2009-12-09,35.85,36,35.26,35.85,4421400,35.85,36,35.26,35.85,4421400,2020-09-26T01:03:20Z
ADBE,2009-12-10,35.8,36.15,35.63,35.81,3884400,35.8,36.15,35.63,35.81,3884400,2020-09-26T01:03:20Z
