ticker,tradeDate,clsPx,hiPx,loPx,open,stockVolume,unadjClsPx,unadjHiPx,unadjLoPx,unadjOpen,unadjStockVolume,updatedAt
AMAT,2006-01-03,13.33,13.38,12.83,13.12,23552608,18.33,18.39,17.64,18.04,17129800,2026-02-21T03:45:26Z
AMAT,2006-01-04,13.45,13.52,13.24,13.35,23418943,18.49,18.59,18.21,18.35,17032500,2026-02-21T03:45:26Z
AMAT,2006-01-05,13.6,13.64,13.43,13.43,25274322,18.7,18.76,18.46,18.46,18382000,2026-02-21T03:45:26Z
AMAT,2006-01-06,14.09,14.14,13.67,13.75,37600437,19.37,19.44,18.79,18.9,27346600,2026-02-21T03:45:26Z
AMAT,2006-01-09,14.2,14.25,14.05,14.09,25711984,19.52,19.59,19.32,19.37,18700200,2026-02-21T03:45:26Z
AMAT,2006-01-10,14.39,14.43,14.13,14.18,36567612,19.79,19.84,19.43,19.49,26595500,2026-02-21T03:45:26Z
AMAT,2006-01-11,15.02,15.11,14.31,14.47,65494901,20.65,20.77,19.67,19.89,47634300,2026-02-21T03:45:26Z
AMAT,2006-01-12,15.14,15.32,14.74,14.76,67471440,20.82,21.06,20.26,20.3,49071700,2026-02-21T03:45:26Z
AMAT,2006-01-13,14.66,14.84,14.5,14.84,59890943,20.15,20.41,19.93,20.4,43558400,2026-02-21T03:45:26Z
AMAT,2006-01-17,14.37,14.38,14.12,14.33,46740289,19.76,19.77,19.41,19.7,33994100,2026-02-21T03:45:26Z
AMAT,2006-01-18,14.36,14.69,14.2,14.34,62501472,19.74,20.2,19.53,19.72,45457000,2026-02-21T03:45:26Z
AMAT,2006-01-19,14.54,14.87,14.42,14.74,62483957,19.99,20.44,19.82,20.27,45444500,2026-02-21T03:45:26Z
AMAT,2006-01-20,13.87,14.55,13.82,14.47,50669088,19.07,20,19,19.89,36851600,2026-02-21T03:45:26Z
AMAT,2006-01-23,13.8,14.04,13.75,13.98,35589579,18.98,19.31,18.91,19.22,25884200,2026-02-21T03:45:26Z
AMAT,2006-01-24,13.8,14.07,13.64,13.83,43690532,18.98,19.34,18.75,19.02,31776000,2026-02-21T03:45:26Z
AMAT,2006-01-25,13.8,13.97,13.67,13.95,36026747,18.97,19.21,18.79,19.18,26202100,2026-02-21T03:45:26Z
AMAT,2006-01-26,14.35,14.36,13.84,14,57163182,19.73,19.75,19.03,19.25,41574700,2026-02-21T03:45:26Z
AMAT,2006-01-27,14.36,14.55,14.18,14.52,41765237,19.75,20,19.49,19.97,30375700,2026-02-21T03:45:26Z
AMAT,2006-01-30,14.24,14.48,14.15,14.44,22603517,19.58,19.91,19.45,19.86,16439500,2026-02-21T03:45:26Z
AMAT,2006-01-31,13.86,14.18,13.73,14.17,50756320,19.05,19.5,18.88,19.48,36914900,2026-02-21T03:45:26Z
AMAT,2006-02-01,14.06,14.14,13.71,13.8,49396290,19.33,19.44,18.85,18.97,35925900,2026-02-21T03:45:26Z
AMAT,2006-02-02,13.72,14.21,13.69,13.99,35720952,18.86,19.54,18.82,19.24,25979700,2026-02-21T03:45:26Z
AMAT,2006-02-03,13.59,13.79,13.29,13.75,41489541,18.68,18.96,18.27,18.9,30175200,2026-02-21T03:45:26Z
AMAT,2006-02-06,13.88,13.94,13.52,13.56,37237678,19.08,19.17,18.59,18.64,27082800,2026-02-21T03:45:26Z
AMAT,2006-02-07,14.18,14.2,13.86,13.91,46504909,19.5,19.53,19.05,19.12,33822900,2026-02-21T03:45:26Z
AMAT,2006-02-08,14.62,14.62,14.33,14.47,50493161,20.1,20.1,19.7,19.9,36723600,2026-02-21T03:45:26Z
AMAT,2006-02-09,14.6,15.05,14.55,14.68,58787356,20.08,20.69,20.01,20.19,42755800,2026-02-21T03:45:26Z
AMAT,2006-02-10,14.52,14.63,14.36,14.63,36653920,19.96,20.11,19.75,20.11,26658200,2026-02-21T03:45:26Z
AMAT,2006-02-13,14.44,14.58,14.23,14.39,31526637,19.86,20.04,19.56,19.79,22929200,2026-02-21T03:45:26Z
AMAT,2006-02-14,14.76,14.77,14.42,14.56,34983862,20.26,20.27,19.8,19.99,25482100,2026-02-21T03:45:26Z
AMAT,2006-02-15,14.9,14.93,14.63,14.78,40962010,20.46,20.5,20.09,20.29,29836600,2026-02-21T03:45:26Z
AMAT,2006-02-16,14.54,15.22,14.43,15.16,80172777,19.96,20.9,19.81,20.81,58397600,2026-02-21T03:45:26Z
AMAT,2006-02-17,14.36,14.57,14.23,14.5,57820478,19.72,20,19.53,19.91,42116300,2026-02-21T03:45:26Z
AMAT,2006-02-21,14.05,14.42,13.9,14.36,46613792,19.29,19.79,19.08,19.72,33953400,2026-02-21T03:45:26Z
AMAT,2006-02-22,14.01,14.27,13.86,14,42482660,19.23,19.59,19.03,19.22,30944300,2026-02-21T03:45:26Z
AMAT,2006-02-23,13.88,14.19,13.84,14,31289958,19.06,19.48,19,19.22,22791600,2026-02-21T03:45:26Z
AMAT,2006-02-24,13.69,13.92,13.61,13.89,37138850,18.8,19.11,18.69,19.07,27051900,2026-02-21T03:45:26Z
AMAT,2006-02-27,13.4,13.53,13.29,13.51,59226513,18.4,18.57,18.24,18.54,43140400,2026-02-21T03:45:26Z
AMAT,2006-02-28,13.34,13.51,13.26,13.4,47149264,18.32,18.55,18.21,18.4,34343300,2026-02-21T03:45:26Z
AMAT,2006-03-01,13.73,13.77,13.42,13.45,54608478,18.85,18.91,18.42,18.46,39776700,2026-02-21T03:45:26Z
AMAT,2006-03-02,13.85,13.91,13.61,13.61,47237326,19.02,19.09,18.68,18.69,34407500,2026-02-21T03:45:26Z
AMAT,2006-03-03,13.56,13.88,13.56,13.71,35834864,18.62,19.05,18.62,18.82,26102100,2026-02-21T03:45:26Z
AMAT,2006-03-06,13.52,13.78,13.51,13.66,27109288,18.56,18.92,18.54,18.75,19746400,2026-02-21T03:45:26Z
AMAT,2006-03-07,13.35,13.56,13.31,13.48,30636079,18.33,18.62,18.27,18.5,22315200,2026-02-21T03:45:26Z
AMAT,2006-03-08,13.02,13.31,12.81,13.29,76404709,17.88,18.27,17.59,18.24,55652800,2026-02-21T03:45:26Z
AMAT,2006-03-09,12.89,13.25,12.88,13.12,37709460,17.7,18.19,17.68,18.01,27467400,2026-02-21T03:45:26Z
AMAT,2006-03-10,12.96,13.16,12.78,12.94,34831920,17.79,18.06,17.54,17.77,25371500,2026-02-21T03:45:26Z
AMAT,2006-03-13,13.06,13.18,12.95,12.97,26229844,17.93,18.1,17.78,17.8,19105800,2026-02-21T03:45:26Z
AMAT,2006-03-14,13.37,13.45,12.99,13,29195414,18.36,18.47,17.83,17.84,21265900,2026-02-21T03:45:26Z
AMAT,2006-03-15,13.53,13.59,13.29,13.37,31452975,18.57,18.66,18.25,18.36,22910200,2026-02-21T03:45:26Z
AMAT,2006-03-16,12.89,13.51,12.86,13.51,41886313,17.7,18.54,17.66,18.54,30509800,2026-02-21T03:45:26Z
AMAT,2006-03-17,12.74,12.89,12.58,12.86,58827913,17.49,17.7,17.27,17.65,42850200,2026-02-21T03:45:26Z
AMAT,2006-03-20,12.74,12.86,12.69,12.8,30209675,17.49,17.65,17.42,17.57,22004700,2026-02-21T03:45:26Z
AMAT,2006-03-21,12.75,13.05,12.68,12.77,38760276,17.51,17.91,17.41,17.53,28232800,2026-02-21T03:45:26Z
AMAT,2006-03-22,12.87,12.92,12.7,12.86,37055270,17.67,17.73,17.44,17.65,26991000,2026-02-21T03:45:26Z
AMAT,2006-03-23,12.82,13.04,12.79,12.86,25950107,17.6,17.9,17.56,17.66,18902000,2026-02-21T03:45:26Z
AMAT,2006-03-24,13.07,13.08,12.75,12.84,27717805,17.94,17.95,17.5,17.63,20189500,2026-02-21T03:45:26Z
AMAT,2006-03-27,13,13.17,12.97,13.12,26360322,17.85,18.08,17.81,18.01,19200800,2026-02-21T03:45:26Z
AMAT,2006-03-28,12.68,13,12.64,13,35495590,17.41,17.85,17.35,17.84,25854900,2026-02-21T03:45:26Z
AMAT,2006-03-29,12.81,12.85,12.64,12.72,38888967,17.59,17.64,17.35,17.46,28326600,2026-02-21T03:45:26Z
AMAT,2006-03-30,12.94,12.99,12.71,12.86,36013232,17.77,17.83,17.45,17.65,26231900,2026-02-21T03:45:26Z
AMAT,2006-03-31,12.75,13.01,12.75,12.98,30121972,17.51,17.86,17.51,17.82,21940700,2026-02-21T03:45:26Z
AMAT,2006-04-03,12.97,13.08,12.71,12.9,36241405,17.8,17.96,17.45,17.71,26398200,2026-02-21T03:45:26Z
AMAT,2006-04-04,12.94,13.1,12.88,12.98,34853192,17.76,17.98,17.68,17.82,25386900,2026-02-21T03:45:26Z
AMAT,2006-04-05,13.3,13.37,12.93,12.96,36996939,18.26,18.36,17.75,17.79,26948400,2026-02-21T03:45:26Z
AMAT,2006-04-06,13.42,13.55,13.3,13.34,26138684,18.43,18.6,18.26,18.32,19039400,2026-02-21T03:45:26Z
AMAT,2006-04-07,13.14,13.5,13.13,13.46,25483597,18.04,18.53,18.02,18.48,18562200,2026-02-21T03:45:26Z
AMAT,2006-04-10,12.89,13.01,12.8,12.86,30599663,17.69,17.86,17.57,17.65,22288800,2026-02-21T03:45:26Z
AMAT,2006-04-11,12.75,12.97,12.62,12.88,28980558,17.51,17.8,17.32,17.68,21109300,2026-02-21T03:45:26Z
AMAT,2006-04-12,12.69,12.91,12.68,12.77,26616204,17.42,17.72,17.41,17.53,19387200,2026-02-21T03:45:26Z
AMAT,2006-04-13,13.19,13.31,12.86,12.86,51182411,18.11,18.27,17.65,17.66,37281200,2026-02-21T03:45:26Z
AMAT,2006-04-17,12.86,13.27,12.77,13.11,34320588,17.65,18.22,17.53,18,24999000,2026-02-21T03:45:26Z
AMAT,2006-04-18,13.21,13.28,12.82,12.89,31244138,18.14,18.23,17.6,17.7,22758100,2026-02-21T03:45:26Z
AMAT,2006-04-19,13.35,13.41,13.18,13.34,32351906,18.33,18.41,18.09,18.32,23565000,2026-02-21T03:45:26Z
AMAT,2006-04-20,13.53,13.72,13.16,13.18,37800586,18.58,18.84,18.07,18.1,27533800,2026-02-21T03:45:26Z
AMAT,2006-04-21,13.15,13.62,13.08,13.57,33521701,18.06,18.7,17.95,18.63,24417200,2026-02-21T03:45:26Z
AMAT,2006-04-24,13.03,13.12,12.94,13.12,22537336,17.89,18.01,17.76,18.01,16416100,2026-02-21T03:45:26Z
AMAT,2006-04-25,13.01,13.11,12.92,13.03,21177689,17.86,18,17.74,17.89,15425800,2026-02-21T03:45:26Z
AMAT,2006-04-26,13.05,13.16,12.83,13.02,30709055,17.91,18.06,17.62,17.87,22368400,2026-02-21T03:45:26Z
AMAT,2006-04-27,13.36,13.48,12.85,12.97,42027497,18.34,18.5,17.64,17.8,30612700,2026-02-21T03:45:26Z
AMAT,2006-04-28,13.07,13.33,13.08,13.29,26902552,17.95,18.3,17.95,18.25,19595700,2026-02-21T03:45:26Z
AMAT,2006-05-01,12.83,13.11,12.81,13.11,28426570,17.62,18,17.59,18,20705900,2026-02-21T03:45:26Z
AMAT,2006-05-02,12.89,13,12.82,12.88,21465398,17.69,17.85,17.6,17.68,15635400,2026-02-21T03:45:26Z
AMAT,2006-05-03,13.15,13.18,12.88,12.89,31574007,18.06,18.1,17.68,17.69,22998500,2026-02-21T03:45:26Z
AMAT,2006-05-04,13.51,13.61,13.2,13.23,41534247,18.55,18.68,18.12,18.16,30253500,2026-02-21T03:45:26Z
AMAT,2006-05-05,13.88,13.92,13.59,13.61,47363877,19.05,19.11,18.66,18.68,34499800,2026-02-21T03:45:26Z
AMAT,2006-05-08,13.77,13.99,13.77,13.85,25355518,18.91,19.2,18.91,19.01,18468900,2026-02-21T03:45:26Z
AMAT,2006-05-09,13.56,13.76,13.44,13.75,29993328,18.61,18.89,18.45,18.88,21847100,2026-02-21T03:45:26Z
AMAT,2006-05-10,13.25,13.53,13.21,13.49,27823513,18.19,18.58,18.14,18.52,20266500,2026-02-21T03:45:26Z
AMAT,2006-05-11,13.19,13.4,13.11,13.21,38617999,18.11,18.4,18,18.13,28129300,2026-02-21T03:45:26Z
AMAT,2006-05-12,13.18,13.39,13.13,13.16,30791868,18.09,18.38,18.02,18.07,22428700,2026-02-21T03:45:26Z
AMAT,2006-05-15,12.93,13.31,12.78,13.11,35182454,17.75,18.27,17.55,18,25626900,2026-02-21T03:45:26Z
AMAT,2006-05-16,13.04,13.11,12.73,13,45004763,17.85,17.95,17.43,17.8,32873900,2026-02-21T03:45:26Z
AMAT,2006-05-17,12.37,12.94,12.31,12.67,78704251,16.93,17.71,16.85,17.35,57489900,2026-02-21T03:45:26Z
AMAT,2006-05-18,12.26,12.56,12.26,12.47,35276059,16.78,17.2,16.78,17.07,25767500,2026-02-21T03:45:26Z
AMAT,2006-05-19,12.42,12.56,12.23,12.26,34487505,17,17.19,16.74,16.78,25191500,2026-02-21T03:45:26Z
AMAT,2006-05-22,12.32,12.46,12.14,12.24,34521843,16.87,17.06,16.62,16.75,25216700,2026-02-21T03:45:26Z
AMAT,2006-05-23,11.88,12.45,11.85,12.43,49682179,16.26,17.05,16.22,17.01,36290600,2026-02-21T03:45:26Z
AMAT,2006-05-24,12.27,12.32,11.94,11.94,47260712,16.8,16.87,16.34,16.35,34521700,2026-02-21T03:45:26Z
AMAT,2006-05-25,12.22,12.38,12.13,12.35,38710979,16.73,16.95,16.6,16.9,28276600,2026-02-21T03:45:26Z
AMAT,2006-05-26,12.35,12.45,12.24,12.27,18872063,16.91,17.05,16.76,16.8,13785200,2026-02-21T03:45:26Z
AMAT,2006-05-30,12.21,12.51,12.21,12.44,32098081,16.71,17.13,16.71,17.03,23446200,2026-02-21T03:45:26Z
AMAT,2006-05-31,12.35,12.43,12.2,12.32,40751975,16.91,17.02,16.7,16.86,29767500,2026-02-21T03:45:26Z
AMAT,2006-06-01,12.53,12.57,12.31,12.36,30537423,17.16,17.21,16.85,16.92,22306200,2026-02-21T03:45:26Z
AMAT,2006-06-02,12.45,12.63,12.31,12.62,24979956,17.04,17.29,16.85,17.28,18246800,2026-02-21T03:45:26Z
AMAT,2006-06-05,12.13,12.42,12.11,12.4,23675708,16.61,17,16.58,16.98,17294100,2026-02-21T03:45:26Z
AMAT,2006-06-06,12.06,12.24,11.94,12.19,40907556,16.51,16.75,16.35,16.69,29881100,2026-02-21T03:45:26Z
AMAT,2006-06-07,11.96,12.22,11.94,12.11,26377365,16.37,16.73,16.34,16.58,19267400,2026-02-21T03:45:26Z
AMAT,2006-06-08,12.13,12.18,11.87,12.04,52973920,16.61,16.68,16.25,16.48,38695200,2026-02-21T03:45:26Z
AMAT,2006-06-09,12.03,12.28,11.91,12.17,24941565,16.47,16.81,16.3,16.66,18218700,2026-02-21T03:45:26Z
AMAT,2006-06-12,11.86,12.22,11.83,12.04,21944649,16.23,16.73,16.2,16.48,16029600,2026-02-21T03:45:26Z
AMAT,2006-06-13,11.79,12.02,11.75,11.84,35669542,16.14,16.46,16.09,16.21,26054900,2026-02-21T03:45:26Z
AMAT,2006-06-14,12.01,12.05,11.86,11.92,32582104,16.44,16.5,16.24,16.32,23799800,2026-02-21T03:45:26Z
AMAT,2006-06-15,12.29,12.31,12.05,12.06,36300399,16.83,16.85,16.5,16.51,26515900,2026-02-21T03:45:26Z
AMAT,2006-06-16,11.91,12.3,11.89,12.29,42045494,16.3,16.84,16.28,16.82,30712300,2026-02-21T03:45:26Z
AMAT,2006-06-19,11.91,12.06,11.86,11.99,25924982,16.31,16.51,16.24,16.41,18937000,2026-02-21T03:45:26Z
AMAT,2006-06-20,12.02,12.21,11.96,12.01,33886509,16.45,16.72,16.37,16.44,24752600,2026-02-21T03:45:26Z
AMAT,2006-06-21,12.24,12.33,12.02,12.02,27577790,16.75,16.88,16.45,16.46,20144300,2026-02-21T03:45:26Z
AMAT,2006-06-22,12.09,12.22,12.01,12.16,23923366,16.55,16.73,16.44,16.65,17474900,2026-02-21T03:45:26Z
AMAT,2006-06-23,11.78,12.02,11.7,12.02,39965632,16.13,16.45,16.02,16.45,29193000,2026-02-21T03:45:26Z
AMAT,2006-06-26,11.85,11.93,11.75,11.81,18590573,16.22,16.33,16.09,16.17,13579600,2026-02-21T03:45:26Z
AMAT,2006-06-27,11.64,11.91,11.62,11.86,28215449,15.94,16.31,15.91,16.23,20610200,2026-02-21T03:45:26Z
AMAT,2006-06-28,11.74,11.74,11.51,11.69,28682697,16.07,16.07,15.75,16,20951400,2026-02-21T03:45:26Z
AMAT,2006-06-29,12.09,12.1,11.69,11.75,43443851,16.55,16.57,16,16.08,31733700,2026-02-21T03:45:26Z
AMAT,2006-06-30,11.89,12.18,11.89,12.16,29506972,16.28,16.68,16.28,16.64,21553500,2026-02-21T03:45:26Z
AMAT,2006-07-03,12.07,12.08,11.94,11.95,9503682,16.53,16.54,16.35,16.36,6942000,2026-02-21T03:45:26Z
AMAT,2006-07-05,11.84,12.07,11.78,11.94,20563851,16.21,16.52,16.12,16.35,15021000,2026-02-21T03:45:26Z
AMAT,2006-07-06,11.96,12.07,11.83,11.87,21659975,16.38,16.53,16.19,16.25,15821700,2026-02-21T03:45:26Z
AMAT,2006-07-07,11.75,11.91,11.67,11.87,41845346,16.08,16.3,15.97,16.25,30566100,2026-02-21T03:45:26Z
AMAT,2006-07-10,11.53,11.83,11.45,11.78,24956464,15.79,16.2,15.67,16.12,18229600,2026-02-21T03:45:26Z
AMAT,2006-07-11,11.79,11.8,11.33,11.38,55075599,16.14,16.15,15.51,15.58,40230100,2026-02-21T03:45:26Z
AMAT,2006-07-12,11.45,11.8,11.43,11.77,34476013,15.68,16.16,15.65,16.11,25183100,2026-02-21T03:45:26Z
AMAT,2006-07-13,11.29,11.65,11.25,11.31,40138529,15.46,15.95,15.4,15.48,29319300,2026-02-21T03:45:26Z
AMAT,2006-07-14,11.26,11.43,11.23,11.33,30094982,15.42,15.65,15.37,15.51,21983000,2026-02-21T03:45:26Z
AMAT,2006-07-17,11.29,11.37,11.21,11.28,24704539,15.46,15.57,15.34,15.44,18045500,2026-02-21T03:45:26Z
AMAT,2006-07-18,11.31,11.42,11.11,11.32,38712335,15.49,15.63,15.21,15.49,28277500,2026-02-21T03:45:26Z
AMAT,2006-07-19,11.58,11.68,11.32,11.34,40062880,15.85,15.99,15.5,15.52,29264100,2026-02-21T03:45:26Z
AMAT,2006-07-20,10.89,11.51,10.88,11.49,57868367,14.91,15.76,14.9,15.73,42270300,2026-02-21T03:45:26Z
AMAT,2006-07-21,10.78,10.92,10.51,10.81,59214689,14.76,14.95,14.39,14.8,43253600,2026-02-21T03:45:26Z
AMAT,2006-07-24,11.05,11.15,10.85,10.87,32333227,15.13,15.27,14.85,14.88,23618000,2026-02-21T03:45:26Z
AMAT,2006-07-25,11.02,11.13,10.91,11.01,28641921,15.09,15.23,14.94,15.07,20921700,2026-02-21T03:45:26Z
AMAT,2006-07-26,10.99,11.42,10.86,10.87,32358462,15.05,15.63,14.87,14.88,23636300,2026-02-21T03:45:26Z
AMAT,2006-07-27,11.03,11.3,10.94,11.1,40597603,15.1,15.47,14.97,15.19,29654800,2026-02-21T03:45:26Z
AMAT,2006-07-28,11.39,11.49,11.1,11.11,37327398,15.59,15.73,15.2,15.21,27266000,2026-02-21T03:45:26Z
AMAT,2006-07-31,11.51,11.62,11.34,11.36,25283354,15.76,15.91,15.52,15.55,18468400,2026-02-21T03:45:26Z
AMAT,2006-08-01,11.3,11.4,11.23,11.4,27659430,15.47,15.61,15.38,15.61,20203900,2026-02-21T03:45:26Z
AMAT,2006-08-02,11.39,11.51,11.23,11.33,21871834,15.59,15.75,15.38,15.51,15976400,2026-02-21T03:45:26Z
AMAT,2006-08-03,11.48,11.59,11.25,11.3,24254574,15.71,15.86,15.4,15.47,17716800,2026-02-21T03:45:26Z
AMAT,2006-08-04,11.32,11.72,11.23,11.61,26855066,15.5,16.04,15.37,15.9,19616500,2026-02-21T03:45:26Z
AMAT,2006-08-07,11.25,11.41,11.15,11.25,18784741,15.4,15.62,15.27,15.4,13721400,2026-02-21T03:45:26Z
AMAT,2006-08-08,11.14,11.36,11.02,11.36,21630429,15.25,15.55,15.09,15.55,15800000,2026-02-21T03:45:26Z
AMAT,2006-08-09,11.04,11.39,11.01,11.29,25976773,15.12,15.59,15.07,15.45,18974900,2026-02-21T03:45:26Z
AMAT,2006-08-10,11.27,11.32,11,11.07,19426969,15.43,15.49,15.06,15.15,14190500,2026-02-21T03:45:26Z
AMAT,2006-08-11,11.08,11.3,11.04,11.23,19964547,15.17,15.47,15.12,15.37,14583200,2026-02-21T03:45:26Z
AMAT,2006-08-14,11.25,11.48,11.18,11.21,26835620,15.4,15.71,15.31,15.35,19602200,2026-02-21T03:45:26Z
AMAT,2006-08-15,11.5,11.59,11.4,11.54,43365350,15.69,15.82,15.55,15.74,31779700,2026-02-21T03:45:26Z
AMAT,2006-08-16,11.51,11.64,11.23,11.41,56008154,15.71,15.88,15.33,15.57,41044600,2026-02-21T03:45:26Z
AMAT,2006-08-17,11.59,11.81,11.51,11.55,40762186,15.81,16.12,15.7,15.76,29871900,2026-02-21T03:45:26Z
AMAT,2006-08-18,11.56,11.62,11.4,11.62,20894213,15.77,15.86,15.56,15.85,15312000,2026-02-21T03:45:26Z
AMAT,2006-08-21,11.44,11.51,11.37,11.39,18858904,15.61,15.7,15.51,15.54,13820400,2026-02-21T03:45:26Z
AMAT,2006-08-22,11.42,11.59,11.37,11.41,26219810,15.59,15.81,15.52,15.57,19214800,2026-02-21T03:45:26Z
AMAT,2006-08-23,11.66,11.68,11.47,11.49,47379717,15.91,15.94,15.65,15.68,34721500,2026-02-21T03:45:26Z
AMAT,2006-08-24,11.8,11.83,11.54,11.62,56185024,16.1,16.14,15.75,15.85,41174200,2026-02-21T03:45:26Z
AMAT,2006-08-25,11.82,12.05,11.79,11.81,30667823,16.13,16.44,16.09,16.11,22474400,2026-02-21T03:45:26Z
AMAT,2006-08-28,11.97,12.05,11.8,11.84,24336981,16.33,16.44,16.1,16.16,17835000,2026-02-21T03:45:26Z
AMAT,2006-08-29,12.23,12.25,11.99,12.01,37124369,16.69,16.71,16.36,16.39,27206000,2026-02-21T03:45:26Z
AMAT,2006-08-30,12.42,12.46,12.17,12.3,27687252,16.95,17,16.6,16.78,20290100,2026-02-21T03:45:26Z
AMAT,2006-08-31,12.38,12.45,12.28,12.44,24431033,16.9,16.99,16.75,16.98,17903900,2026-02-21T03:45:26Z
AMAT,2006-09-01,12.34,12.47,12.21,12.44,24296000,16.84,17.01,16.66,16.97,17804900,2026-02-21T03:45:26Z
AMAT,2006-09-05,12.32,12.41,12.21,12.35,44554434,16.81,16.94,16.66,16.85,32650900,2026-02-21T03:45:26Z
AMAT,2006-09-06,12.04,12.2,11.99,12.17,28103686,16.43,16.65,16.36,16.6,20595400,2026-02-21T03:45:26Z
AMAT,2006-09-07,12.03,12.26,11.92,12,33724844,16.41,16.73,16.26,16.37,24714700,2026-02-21T03:45:26Z
AMAT,2006-09-08,12.11,12.16,12.01,12.06,18355235,16.53,16.59,16.39,16.46,13451400,2026-02-21T03:45:26Z
AMAT,2006-09-11,12.04,12.3,12.02,12.03,24499878,16.43,16.79,16.4,16.41,17954400,2026-02-21T03:45:26Z
AMAT,2006-09-12,12.78,12.86,12.04,12.21,50686478,17.44,17.55,16.43,16.66,37144700,2026-02-21T03:45:26Z
AMAT,2006-09-13,12.71,13.02,12.64,12.77,32788978,17.34,17.76,17.25,17.43,24028800,2026-02-21T03:45:26Z
AMAT,2006-09-14,12.66,12.78,12.55,12.61,24847045,17.28,17.44,17.13,17.21,18208800,2026-02-21T03:45:26Z
AMAT,2006-09-15,12.6,13.01,12.61,12.76,34482284,17.2,17.75,17.2,17.41,25269900,2026-02-21T03:45:26Z
AMAT,2006-09-18,13.03,13.05,12.77,12.77,233488425,17.78,17.81,17.42,17.42,171108400,2026-02-21T03:45:26Z
AMAT,2006-09-19,12.79,13.03,12.6,13.02,31753461,17.45,17.78,17.19,17.77,23270100,2026-02-21T03:45:26Z
AMAT,2006-09-20,12.66,12.93,12.53,12.9,70111751,17.27,17.64,17.1,17.6,51380100,2026-02-21T03:45:26Z
AMAT,2006-09-21,12.41,12.76,12.41,12.68,42030011,16.94,17.41,16.93,17.3,30801000,2026-02-21T03:45:26Z
AMAT,2006-09-22,12.34,12.54,12.28,12.42,38086600,16.84,17.11,16.75,16.95,27911100,2026-02-21T03:45:26Z
AMAT,2006-09-25,12.71,12.83,12.36,12.42,47232959,17.35,17.51,16.87,16.95,34614000,2026-02-21T03:45:26Z
AMAT,2006-09-26,12.87,12.93,12.63,12.74,35639213,17.56,17.65,17.24,17.38,26117700,2026-02-21T03:45:26Z
AMAT,2006-09-27,12.85,13.18,12.83,12.85,47202812,17.54,17.99,17.5,17.54,34591800,2026-02-21T03:45:26Z
AMAT,2006-09-28,12.99,13.1,12.86,12.86,29044656,17.73,17.88,17.55,17.55,21285000,2026-02-21T03:45:26Z
AMAT,2006-09-29,12.99,13.13,12.9,12.96,28804220,17.73,17.92,17.6,17.68,21108800,2026-02-21T03:45:26Z
AMAT,2006-10-02,12.91,13.1,12.84,12.96,23274862,17.61,17.87,17.52,17.69,17056600,2026-02-21T03:45:26Z
AMAT,2006-10-03,12.96,13.07,12.69,12.84,36026726,17.68,17.83,17.32,17.52,26401600,2026-02-21T03:45:26Z
AMAT,2006-10-04,13.26,13.34,12.91,12.93,43409452,18.09,18.2,17.62,17.65,31812000,2026-02-21T03:45:26Z
AMAT,2006-10-05,13.25,13.36,13.17,13.23,34035499,18.08,18.23,17.97,18.05,24942300,2026-02-21T03:45:26Z
AMAT,2006-10-06,13.41,13.56,13.12,13.15,58529593,18.3,18.5,17.9,17.95,42892600,2026-02-21T03:45:26Z
AMAT,2006-10-09,13.54,13.65,13.35,13.37,40981990,18.47,18.62,18.22,18.25,30032900,2026-02-21T03:45:26Z
AMAT,2006-10-10,13.62,13.7,13.46,13.46,34815546,18.58,18.69,18.37,18.37,25514100,2026-02-21T03:45:26Z
AMAT,2006-10-11,13.65,13.91,13.56,13.58,40851041,18.62,18.98,18.5,18.53,29937100,2026-02-21T03:45:26Z
AMAT,2006-10-12,13.7,13.75,13.34,13.58,45652206,18.7,18.76,18.2,18.53,33455500,2026-02-21T03:45:26Z
AMAT,2006-10-13,13.94,13.97,13.63,13.67,41642314,19.02,19.06,18.6,18.65,30516900,2026-02-21T03:45:26Z
AMAT,2006-10-16,13.91,14,13.81,13.93,24269869,18.98,19.1,18.85,19.01,17785800,2026-02-21T03:45:26Z
AMAT,2006-10-17,13.69,13.81,13.54,13.74,31189690,18.68,18.85,18.48,18.75,22856800,2026-02-21T03:45:26Z
AMAT,2006-10-18,13.06,13.52,13,13.48,57480282,17.82,18.45,17.74,18.4,42123500,2026-02-21T03:45:26Z
AMAT,2006-10-19,12.71,13.07,12.69,12.96,60482314,17.35,17.84,17.31,17.69,44323600,2026-02-21T03:45:26Z
AMAT,2006-10-20,12.64,12.79,12.45,12.77,35866882,17.25,17.45,16.99,17.43,26284500,2026-02-21T03:45:26Z
AMAT,2006-10-23,12.76,12.88,12.57,12.59,32853926,17.41,17.57,17.15,17.18,24076400,2026-02-21T03:45:26Z
AMAT,2006-10-24,12.49,12.88,12.47,12.8,38713108,17.04,17.57,17.01,17.46,28370300,2026-02-21T03:45:26Z
AMAT,2006-10-25,12.62,12.75,12.34,12.52,48815014,17.22,17.4,16.84,17.09,35773300,2026-02-21T03:45:26Z
AMAT,2006-10-26,12.96,12.98,12.63,12.65,30631778,17.68,17.71,17.24,17.26,22448000,2026-02-21T03:45:26Z
AMAT,2006-10-27,12.65,12.93,12.5,12.93,37709268,17.26,17.65,17.06,17.64,27634600,2026-02-21T03:45:26Z
AMAT,2006-10-30,12.71,12.85,12.55,12.64,31544995,17.35,17.54,17.13,17.25,23117300,2026-02-21T03:45:26Z
AMAT,2006-10-31,12.74,12.92,12.61,12.79,32548664,17.39,17.63,17.21,17.45,23852800,2026-02-21T03:45:26Z
AMAT,2006-11-01,12.64,12.86,12.56,12.83,31771690,17.25,17.55,17.14,17.51,23283400,2026-02-21T03:45:26Z
AMAT,2006-11-02,12.53,12.67,12.43,12.62,37529122,17.1,17.29,16.96,17.22,27502700,2026-02-21T03:45:26Z
AMAT,2006-11-03,12.52,12.58,12.37,12.53,32100595,17.08,17.17,16.88,17.1,23524400,2026-02-21T03:45:26Z
AMAT,2006-11-06,12.67,12.75,12.49,12.55,24629316,17.29,17.4,17.04,17.12,18049200,2026-02-21T03:45:26Z
AMAT,2006-11-07,13.04,13.15,12.73,12.76,40674794,17.8,17.94,17.37,17.41,29808000,2026-02-21T03:45:26Z
AMAT,2006-11-08,13.08,13.14,12.83,12.98,34580102,17.85,17.93,17.5,17.71,25341500,2026-02-21T03:45:26Z
AMAT,2006-11-09,12.77,13.18,12.76,13.14,34730152,17.42,17.99,17.41,17.93,25451500,2026-02-21T03:45:26Z
AMAT,2006-11-10,12.91,12.95,12.7,12.85,26206280,17.62,17.67,17.33,17.54,19204800,2026-02-21T03:45:26Z
AMAT,2006-11-13,13.26,13.33,12.88,12.91,32319586,18.1,18.19,17.58,17.61,23684900,2026-02-21T03:45:26Z
AMAT,2006-11-14,13.6,13.67,13.17,13.3,44130289,18.5,18.6,17.92,18.1,32429800,2026-02-21T03:45:26Z
AMAT,2006-11-15,13.71,13.87,13.56,13.71,51414051,18.65,18.87,18.45,18.66,37782300,2026-02-21T03:45:26Z
AMAT,2006-11-16,13.21,13.51,12.9,13.41,77227353,17.98,18.39,17.56,18.25,56751800,2026-02-21T03:45:26Z
AMAT,2006-11-17,13.32,13.37,13.09,13.18,30098986,18.12,18.2,17.81,17.94,22118600,2026-02-21T03:45:26Z
AMAT,2006-11-20,13.4,13.44,13.07,13.22,34841190,18.24,18.29,17.79,17.99,25603500,2026-02-21T03:45:26Z
AMAT,2006-11-21,13.38,13.5,13.3,13.42,29679990,18.21,18.37,18.1,18.26,21810800,2026-02-21T03:45:26Z
AMAT,2006-11-22,13.51,13.55,13.35,13.37,20710420,18.39,18.44,18.16,18.2,15219400,2026-02-21T03:45:26Z
AMAT,2006-11-24,13.61,13.63,13.43,13.45,11844215,18.52,18.55,18.27,18.3,8703900,2026-02-21T03:45:26Z
AMAT,2006-11-27,13.21,13.68,13.19,13.58,30512207,17.98,18.61,17.95,18.48,22422400,2026-02-21T03:45:26Z
AMAT,2006-11-28,13.32,13.37,13.12,13.14,33844043,18.13,18.19,17.85,17.88,24870800,2026-02-21T03:45:26Z
AMAT,2006-11-29,13.34,13.51,13.19,13.37,26707353,18.15,18.39,17.95,18.2,19626300,2026-02-21T03:45:26Z
AMAT,2006-11-30,13.23,13.4,13.19,13.28,38165022,18.01,18.23,17.95,18.07,28046100,2026-02-21T03:45:26Z
AMAT,2006-12-01,13.03,13.29,12.8,13.18,38105256,17.73,18.08,17.42,17.93,28002100,2026-02-21T03:45:26Z
AMAT,2006-12-04,13.47,13.61,13.06,13.15,41201505,18.33,18.52,17.77,17.9,30277600,2026-02-21T03:45:26Z
AMAT,2006-12-05,13.63,13.75,13.51,13.56,24794297,18.55,18.71,18.38,18.45,18220400,2026-02-21T03:45:26Z
AMAT,2006-12-06,13.65,13.76,13.46,13.58,25261766,18.58,18.73,18.31,18.48,18564000,2026-02-21T03:45:26Z
AMAT,2006-12-07,13.54,13.81,13.48,13.68,24425233,18.43,18.79,18.34,18.61,17949300,2026-02-21T03:45:26Z
AMAT,2006-12-08,13.57,13.69,13.36,13.47,28350629,18.47,18.63,18.18,18.33,20833800,2026-02-21T03:45:26Z
AMAT,2006-12-11,13.52,13.63,13.41,13.55,22170085,18.4,18.55,18.25,18.44,16292000,2026-02-21T03:45:26Z
AMAT,2006-12-12,13.4,13.57,13.23,13.51,32768847,18.23,18.46,18,18.39,24080700,2026-02-21T03:45:26Z
AMAT,2006-12-13,13.18,13.48,13.09,13.48,32484143,17.94,18.34,17.81,18.34,23871500,2026-02-21T03:45:26Z
AMAT,2006-12-14,13.37,13.54,13.1,13.13,30819094,18.2,18.42,17.82,17.87,22647800,2026-02-21T03:45:26Z
AMAT,2006-12-15,13.32,13.58,13.26,13.55,36266665,18.13,18.48,18.05,18.44,26651100,2026-02-21T03:45:26Z
AMAT,2006-12-18,13.45,13.59,13.36,13.37,33740554,18.3,18.49,18.18,18.2,24794700,2026-02-21T03:45:26Z
AMAT,2006-12-19,13.34,13.52,13.26,13.37,34038359,18.15,18.4,18.05,18.2,25013600,2026-02-21T03:45:26Z
AMAT,2006-12-20,13.46,13.61,13.33,13.38,33402268,18.31,18.52,18.14,18.21,24546200,2026-02-21T03:45:26Z
AMAT,2006-12-21,13.23,13.5,13.17,13.46,38327496,18,18.37,17.92,18.31,28165600,2026-02-21T03:45:26Z
AMAT,2006-12-22,13.35,13.42,13.21,13.26,26250221,18.16,18.26,17.97,18.05,19290300,2026-02-21T03:45:26Z
AMAT,2006-12-26,13.7,13.73,13.29,13.31,29547296,18.64,18.68,18.08,18.11,21713300,2026-02-21T03:45:26Z
AMAT,2006-12-27,13.65,13.81,13.64,13.72,14448223,18.58,18.79,18.56,18.67,10617500,2026-02-21T03:45:26Z
AMAT,2006-12-28,13.63,13.78,13.56,13.66,18797665,18.55,18.75,18.45,18.59,13813700,2026-02-21T03:45:26Z
AMAT,2006-12-29,13.56,13.71,13.55,13.56,16082072,18.45,18.66,18.44,18.45,11818100,2026-02-21T03:45:26Z
AMAT,2007-01-03,13.54,13.73,13.28,13.46,47851828,18.42,18.68,18.07,18.32,35164600,2026-02-21T03:45:26Z
AMAT,2007-01-04,13.82,13.87,13.48,13.5,40237911,18.8,18.88,18.34,18.37,29569300,2026-02-21T03:45:26Z
AMAT,2007-01-05,13.72,13.78,13.54,13.7,42431693,18.67,18.75,18.42,18.64,31181500,2026-02-21T03:45:26Z
AMAT,2007-01-08,13.88,14,13.65,13.69,41035287,18.89,19.05,18.57,18.63,30155400,2026-02-21T03:45:26Z
AMAT,2007-01-09,14.15,14.17,13.81,13.9,38755286,19.25,19.28,18.79,18.92,28479800,2026-02-21T03:45:26Z
AMAT,2007-01-10,14.36,14.43,13.97,14.05,41401799,19.54,19.63,19.01,19.12,30424600,2026-02-21T03:45:26Z
AMAT,2007-01-11,14.35,14.54,14.3,14.33,42316111,19.53,19.79,19.46,19.5,31096600,2026-02-21T03:45:26Z
AMAT,2007-01-12,14.33,14.37,14.18,14.23,42161391,19.5,19.55,19.3,19.36,30983000,2026-02-21T03:45:26Z
AMAT,2007-01-16,14.32,14.37,14.18,14.34,42452608,19.48,19.56,19.3,19.51,31197000,2026-02-21T03:45:26Z
AMAT,2007-01-17,14.26,14.53,14.15,14.22,41410815,19.4,19.77,19.25,19.35,30431400,2026-02-21T03:45:26Z
AMAT,2007-01-18,13.41,13.73,13.27,13.69,69902563,18.25,18.68,18.06,18.63,51369000,2026-02-21T03:45:26Z
AMAT,2007-01-19,13.38,13.58,13.29,13.35,46116601,18.21,18.48,18.09,18.17,33889500,2026-02-21T03:45:26Z
AMAT,2007-01-22,13.2,13.46,13.12,13.43,42133099,17.96,18.32,17.85,18.27,30962200,2026-02-21T03:45:26Z
AMAT,2007-01-23,12.83,13.23,12.8,13.18,68767550,17.46,18,17.42,17.93,50534700,2026-02-21T03:45:26Z
AMAT,2007-01-24,12.93,13.07,12.75,12.9,70080482,17.6,17.78,17.35,17.56,51499600,2026-02-21T03:45:26Z
AMAT,2007-01-25,12.85,13.14,12.82,12.98,39421786,17.48,17.88,17.44,17.66,28969600,2026-02-21T03:45:26Z
AMAT,2007-01-26,13.07,13.15,12.85,12.92,39001314,17.78,17.9,17.48,17.58,28660700,2026-02-21T03:45:26Z
AMAT,2007-01-29,12.94,13.1,12.84,13.04,36342245,17.61,17.82,17.47,17.74,26706700,2026-02-21T03:45:26Z
AMAT,2007-01-30,13.07,13.12,12.92,13.01,34087340,17.79,17.85,17.58,17.7,25049500,2026-02-21T03:45:26Z
AMAT,2007-01-31,13.03,13.05,12.82,13.01,34791163,17.73,17.76,17.45,17.7,25566700,2026-02-21T03:45:26Z
AMAT,2007-02-01,13.18,13.19,13.02,13.06,30204137,17.94,17.95,17.72,17.77,22196000,2026-02-21T03:45:26Z
AMAT,2007-02-02,13.32,13.49,13.13,13.21,39047741,18.12,18.36,17.87,17.97,28694700,2026-02-21T03:45:26Z
AMAT,2007-02-05,13.32,13.43,13.22,13.36,35829169,18.13,18.27,17.99,18.18,26329600,2026-02-21T03:45:26Z
AMAT,2007-02-06,13.34,13.37,13.13,13.29,29335318,18.15,18.2,17.87,18.08,21557500,2026-02-21T03:45:26Z
AMAT,2007-02-07,13.41,13.57,13.31,13.38,22867169,18.25,18.46,18.11,18.21,16804300,2026-02-21T03:45:26Z
AMAT,2007-02-08,13.46,13.53,13.32,13.39,25046599,18.31,18.41,18.12,18.22,18405900,2026-02-21T03:45:26Z
AMAT,2007-02-09,13.21,13.58,13.15,13.51,43658711,17.97,18.48,17.9,18.39,32083200,2026-02-21T03:45:26Z
AMAT,2007-02-12,13.15,13.21,13.03,13.16,36664381,17.89,17.97,17.73,17.91,26943300,2026-02-21T03:45:26Z
AMAT,2007-02-13,13.4,13.43,13.22,13.25,36296223,18.18,18.23,17.94,17.98,26747600,2026-02-21T03:45:26Z
AMAT,2007-02-14,13.92,14.06,13.57,13.71,81258682,18.89,19.08,18.42,18.61,59881500,2026-02-21T03:45:26Z
AMAT,2007-02-15,14.07,14.13,13.9,13.97,33002812,19.09,19.17,18.86,18.95,24320600,2026-02-21T03:45:26Z
AMAT,2007-02-16,14.02,14.1,13.94,14.05,23345817,19.02,19.13,18.92,19.07,17204100,2026-02-21T03:45:26Z
AMAT,2007-02-20,13.82,13.91,13.6,13.86,42380065,18.76,18.87,18.46,18.81,31230900,2026-02-21T03:45:26Z
AMAT,2007-02-21,13.98,14,13.74,13.74,28860471,18.97,19,18.64,18.64,21267900,2026-02-21T03:45:26Z
AMAT,2007-02-22,14.15,14.36,14.02,14.08,44433068,19.2,19.48,19.02,19.1,32743700,2026-02-21T03:45:26Z
AMAT,2007-02-23,14.14,14.35,14.08,14.15,33216521,19.19,19.47,19.1,19.2,24478100,2026-02-21T03:45:26Z
AMAT,2007-02-26,14.07,14.27,13.97,14.22,28996571,19.09,19.37,18.95,19.29,21368300,2026-02-21T03:45:26Z
AMAT,2007-02-27,13.6,14.05,13.55,13.83,45096294,18.46,19.07,18.39,18.77,33232500,2026-02-21T03:45:26Z
AMAT,2007-02-28,13.68,13.85,13.61,13.63,36454991,18.57,18.8,18.47,18.5,26864600,2026-02-21T03:45:26Z
AMAT,2007-03-01,13.6,13.77,13.4,13.44,38769536,18.45,18.69,18.18,18.24,28570100,2026-02-21T03:45:26Z
AMAT,2007-03-02,13.25,13.54,13.23,13.48,44524378,17.98,18.37,17.95,18.29,32811100,2026-02-21T03:45:26Z
AMAT,2007-03-05,13.11,13.39,13.1,13.17,53078654,17.79,18.17,17.77,17.87,39115000,2026-02-21T03:45:26Z
AMAT,2007-03-06,13.4,13.46,13.17,13.31,32028488,18.18,18.27,17.87,18.06,23602600,2026-02-21T03:45:26Z
AMAT,2007-03-07,13.41,13.57,13.34,13.39,28350180,18.2,18.42,18.1,18.17,20891900,2026-02-21T03:45:26Z
AMAT,2007-03-08,13.59,13.75,13.57,13.73,27929431,18.44,18.66,18.41,18.63,20581900,2026-02-21T03:45:26Z
AMAT,2007-03-09,13.51,13.74,13.37,13.74,34516628,18.33,18.64,18.14,18.64,25436100,2026-02-21T03:45:26Z
AMAT,2007-03-12,13.68,13.74,13.46,13.48,23368857,18.57,18.65,18.26,18.29,17221100,2026-02-21T03:45:26Z
AMAT,2007-03-13,13.52,13.7,13.44,13.57,38671927,18.34,18.59,18.24,18.42,28498300,2026-02-21T03:45:26Z
AMAT,2007-03-14,13.55,13.64,13.38,13.56,35491666,18.39,18.51,18.15,18.4,26154600,2026-02-21T03:45:26Z
AMAT,2007-03-15,13.68,13.7,13.51,13.57,19958651,18.56,18.59,18.33,18.42,14708000,2026-02-21T03:45:26Z
AMAT,2007-03-16,13.63,13.72,13.52,13.61,25934199,18.49,18.62,18.35,18.47,19111500,2026-02-21T03:45:26Z
AMAT,2007-03-19,13.61,13.78,13.49,13.68,36748255,18.47,18.7,18.31,18.56,27080700,2026-02-21T03:45:26Z
AMAT,2007-03-20,13.63,13.71,13.55,13.58,24640251,18.5,18.6,18.38,18.43,18158000,2026-02-21T03:45:26Z
AMAT,2007-03-21,13.91,13.95,13.57,13.64,30145494,18.88,18.93,18.42,18.51,22214900,2026-02-21T03:45:26Z
AMAT,2007-03-22,13.86,13.97,13.77,13.96,21300494,18.81,18.96,18.68,18.94,15696800,2026-02-21T03:45:26Z
AMAT,2007-03-23,13.85,13.94,13.8,13.85,17223082,18.79,18.92,18.73,18.79,12692100,2026-02-21T03:45:26Z
AMAT,2007-03-26,13.91,13.93,13.67,13.83,18595979,18.88,18.9,18.55,18.77,13703800,2026-02-21T03:45:26Z
AMAT,2007-03-27,13.88,13.93,13.8,13.85,14556504,18.84,18.9,18.72,18.8,10727000,2026-02-21T03:45:26Z
AMAT,2007-03-28,13.74,13.88,13.72,13.83,25608128,18.65,18.83,18.62,18.76,18871200,2026-02-21T03:45:26Z
AMAT,2007-03-29,13.63,13.92,13.5,13.89,25620271,18.5,18.89,18.32,18.85,18880200,2026-02-21T03:45:26Z
AMAT,2007-03-30,13.5,13.68,13.46,13.66,31320300,18.32,18.56,18.27,18.54,23080600,2026-02-21T03:45:26Z
AMAT,2007-04-02,13.53,13.61,13.4,13.48,34578392,18.36,18.47,18.18,18.29,25481600,2026-02-21T03:45:26Z
AMAT,2007-04-03,13.52,13.66,13.45,13.57,29094492,18.35,18.53,18.25,18.42,21440500,2026-02-21T03:45:26Z
AMAT,2007-04-04,13.74,13.79,13.54,13.57,24392938,18.65,18.71,18.37,18.42,17975700,2026-02-21T03:45:26Z
AMAT,2007-04-05,13.77,13.88,13.71,13.76,22735111,18.68,18.83,18.6,18.67,16754000,2026-02-21T03:45:26Z
AMAT,2007-04-09,13.74,13.82,13.66,13.8,22878533,18.65,18.75,18.54,18.72,16859700,2026-02-21T03:45:26Z
AMAT,2007-04-10,14.3,14.33,13.89,13.96,61246996,19.41,19.45,18.85,18.94,45134400,2026-02-21T03:45:26Z
AMAT,2007-04-11,14.17,14.37,14.12,14.25,40143763,19.23,19.5,19.16,19.34,29582800,2026-02-21T03:45:26Z
AMAT,2007-04-12,14.26,14.41,14.1,14.13,42791735,19.35,19.55,19.13,19.17,31534300,2026-02-21T03:45:26Z
AMAT,2007-04-13,14.06,14.15,13.91,14.13,50768906,19.08,19.2,18.87,19.18,37412800,2026-02-21T03:45:26Z
AMAT,2007-04-16,14.18,14.18,13.98,14.14,24509478,19.24,19.24,18.97,19.19,18061600,2026-02-21T03:45:26Z
AMAT,2007-04-17,14.27,14.3,13.99,14.16,32284716,19.36,19.41,18.98,19.22,23791300,2026-02-21T03:45:26Z
AMAT,2007-04-18,14.5,14.57,14.21,14.21,39961552,19.68,19.77,19.28,19.28,29448700,2026-02-21T03:45:26Z
AMAT,2007-04-19,14.44,14.56,14.27,14.32,41867396,19.59,19.76,19.36,19.43,30853000,2026-02-21T03:45:26Z
AMAT,2007-04-20,14.36,14.65,14.33,14.64,33925430,19.48,19.88,19.44,19.87,25000500,2026-02-21T03:45:26Z
AMAT,2007-04-23,14.13,14.41,14.11,14.32,40656663,19.17,19.55,19.14,19.43,29960800,2026-02-21T03:45:26Z
AMAT,2007-04-24,14.36,14.5,14.12,14.24,44463351,19.49,19.68,19.16,19.32,32766000,2026-02-21T03:45:26Z
AMAT,2007-04-25,14.36,14.44,14.26,14.44,33167981,19.49,19.6,19.35,19.59,24442200,2026-02-21T03:45:26Z
AMAT,2007-04-26,14.22,14.36,14.15,14.31,29817796,19.3,19.49,19.2,19.42,21973400,2026-02-21T03:45:26Z
AMAT,2007-04-27,14.22,14.3,14.09,14.18,24974273,19.3,19.4,19.12,19.24,18404100,2026-02-21T03:45:26Z
AMAT,2007-04-30,14.16,14.38,14.14,14.22,26054208,19.22,19.51,19.19,19.3,19200000,2026-02-21T03:45:26Z
AMAT,2007-05-01,14.31,14.39,14.16,14.2,42412272,19.42,19.53,19.22,19.27,31254700,2026-02-21T03:45:26Z
AMAT,2007-05-02,14.35,14.35,14.17,14.28,30735075,19.47,19.47,19.23,19.38,22649400,2026-02-21T03:45:26Z
AMAT,2007-05-03,14.37,14.47,14.27,14.39,24218404,19.5,19.64,19.37,19.53,17847100,2026-02-21T03:45:26Z
AMAT,2007-05-04,14.55,14.6,14.33,14.44,30879949,19.75,19.81,19.44,19.6,22756100,2026-02-21T03:45:26Z
AMAT,2007-05-07,14.58,14.67,14.5,14.55,19466493,19.79,19.9,19.67,19.74,14345300,2026-02-21T03:45:26Z
AMAT,2007-05-08,14.33,14.45,14.25,14.44,32637565,19.44,19.61,19.33,19.59,24051400,2026-02-21T03:45:26Z
AMAT,2007-05-09,14.51,14.55,14.24,14.26,25904359,19.69,19.74,19.32,19.35,19089500,2026-02-21T03:45:26Z
AMAT,2007-05-10,14.13,14.44,14.08,14.44,40149057,19.18,19.6,19.1,19.59,29586800,2026-02-21T03:45:26Z
AMAT,2007-05-11,14.57,14.64,14.33,14.35,47409190,19.77,19.86,19.45,19.47,34937000,2026-02-21T03:45:26Z
AMAT,2007-05-14,15.09,15.31,14.62,14.62,70046451,20.48,20.78,19.84,19.84,51618900,2026-02-21T03:45:26Z
AMAT,2007-05-15,14.62,15.06,14.58,15.05,69640237,19.78,20.38,19.73,20.36,51470400,2026-02-21T03:45:26Z
AMAT,2007-05-16,14.17,14.29,13.81,14.12,102387526,19.17,19.33,18.68,19.11,75673296,2026-02-21T03:45:26Z
AMAT,2007-05-17,14,14.15,13.88,14.09,40849592,18.94,19.15,18.78,19.06,30191600,2026-02-21T03:45:26Z
AMAT,2007-05-18,13.93,14.06,13.88,14.04,37590541,18.85,19.02,18.78,18.99,27782700,2026-02-21T03:45:26Z
AMAT,2007-05-21,13.97,14.23,13.84,13.92,41322033,18.9,19.25,18.73,18.84,30540700,2026-02-21T03:45:26Z
AMAT,2007-05-22,14.17,14.26,13.92,14,38203749,19.17,19.3,18.84,18.94,28235900,2026-02-21T03:45:26Z
AMAT,2007-05-23,14.17,14.31,14.15,14.18,35922829,19.17,19.36,19.14,19.18,26550100,2026-02-21T03:45:26Z
AMAT,2007-05-24,14.06,14.29,14.01,14.18,34432705,19.03,19.33,18.95,19.19,25448900,2026-02-21T03:45:26Z
AMAT,2007-05-25,14.21,14.23,13.96,14.1,27582704,19.23,19.25,18.89,19.08,20386100,2026-02-21T03:45:26Z
AMAT,2007-05-29,14.2,14.27,14.12,14.18,26937484,19.21,19.31,19.1,19.18,19909200,2026-02-21T03:45:26Z
AMAT,2007-05-30,13.99,14.1,13.87,14.09,38298105,18.93,19.08,18.77,19.06,28305800,2026-02-21T03:45:26Z
AMAT,2007-05-31,14.12,14.18,13.98,14.04,31494584,19.1,19.18,18.91,19,23277300,2026-02-21T03:45:26Z
AMAT,2007-06-01,14.29,14.38,14.15,14.3,33798862,19.34,19.45,19.14,19.35,24980400,2026-02-21T03:45:26Z
AMAT,2007-06-04,14.23,14.26,14.07,14.2,18410590,19.25,19.3,19.03,19.21,13607100,2026-02-21T03:45:26Z
AMAT,2007-06-05,14.09,14.2,13.97,14.1,28200734,19.06,19.21,18.9,19.08,20842800,2026-02-21T03:45:26Z
AMAT,2007-06-06,14.06,14.15,13.96,13.96,27157958,19.03,19.15,18.89,18.89,20072200,2026-02-21T03:45:26Z
AMAT,2007-06-07,13.6,14.07,13.58,13.95,48972856,18.4,19.03,18.37,18.88,36195200,2026-02-21T03:45:26Z
AMAT,2007-06-08,13.89,13.9,13.59,13.64,30856463,18.79,18.8,18.39,18.45,22805700,2026-02-21T03:45:26Z
AMAT,2007-06-11,13.76,13.9,13.7,13.89,23258020,18.62,18.8,18.54,18.79,17189700,2026-02-21T03:45:26Z
AMAT,2007-06-12,13.67,13.89,13.61,13.75,42827694,18.5,18.79,18.42,18.6,31653600,2026-02-21T03:45:26Z
AMAT,2007-06-13,14.13,14.16,13.67,13.81,51034521,19.12,19.16,18.5,18.68,37719100,2026-02-21T03:45:26Z
AMAT,2007-06-14,14.35,14.48,14.09,14.12,36309587,19.42,19.59,19.07,19.1,26836000,2026-02-21T03:45:26Z
AMAT,2007-06-15,14.67,14.75,14.52,14.53,41773905,19.85,19.95,19.65,19.66,30874600,2026-02-21T03:45:26Z
AMAT,2007-06-18,14.66,14.75,14.6,14.6,25448280,19.83,19.96,19.75,19.75,18808500,2026-02-21T03:45:26Z
AMAT,2007-06-19,14.62,14.69,14.49,14.63,25888594,19.78,19.87,19.6,19.8,19134000,2026-02-21T03:45:26Z
AMAT,2007-06-20,14.51,14.66,14.46,14.63,35082554,19.63,19.84,19.56,19.79,25929100,2026-02-21T03:45:26Z
AMAT,2007-06-21,14.9,14.97,14.49,14.52,41779097,20.16,20.26,19.6,19.65,30878400,2026-02-21T03:45:26Z
AMAT,2007-06-22,14.97,15.15,14.78,14.86,41612716,20.25,20.5,20,20.11,30755600,2026-02-21T03:45:26Z
AMAT,2007-06-25,14.69,14.89,14.58,14.88,36031356,19.88,20.15,19.72,20.13,26630400,2026-02-21T03:45:26Z
AMAT,2007-06-26,14.58,14.76,14.52,14.72,27249539,19.73,19.97,19.64,19.91,20139800,2026-02-21T03:45:26Z
AMAT,2007-06-27,15.04,15.11,14.49,14.58,42883226,20.35,20.44,19.6,19.73,31694600,2026-02-21T03:45:26Z
AMAT,2007-06-28,14.76,14.97,14.73,14.78,31008864,19.97,20.25,19.93,20,22918300,2026-02-21T03:45:26Z
AMAT,2007-06-29,14.69,14.93,14.6,14.85,21312857,19.87,20.2,19.75,20.09,15752100,2026-02-21T03:45:26Z
AMAT,2007-07-02,14.91,14.92,14.74,14.8,18408910,20.17,20.19,19.94,20.02,13605800,2026-02-21T03:45:26Z
AMAT,2007-07-03,14.94,14.97,14.86,14.93,10574901,20.21,20.25,20.1,20.2,7815800,2026-02-21T03:45:26Z
AMAT,2007-07-05,14.82,14.88,14.66,14.88,20674824,20.05,20.13,19.84,20.13,15280500,2026-02-21T03:45:26Z
AMAT,2007-07-06,14.77,14.87,14.64,14.86,18280193,19.99,20.12,19.81,20.1,13510700,2026-02-21T03:45:26Z
AMAT,2007-07-09,14.91,15,14.72,14.8,25521192,20.17,20.3,19.92,20.02,18862400,2026-02-21T03:45:26Z
AMAT,2007-07-10,14.66,14.9,14.63,14.86,33839286,19.84,20.16,19.8,20.11,25010200,2026-02-21T03:45:26Z
AMAT,2007-07-11,14.79,14.81,14.54,14.63,33287400,20.01,20.04,19.67,19.8,24602400,2026-02-21T03:45:26Z
AMAT,2007-07-12,15.34,15.34,14.76,14.81,46241919,20.75,20.75,19.97,20.04,34176900,2026-02-21T03:45:26Z
AMAT,2007-07-13,15.14,15.51,15.11,15.26,60413191,20.48,20.98,20.45,20.65,44650600,2026-02-21T03:45:26Z
AMAT,2007-07-16,15.24,15.28,15.04,15.06,25479773,20.62,20.67,20.35,20.37,18831800,2026-02-21T03:45:26Z
AMAT,2007-07-17,16.11,16.32,15.34,15.4,96540704,21.8,22.08,20.75,20.84,71352000,2026-02-21T03:45:26Z
AMAT,2007-07-18,16.01,16.06,15.77,15.83,42619275,21.66,21.73,21.33,21.42,31499500,2026-02-21T03:45:26Z
AMAT,2007-07-19,16.1,16.21,15.94,15.98,26529482,21.78,21.93,21.57,21.62,19607700,2026-02-21T03:45:26Z
AMAT,2007-07-20,15.86,16.16,15.75,16.13,31000769,21.46,21.87,21.31,21.83,22912400,2026-02-21T03:45:26Z
AMAT,2007-07-23,15.85,16.02,15.82,15.89,18440638,21.44,21.67,21.4,21.5,13629300,2026-02-21T03:45:26Z
AMAT,2007-07-24,15.75,16.11,15.68,15.68,38951838,21.31,21.79,21.21,21.21,28788900,2026-02-21T03:45:26Z
AMAT,2007-07-25,16.08,16.17,15.77,15.99,45265960,21.75,21.88,21.34,21.63,33455600,2026-02-21T03:45:26Z
AMAT,2007-07-26,15.96,16.09,15.71,15.89,58712092,21.6,21.77,21.26,21.5,43393400,2026-02-21T03:45:26Z
AMAT,2007-07-27,15.93,16.11,15.83,15.99,38771413,21.56,21.8,21.42,21.63,28655600,2026-02-21T03:45:26Z
AMAT,2007-07-30,16.27,16.35,15.88,15.91,41551523,22.02,22.12,21.48,21.53,30710200,2026-02-21T03:45:26Z
AMAT,2007-07-31,16.29,16.45,16.22,16.45,42112174,22.04,22.26,21.94,22.25,31124600,2026-02-21T03:45:26Z
AMAT,2007-08-01,16.59,16.63,16.16,16.19,57517388,22.45,22.5,21.86,21.91,42510600,2026-02-21T03:45:26Z
AMAT,2007-08-02,16.5,16.67,16.33,16.66,51673510,22.32,22.55,22.1,22.54,38191400,2026-02-21T03:45:26Z
AMAT,2007-08-03,16.42,16.89,16.4,16.48,56541112,22.21,22.85,22.19,22.3,41789000,2026-02-21T03:45:26Z
AMAT,2007-08-06,16.89,16.97,16.3,16.47,52993295,22.85,22.96,22.06,22.28,39166800,2026-02-21T03:45:26Z
AMAT,2007-08-07,16.71,16.93,16.38,16.82,53299949,22.61,22.9,22.16,22.76,39393400,2026-02-21T03:45:26Z
AMAT,2007-08-08,16.97,17,16.54,16.83,43632998,22.96,23,22.38,22.77,32248700,2026-02-21T03:45:26Z
AMAT,2007-08-09,16.55,17,16.36,16.81,52914877,22.39,23,22.13,22.75,39108800,2026-02-21T03:45:26Z
AMAT,2007-08-10,16.15,16.55,16.02,16.27,46792862,21.85,22.39,21.68,22.01,34584100,2026-02-21T03:45:26Z
AMAT,2007-08-13,16.07,16.33,16.03,16.23,28913422,21.74,22.1,21.69,21.96,21369600,2026-02-21T03:45:26Z
AMAT,2007-08-14,15.74,16.27,15.73,16.22,38013739,21.24,21.96,21.22,21.89,28173300,2026-02-21T03:45:26Z
AMAT,2007-08-15,15.09,15.44,15.05,15.25,51387831,20.36,20.83,20.3,20.57,38085300,2026-02-21T03:45:26Z
AMAT,2007-08-16,15.07,15.28,14.75,15.02,46169378,20.33,20.61,19.9,20.27,34217800,2026-02-21T03:45:26Z
AMAT,2007-08-17,15.42,15.91,15.13,15.28,39728005,20.8,21.46,20.41,20.61,29443800,2026-02-21T03:45:26Z
AMAT,2007-08-20,15.52,15.69,15.26,15.36,24240067,20.94,21.17,20.59,20.72,17965200,2026-02-21T03:45:26Z
AMAT,2007-08-21,15.45,15.65,15.33,15.43,24065739,20.84,21.11,20.68,20.82,17835900,2026-02-21T03:45:26Z
AMAT,2007-08-22,15.25,15.6,15.23,15.6,28263224,20.57,21.05,20.55,21.05,20946800,2026-02-21T03:45:26Z
AMAT,2007-08-23,15.34,15.39,15.13,15.3,21840144,20.7,20.76,20.41,20.64,16186500,2026-02-21T03:45:26Z
AMAT,2007-08-24,15.46,15.47,15.23,15.35,17062451,20.86,20.87,20.55,20.71,12645600,2026-02-21T03:45:26Z
AMAT,2007-08-27,15.26,15.48,15.25,15.46,16270282,20.59,20.88,20.57,20.86,12058500,2026-02-21T03:45:26Z
AMAT,2007-08-28,14.93,15.26,14.92,15.22,20692123,20.14,20.59,20.13,20.53,15335700,2026-02-21T03:45:26Z
AMAT,2007-08-29,15.35,15.37,15,15,19382035,20.71,20.74,20.24,20.24,14364700,2026-02-21T03:45:26Z
AMAT,2007-08-30,15.53,15.85,15.22,15.3,27631365,20.95,21.39,20.53,20.64,20478600,2026-02-21T03:45:26Z
AMAT,2007-08-31,15.83,15.97,15.64,15.75,29316603,21.36,21.55,21.1,21.25,21727500,2026-02-21T03:45:26Z
AMAT,2007-09-04,16.14,16.3,15.86,15.93,27072161,21.78,21.99,21.4,21.49,20064100,2026-02-21T03:45:26Z
AMAT,2007-09-05,15.79,16.11,15.67,16.01,19987150,21.3,21.74,21.14,21.6,14813200,2026-02-21T03:45:26Z
AMAT,2007-09-06,15.81,15.91,15.66,15.86,17959626,21.33,21.47,21.13,21.4,13310500,2026-02-21T03:45:26Z
AMAT,2007-09-07,15.41,15.71,15.19,15.64,28640119,20.79,21.2,20.5,21.1,21226200,2026-02-21T03:45:26Z
AMAT,2007-09-10,15.5,15.69,15.28,15.62,25238774,20.91,21.17,20.62,21.07,18705300,2026-02-21T03:45:26Z
AMAT,2007-09-11,15.58,15.73,15.46,15.53,17728976,21.02,21.23,20.86,20.95,13139600,2026-02-21T03:45:26Z
AMAT,2007-09-12,15.23,15.62,15.19,15.55,26342475,20.55,21.07,20.49,20.98,19523300,2026-02-21T03:45:26Z
AMAT,2007-09-13,15.24,15.48,15.19,15.48,21122380,20.56,20.88,20.49,20.88,15654500,2026-02-21T03:45:26Z
AMAT,2007-09-14,15.07,15.24,15.04,15.05,21076285,20.33,20.56,20.29,20.3,15620400,2026-02-21T03:45:26Z
AMAT,2007-09-17,15.05,15.15,14.85,15,15473212,20.31,20.44,20.04,20.24,11467700,2026-02-21T03:45:26Z
AMAT,2007-09-18,15.63,15.66,15.13,15.19,21863680,21.09,21.13,20.42,20.5,16203900,2026-02-21T03:45:26Z
AMAT,2007-09-19,15.64,15.88,15.54,15.72,24361224,21.1,21.43,20.97,21.21,18054900,2026-02-21T03:45:26Z
AMAT,2007-09-20,15.58,15.75,15.38,15.4,26840651,21.02,21.25,20.75,20.78,19892600,2026-02-21T03:45:26Z
AMAT,2007-09-21,15.79,15.96,15.58,15.71,21231455,21.3,21.53,21.02,21.2,15735400,2026-02-21T03:45:26Z
AMAT,2007-09-24,15.59,15.86,15.44,15.75,23680272,21.04,21.4,20.83,21.25,17550300,2026-02-21T03:45:26Z
AMAT,2007-09-25,15.57,15.71,15.4,15.49,16811156,21.01,21.2,20.78,20.9,12459300,2026-02-21T03:45:26Z
AMAT,2007-09-26,15.33,15.79,15.22,15.63,20030997,20.68,21.3,20.53,21.09,14845700,2026-02-21T03:45:26Z
AMAT,2007-09-27,15.34,15.52,15.25,15.46,25150199,20.7,20.94,20.57,20.86,18639700,2026-02-21T03:45:26Z
AMAT,2007-09-28,15.34,15.6,15.3,15.34,29728987,20.7,21.05,20.65,20.7,22033200,2026-02-21T03:45:26Z
AMAT,2007-10-01,15.81,15.89,15.34,15.45,22261410,21.33,21.44,20.7,20.85,16498700,2026-02-21T03:45:26Z
AMAT,2007-10-02,16.02,16.12,15.73,15.77,26016511,21.62,21.75,21.22,21.28,19281700,2026-02-21T03:45:26Z
AMAT,2007-10-03,15.42,15.89,15.22,15.86,29613803,20.81,21.44,20.53,21.4,21947800,2026-02-21T03:45:26Z
AMAT,2007-10-04,15.3,15.51,15.12,15.47,21142489,20.65,20.92,20.4,20.87,15669400,2026-02-21T03:45:26Z
AMAT,2007-10-05,15.66,15.82,15.28,15.39,26968198,21.13,21.35,20.62,20.76,19987100,2026-02-21T03:45:26Z
AMAT,2007-10-08,15.5,15.62,15.39,15.53,16434422,20.91,21.07,20.76,20.96,12180100,2026-02-21T03:45:26Z
AMAT,2007-10-09,15.31,15.53,15.1,15.5,25179434,20.66,20.95,20.37,20.91,18661300,2026-02-21T03:45:26Z
AMAT,2007-10-10,14.96,15.3,14.9,15.19,40960598,20.19,20.64,20.11,20.5,30357300,2026-02-21T03:45:26Z
AMAT,2007-10-11,14.91,15.3,14.73,15.22,34951613,20.12,20.65,19.88,20.53,25903800,2026-02-21T03:45:26Z
AMAT,2007-10-12,15.59,15.62,15.08,15.09,31795787,21.04,21.07,20.35,20.36,23565000,2026-02-21T03:45:26Z
AMAT,2007-10-15,15.4,15.66,15.27,15.52,19483476,20.78,21.13,20.6,20.94,14439900,2026-02-21T03:45:26Z
AMAT,2007-10-16,15.45,15.61,15.31,15.36,21902842,20.85,21.06,20.66,20.72,16233000,2026-02-21T03:45:26Z
AMAT,2007-10-17,16.02,16.13,15.73,15.75,43940011,21.62,21.77,21.22,21.25,32565400,2026-02-21T03:45:26Z
AMAT,2007-10-18,15.47,15.86,15.39,15.81,32848377,20.87,21.4,20.77,21.33,24345100,2026-02-21T03:45:26Z
AMAT,2007-10-19,14.9,15.47,14.87,15.45,28426290,20.1,20.87,20.06,20.84,21067700,2026-02-21T03:45:26Z
AMAT,2007-10-22,15.16,15.26,14.83,14.89,17883407,20.46,20.59,20.01,20.09,13254000,2026-02-21T03:45:26Z
AMAT,2007-10-23,15.21,15.27,14.98,15.19,17428122,20.52,20.6,20.21,20.5,12916600,2026-02-21T03:45:26Z
AMAT,2007-10-24,14.91,15.3,14.62,15.13,29975449,20.12,20.64,19.72,20.42,22215800,2026-02-21T03:45:26Z
AMAT,2007-10-25,14.35,14.76,14.06,14.7,45115316,19.36,19.91,18.97,19.83,33436600,2026-02-21T03:45:26Z
AMAT,2007-10-26,13.98,14.63,13.71,14.29,57372162,18.86,19.74,18.5,19.28,42520500,2026-02-21T03:45:26Z
AMAT,2007-10-29,14.06,14.75,13.9,14.04,29097056,18.97,19.9,18.76,18.95,21564800,2026-02-21T03:45:26Z
AMAT,2007-10-30,14.21,14.3,14.01,14.01,19236249,19.17,19.29,18.9,18.9,14256700,2026-02-21T03:45:26Z
AMAT,2007-10-31,14.39,14.56,14.1,14.19,32796413,19.42,19.65,19.02,19.14,24306500,2026-02-21T03:45:26Z
AMAT,2007-11-01,13.92,14.48,13.89,14.41,37809347,18.78,19.54,18.74,19.44,28021800,2026-02-21T03:45:26Z
AMAT,2007-11-02,13.99,14.15,13.88,13.97,29958818,18.87,19.09,18.73,18.85,22203500,2026-02-21T03:45:26Z
AMAT,2007-11-05,13.71,14.13,13.67,13.89,24550986,18.5,19.06,18.45,18.74,18195600,2026-02-21T03:45:26Z
AMAT,2007-11-06,13.63,13.77,13.39,13.71,39465198,18.39,18.58,18.06,18.5,29249100,2026-02-21T03:45:26Z
AMAT,2007-11-07,13.27,13.66,13.25,13.53,31555182,17.91,18.43,17.88,18.25,23386600,2026-02-21T03:45:26Z
AMAT,2007-11-08,13.27,13.39,13.03,13.2,35549872,17.91,18.07,17.58,17.81,26347200,2026-02-21T03:45:26Z
AMAT,2007-11-09,13.87,14.37,13.87,13.9,55335265,18.71,19.39,18.71,18.75,41010800,2026-02-21T03:45:26Z
AMAT,2007-11-12,13.57,14.03,13.55,13.97,31245546,18.31,18.93,18.28,18.85,23157200,2026-02-21T03:45:26Z
AMAT,2007-11-13,13.84,13.98,13.56,13.7,30879940,18.61,18.8,18.24,18.43,22961500,2026-02-21T03:45:26Z
AMAT,2007-11-14,13.99,14.4,13.99,14.09,43450095,18.81,19.37,18.81,18.95,32308300,2026-02-21T03:45:26Z
AMAT,2007-11-15,14.03,14.37,13.58,13.59,62864001,18.87,19.33,18.26,18.27,46743900,2026-02-21T03:45:26Z
AMAT,2007-11-16,13.79,14.14,13.55,14.1,31971219,18.55,19.02,18.22,18.96,23772800,2026-02-21T03:45:26Z
AMAT,2007-11-19,13.61,13.89,13.57,13.77,25368968,18.3,18.68,18.25,18.52,18863700,2026-02-21T03:45:26Z
AMAT,2007-11-20,13.53,13.86,13.24,13.68,36864383,18.2,18.64,17.8,18.4,27411300,2026-02-21T03:45:26Z
AMAT,2007-11-21,13.38,13.64,13.27,13.49,23763392,18,18.34,17.84,18.14,17669800,2026-02-21T03:45:26Z
AMAT,2007-11-23,13.63,13.65,13.41,13.44,7894042,18.33,18.36,18.03,18.08,5869800,2026-02-21T03:45:26Z
AMAT,2007-11-26,13.25,13.66,13.25,13.64,25709381,17.82,18.37,17.82,18.34,19116700,2026-02-21T03:45:26Z
AMAT,2007-11-27,13.51,13.62,13.24,13.33,27959101,18.17,18.31,17.81,17.93,20789600,2026-02-21T03:45:26Z
AMAT,2007-11-28,13.96,14.14,13.62,13.73,25545712,18.78,19.02,18.31,18.47,18995100,2026-02-21T03:45:26Z
AMAT,2007-11-29,13.92,14.06,13.85,13.96,19365799,18.72,18.91,18.63,18.77,14399900,2026-02-21T03:45:26Z
AMAT,2007-11-30,14,14.31,13.88,14.29,24691057,18.83,19.25,18.67,19.22,18359500,2026-02-21T03:45:26Z
AMAT,2007-12-03,13.53,14.11,13.52,14.01,30020788,18.2,18.98,18.18,18.84,22322600,2026-02-21T03:45:26Z
AMAT,2007-12-04,13.45,13.63,13.38,13.4,21658725,18.09,18.33,18,18.02,16104800,2026-02-21T03:45:26Z
AMAT,2007-12-05,13.93,13.99,13.59,13.63,26733798,18.73,18.81,18.28,18.33,19878500,2026-02-21T03:45:26Z
AMAT,2007-12-06,13.88,13.97,13.82,13.83,19467995,18.66,18.79,18.59,18.6,14475800,2026-02-21T03:45:26Z
AMAT,2007-12-07,13.6,13.83,13.47,13.78,33631253,18.29,18.6,18.12,18.53,25007200,2026-02-21T03:45:26Z
AMAT,2007-12-10,13.86,13.94,13.41,13.66,32583218,18.64,18.75,18.04,18.37,24228000,2026-02-21T03:45:26Z
AMAT,2007-12-11,13.47,13.89,13.41,13.87,30009040,18.11,18.68,18.03,18.65,22313900,2026-02-21T03:45:26Z
AMAT,2007-12-12,13.67,13.86,13.53,13.68,25497024,18.38,18.64,18.19,18.4,18958800,2026-02-21T03:45:26Z
AMAT,2007-12-13,13.44,13.74,13.33,13.63,21353216,18.07,18.48,17.92,18.33,15877600,2026-02-21T03:45:26Z
AMAT,2007-12-14,13.21,13.38,13.15,13.29,23633576,17.77,18,17.68,17.87,17573300,2026-02-21T03:45:26Z
AMAT,2007-12-17,13.06,13.21,12.96,13.13,19150620,17.57,17.77,17.43,17.66,14239800,2026-02-21T03:45:26Z
AMAT,2007-12-18,13.17,13.26,13.07,13.18,18897112,17.71,17.83,17.57,17.73,14051300,2026-02-21T03:45:26Z
AMAT,2007-12-19,13.08,13.24,13.05,13.11,17316723,17.59,17.8,17.55,17.63,12876200,2026-02-21T03:45:26Z
AMAT,2007-12-20,13.36,13.38,13.15,13.18,22815254,17.97,18,17.68,17.73,16964800,2026-02-21T03:45:26Z
AMAT,2007-12-21,13.34,13.56,13.21,13.48,29116980,17.94,18.23,17.76,18.13,21650600,2026-02-21T03:45:26Z
AMAT,2007-12-24,13.5,13.56,13.25,13.32,8242529,18.15,18.24,17.82,17.91,6128900,2026-02-21T03:45:26Z
AMAT,2007-12-26,13.53,13.59,13.42,13.42,8521283,18.19,18.28,18.05,18.05,6336200,2026-02-21T03:45:26Z
AMAT,2007-12-27,13.21,13.56,13.17,13.47,17406031,17.76,18.24,17.71,18.12,12942600,2026-02-21T03:45:26Z
AMAT,2007-12-28,13.29,13.38,13.16,13.27,14880101,17.87,18,17.7,17.85,11064400,2026-02-21T03:45:26Z
AMAT,2007-12-31,13.21,13.32,13.15,13.15,10010626,17.76,17.91,17.69,17.69,7443600,2026-02-21T03:45:26Z
AMAT,2008-01-02,12.95,13.36,12.79,13.18,25865797,17.41,17.97,17.2,17.73,19233100,2026-02-21T03:45:26Z
AMAT,2008-01-03,12.72,12.94,12.64,12.94,21516512,17.1,17.4,17,17.4,15999100,2026-02-21T03:45:26Z
AMAT,2008-01-04,12.47,12.83,12.38,12.81,45219166,16.77,17.26,16.65,17.23,33623700,2026-02-21T03:45:26Z
AMAT,2008-01-07,12.44,12.58,12.21,12.46,30406478,16.73,16.92,16.42,16.75,22609300,2026-02-21T03:45:26Z
AMAT,2008-01-08,12.14,12.64,12.13,12.35,36659890,16.33,17,16.31,16.61,27259200,2026-02-21T03:45:26Z
AMAT,2008-01-09,12.37,12.46,12.03,12.15,35661750,16.64,16.75,16.18,16.34,26517000,2026-02-21T03:45:26Z
AMAT,2008-01-10,12.19,12.38,12.05,12.3,40330527,16.4,16.65,16.2,16.54,29988700,2026-02-21T03:45:26Z
AMAT,2008-01-11,12.19,12.25,11.99,12.04,30831395,16.4,16.48,16.13,16.19,22925400,2026-02-21T03:45:26Z
AMAT,2008-01-14,12.52,12.55,12.22,12.31,33687127,16.84,16.88,16.44,16.55,25048700,2026-02-21T03:45:26Z
AMAT,2008-01-15,12.6,12.72,12.46,12.58,51747158,16.95,17.1,16.75,16.92,38477600,2026-02-21T03:45:26Z
AMAT,2008-01-16,12.95,13.27,12.37,12.56,61512246,17.42,17.85,16.64,16.89,45738700,2026-02-21T03:45:26Z
AMAT,2008-01-17,13.03,13.35,12.79,13.08,49685100,17.53,17.95,17.2,17.59,36944400,2026-02-21T03:45:26Z
AMAT,2008-01-18,13.4,13.58,13.03,13.22,49393886,18.02,18.26,17.52,17.78,36728000,2026-02-21T03:45:26Z
AMAT,2008-01-22,13.38,13.53,12.49,12.54,52980986,17.99,18.2,16.8,16.87,39395000,2026-02-21T03:45:26Z
AMAT,2008-01-23,13.46,13.48,12.75,12.84,53664955,18.1,18.13,17.14,17.27,39903600,2026-02-21T03:45:26Z
AMAT,2008-01-24,13.35,13.59,12.99,13.44,45743162,17.96,18.28,17.47,18.08,34013200,2026-02-21T03:45:26Z
AMAT,2008-01-25,12.95,13.59,12.94,13.59,30345335,17.42,18.27,17.4,18.27,22563900,2026-02-21T03:45:26Z
AMAT,2008-01-28,13.35,13.35,12.89,12.98,22343259,17.95,17.95,17.33,17.46,16613800,2026-02-21T03:45:26Z
AMAT,2008-01-29,13.15,13.41,12.99,13.41,21455977,17.68,18.04,17.47,18.04,15954000,2026-02-21T03:45:26Z
AMAT,2008-01-30,13.32,13.4,13.06,13.06,35651586,17.92,18.02,17.56,17.56,26509500,2026-02-21T03:45:26Z
AMAT,2008-01-31,13.32,13.42,13.09,13.12,27840769,17.92,18.05,17.61,17.65,20701600,2026-02-21T03:45:26Z
AMAT,2008-02-01,14.04,14.05,13.35,13.38,34081527,18.88,18.89,17.95,18,25342000,2026-02-21T03:45:26Z
AMAT,2008-02-04,13.74,14.13,13.73,14.05,20506435,18.48,19,18.47,18.9,15248000,2026-02-21T03:45:26Z
AMAT,2008-02-05,13.46,13.84,13.44,13.48,31911629,18.1,18.61,18.08,18.13,23728500,2026-02-21T03:45:26Z
AMAT,2008-02-06,13,13.56,12.96,13.55,31540819,17.48,18.24,17.43,18.22,23452800,2026-02-21T03:45:26Z
AMAT,2008-02-07,13.12,13.3,12.75,12.95,31422084,17.65,17.88,17.15,17.42,23364500,2026-02-21T03:45:26Z
AMAT,2008-02-08,13.33,13.39,13.09,13.17,23450264,17.93,18.01,17.61,17.71,17436900,2026-02-21T03:45:26Z
AMAT,2008-02-11,13.75,14.05,13.38,13.41,40426753,18.49,18.89,18,18.03,30060100,2026-02-21T03:45:26Z
AMAT,2008-02-12,13.48,14.01,13.44,14.01,46123737,18.07,18.78,18.02,18.78,34408000,2026-02-21T03:45:26Z
AMAT,2008-02-13,14.85,14.85,14.17,14.42,86908307,19.91,19.91,19,19.33,64832900,2026-02-21T03:45:26Z
AMAT,2008-02-14,14.32,14.85,14.26,14.82,44627244,19.19,19.9,19.11,19.86,33291600,2026-02-21T03:45:26Z
AMAT,2008-02-15,14.2,14.43,14.12,14.24,29333936,19.04,19.34,18.93,19.09,21882900,2026-02-21T03:45:26Z
AMAT,2008-02-19,13.79,14.43,13.7,14.36,39346757,18.48,19.34,18.37,19.25,29352300,2026-02-21T03:45:26Z
AMAT,2008-02-20,14.5,14.69,13.72,13.73,42458318,19.44,19.69,18.39,18.4,31673600,2026-02-21T03:45:26Z
AMAT,2008-02-21,14.38,14.83,14.33,14.59,29611094,19.28,19.88,19.21,19.56,22089600,2026-02-21T03:45:26Z
AMAT,2008-02-22,14.68,14.7,14.29,14.44,30691128,19.68,19.7,19.16,19.36,22895300,2026-02-21T03:45:26Z
AMAT,2008-02-25,14.66,14.92,14.41,14.55,27484825,19.65,20,19.32,19.5,20503400,2026-02-21T03:45:26Z
AMAT,2008-02-26,14.81,14.92,14.54,14.61,34320838,19.85,20,19.49,19.58,25603000,2026-02-21T03:45:26Z
AMAT,2008-02-27,14.99,15.04,14.67,14.78,35809059,20.1,20.16,19.66,19.81,26713200,2026-02-21T03:45:26Z
AMAT,2008-02-28,14.79,14.99,14.61,14.87,33343032,19.83,20.1,19.58,19.93,24873600,2026-02-21T03:45:26Z
AMAT,2008-02-29,14.3,14.83,14.26,14.62,34205515,19.17,19.88,19.12,19.6,25517100,2026-02-21T03:45:26Z
AMAT,2008-03-03,14.08,14.3,13.97,14.26,35293746,18.88,19.17,18.72,19.11,26328800,2026-02-21T03:45:26Z
AMAT,2008-03-04,15.16,15.23,14.5,14.82,81044344,20.32,20.41,19.44,19.86,60458600,2026-02-21T03:45:26Z
AMAT,2008-03-05,15.29,15.29,15.02,15.18,43526172,20.5,20.5,20.14,20.35,32470100,2026-02-21T03:45:26Z
AMAT,2008-03-06,15.02,15.29,14.8,15.25,40889495,20.13,20.49,19.84,20.44,30503200,2026-02-21T03:45:26Z
AMAT,2008-03-07,14.99,15.29,14.73,14.96,36131302,20.09,20.5,19.75,20.05,26953700,2026-02-21T03:45:26Z
AMAT,2008-03-10,15.16,15.26,15.09,15.11,34952287,20.32,20.46,20.23,20.25,26074200,2026-02-21T03:45:26Z
AMAT,2008-03-11,15.62,15.64,15.25,15.27,41580935,20.94,20.97,20.44,20.47,31019100,2026-02-21T03:45:26Z
AMAT,2008-03-12,15.65,15.73,15.47,15.58,41663080,20.98,21.08,20.74,20.88,31080300,2026-02-21T03:45:26Z
AMAT,2008-03-13,15.71,15.8,15.4,15.49,46852488,21.06,21.18,20.64,20.76,34951600,2026-02-21T03:45:26Z
AMAT,2008-03-14,15.35,15.79,15.14,15.76,45661795,20.58,21.16,20.29,21.12,34063300,2026-02-21T03:45:26Z
AMAT,2008-03-17,15.42,15.52,14.96,15.02,37692118,20.67,20.8,20.05,20.13,28118100,2026-02-21T03:45:26Z
AMAT,2008-03-18,16.06,16.11,15.68,15.68,49054979,21.53,21.59,21.02,21.02,36594600,2026-02-21T03:45:26Z
AMAT,2008-03-19,15.42,16.15,15.42,16.08,42893095,20.67,21.65,20.67,21.55,31998000,2026-02-21T03:45:26Z
AMAT,2008-03-20,15.74,15.75,15.42,15.66,33411683,21.1,21.11,20.67,20.99,24924800,2026-02-21T03:45:26Z
AMAT,2008-03-24,15.6,15.98,15.59,15.7,31395630,20.91,21.42,20.9,21.04,23420900,2026-02-21T03:45:26Z
AMAT,2008-03-25,15.41,15.64,15.18,15.64,35427310,20.66,20.97,20.35,20.97,26428500,2026-02-21T03:45:26Z
AMAT,2008-03-26,15.17,15.32,14.87,15.22,38284232,20.33,20.54,19.93,20.4,28559700,2026-02-21T03:45:26Z
AMAT,2008-03-27,14.9,15.22,14.91,15.19,29421936,19.98,20.4,19.98,20.36,21948500,2026-02-21T03:45:26Z
AMAT,2008-03-28,14.56,14.97,14.55,14.92,49445315,19.52,20.06,19.5,20,36885900,2026-02-21T03:45:26Z
AMAT,2008-03-31,14.55,14.72,14.46,14.61,35698381,19.51,19.73,19.38,19.59,26630700,2026-02-21T03:45:26Z
AMAT,2008-04-01,14.99,15.11,14.72,14.77,36586949,20.1,20.25,19.73,19.8,27293500,2026-02-21T03:45:26Z
AMAT,2008-04-02,15.36,15.53,15.09,15.29,42459905,20.59,20.82,20.23,20.5,31674800,2026-02-21T03:45:26Z
AMAT,2008-04-03,15.55,15.8,15.12,15.15,29169947,20.85,21.18,20.27,20.31,21760500,2026-02-21T03:45:26Z
AMAT,2008-04-04,15.58,16.23,15.4,15.72,30901079,20.89,21.75,20.64,21.07,23052000,2026-02-21T03:45:26Z
AMAT,2008-04-07,15.06,15.5,15.02,15.14,48069216,20.19,20.78,20.14,20.3,35859300,2026-02-21T03:45:26Z
AMAT,2008-04-08,14.55,14.88,14.47,14.86,34245242,19.5,19.94,19.39,19.92,25546600,2026-02-21T03:45:26Z
AMAT,2008-04-09,14.68,14.76,14.41,14.67,29882136,19.68,19.79,19.31,19.67,22291800,2026-02-21T03:45:26Z
AMAT,2008-04-10,15.05,15.23,14.74,14.76,34667305,20.18,20.42,19.76,19.78,25861500,2026-02-21T03:45:26Z
AMAT,2008-04-11,14.26,14.87,14.17,14.84,36491830,19.11,19.93,19,19.89,27222600,2026-02-21T03:45:26Z
AMAT,2008-04-14,14.09,14.33,13.99,14.11,24045948,18.89,19.21,18.75,18.92,17938100,2026-02-21T03:45:26Z
AMAT,2008-04-15,13.99,14.23,13.66,14.14,28965746,18.76,19.08,18.31,18.96,21608200,2026-02-21T03:45:26Z
AMAT,2008-04-16,14.43,14.7,14.27,14.36,39314188,19.34,19.7,19.13,19.25,29328100,2026-02-21T03:45:26Z
AMAT,2008-04-17,14.3,14.55,14.18,14.43,23200998,19.17,19.5,19.01,19.34,17307800,2026-02-21T03:45:26Z
AMAT,2008-04-18,14.27,14.61,14.06,14.48,38590698,19.13,19.58,18.85,19.41,28788300,2026-02-21T03:45:26Z
AMAT,2008-04-21,14.17,14.25,14.08,14.2,29308590,19,19.1,18.87,19.03,21863900,2026-02-21T03:45:26Z
AMAT,2008-04-22,13.73,14.08,13.7,14.03,31393122,18.4,18.87,18.36,18.8,23419100,2026-02-21T03:45:26Z
AMAT,2008-04-23,14.02,14.26,13.8,13.85,31644284,18.8,19.12,18.5,18.57,23606300,2026-02-21T03:45:26Z
AMAT,2008-04-24,14.37,14.6,13.74,13.99,44133064,19.26,19.57,18.42,18.75,32922900,2026-02-21T03:45:26Z
AMAT,2008-04-25,14.25,14.52,14.05,14.44,23594432,19.1,19.46,18.83,19.36,17601200,2026-02-21T03:45:26Z
AMAT,2008-04-28,14.17,14.35,14.11,14.3,13968234,18.99,19.24,18.92,19.17,10420200,2026-02-21T03:45:26Z
AMAT,2008-04-29,14.17,14.28,14.09,14.17,20840104,19,19.14,18.89,18.99,15546500,2026-02-21T03:45:26Z
AMAT,2008-04-30,13.92,14.28,13.79,14.28,21628799,18.66,19.14,18.49,19.14,16134900,2026-02-21T03:45:26Z
AMAT,2008-05-01,14.55,14.64,13.96,13.97,26546405,19.51,19.62,18.71,18.73,19803400,2026-02-21T03:45:26Z
AMAT,2008-05-02,14.7,14.91,14.41,14.76,24478216,19.7,19.98,19.32,19.79,18260500,2026-02-21T03:45:26Z
AMAT,2008-05-05,14.52,14.82,14.31,14.81,16866136,19.46,19.86,19.18,19.85,12582000,2026-02-21T03:45:26Z
AMAT,2008-05-06,14.46,14.49,14.2,14.42,24403050,19.39,19.42,19.04,19.33,18204500,2026-02-21T03:45:26Z
AMAT,2008-05-07,14.37,14.73,14.32,14.35,21926383,19.26,19.74,19.2,19.23,16356900,2026-02-21T03:45:26Z
AMAT,2008-05-08,14.55,14.79,14.41,14.42,24529626,19.51,19.82,19.31,19.33,18298900,2026-02-21T03:45:26Z
AMAT,2008-05-09,14.39,14.44,14.14,14.42,17970416,19.29,19.36,18.96,19.33,13405800,2026-02-21T03:45:26Z
AMAT,2008-05-12,14.82,14.88,14.29,14.39,26862820,19.87,19.95,19.16,19.29,20039500,2026-02-21T03:45:26Z
AMAT,2008-05-13,14.86,15.06,14.67,15.05,48801559,19.86,20.12,19.6,20.11,36515900,2026-02-21T03:45:26Z
AMAT,2008-05-14,14.89,15.06,14.47,14.76,57537893,19.9,20.13,19.34,19.73,43052800,2026-02-21T03:45:26Z
AMAT,2008-05-15,14.7,14.94,14.6,14.82,39476856,19.64,19.97,19.51,19.81,29538700,2026-02-21T03:45:26Z
AMAT,2008-05-16,14.64,14.79,14.42,14.76,24793637,19.57,19.77,19.27,19.73,18551900,2026-02-21T03:45:26Z
AMAT,2008-05-19,14.59,14.97,14.55,14.69,25540751,19.5,20,19.44,19.63,19110900,2026-02-21T03:45:26Z
AMAT,2008-05-20,14.28,14.51,14.23,14.49,26983648,19.08,19.39,19.02,19.37,20190500,2026-02-21T03:45:26Z
AMAT,2008-05-21,14.13,14.43,14.13,14.28,32795055,18.89,19.29,18.89,19.08,24539000,2026-02-21T03:45:26Z
AMAT,2008-05-22,14.34,14.45,14.07,14.11,21200865,19.17,19.31,18.8,18.86,15863600,2026-02-21T03:45:26Z
AMAT,2008-05-23,14.16,14.28,13.96,14.25,24735832,18.92,19.09,18.65,19.05,18508600,2026-02-21T03:45:26Z
AMAT,2008-05-27,14.64,14.64,14.27,14.27,29351626,19.56,19.57,19.07,19.07,21962400,2026-02-21T03:45:26Z
AMAT,2008-05-28,14.62,14.75,14.38,14.7,22431683,19.54,19.71,19.22,19.64,16784500,2026-02-21T03:45:26Z
AMAT,2008-05-29,14.69,14.8,14.59,14.67,21423377,19.63,19.78,19.5,19.61,16030100,2026-02-21T03:45:26Z
AMAT,2008-05-30,14.82,14.94,14.69,14.82,20172309,19.81,19.97,19.63,19.8,15094000,2026-02-21T03:45:26Z
AMAT,2008-06-02,14.55,14.82,14.4,14.81,18351306,19.45,19.8,19.25,19.79,13731400,2026-02-21T03:45:26Z
AMAT,2008-06-03,14.18,14.63,14.06,14.58,29908588,18.95,19.55,18.79,19.48,22379200,2026-02-21T03:45:26Z
AMAT,2008-06-04,14.4,14.55,14.12,14.19,27931035,19.24,19.44,18.87,18.96,20899500,2026-02-21T03:45:26Z
AMAT,2008-06-05,14.44,14.58,14.31,14.52,26229999,19.3,19.49,19.13,19.41,19626700,2026-02-21T03:45:26Z
AMAT,2008-06-06,14.13,14.43,14.13,14.28,28969879,18.89,19.28,18.88,19.08,21676800,2026-02-21T03:45:26Z
AMAT,2008-06-09,14.16,14.31,13.77,14.22,30707725,18.93,19.13,18.4,19.01,22977100,2026-02-21T03:45:26Z
AMAT,2008-06-10,14.19,14.35,13.92,13.98,38891420,18.97,19.18,18.6,18.68,29100500,2026-02-21T03:45:26Z
AMAT,2008-06-11,14.01,14.28,13.98,14.1,51880368,18.73,19.09,18.68,18.85,38819700,2026-02-21T03:45:26Z
AMAT,2008-06-12,14.49,14.58,14.05,14.07,58591192,19.36,19.49,18.78,18.8,43840800,2026-02-21T03:45:26Z
AMAT,2008-06-13,15.03,15.04,14.55,14.6,49951028,20.09,20.1,19.45,19.51,37376000,2026-02-21T03:45:26Z
AMAT,2008-06-16,15.56,15.63,14.88,14.88,42832259,20.79,20.89,19.88,19.88,32049200,2026-02-21T03:45:26Z
AMAT,2008-06-17,15.3,15.47,15.23,15.47,37765216,20.45,20.68,20.35,20.68,28257800,2026-02-21T03:45:26Z
AMAT,2008-06-18,15.23,15.43,15.18,15.3,34993222,20.35,20.62,20.29,20.45,26183700,2026-02-21T03:45:26Z
AMAT,2008-06-19,15.34,15.51,14.98,15.17,29864337,20.5,20.73,20.02,20.27,22346100,2026-02-21T03:45:26Z
AMAT,2008-06-20,15.04,15.23,15,15.21,34002637,20.1,20.36,20.05,20.33,25442600,2026-02-21T03:45:26Z
AMAT,2008-06-23,14.78,15.23,14.78,15.2,33136244,19.75,20.35,19.75,20.32,24794300,2026-02-21T03:45:26Z
AMAT,2008-06-24,14.95,15.2,14.73,14.82,26745757,19.98,20.32,19.68,19.81,20012600,2026-02-21T03:45:26Z
AMAT,2008-06-25,15.42,15.64,15,15.04,31985426,20.61,20.9,20.05,20.1,23933200,2026-02-21T03:45:26Z
AMAT,2008-06-26,14.52,15.2,14.4,15.17,46852893,19.4,20.32,19.24,20.27,35057800,2026-02-21T03:45:26Z
AMAT,2008-06-27,14.43,14.7,14.22,14.55,29106066,19.29,19.65,19.01,19.44,21778700,2026-02-21T03:45:26Z
AMAT,2008-06-30,14.28,14.58,14.26,14.45,23297950,19.09,19.48,19.06,19.31,17432700,2026-02-21T03:45:26Z
AMAT,2008-07-01,14.43,14.5,14.14,14.22,35293455,19.28,19.38,18.9,19,26408400,2026-02-21T03:45:26Z
AMAT,2008-07-02,14.07,14.52,14,14.44,26600333,18.8,19.4,18.71,19.3,19903700,2026-02-21T03:45:26Z
AMAT,2008-07-03,13.99,14.18,13.78,14.13,18568627,18.7,18.95,18.41,18.88,13894000,2026-02-21T03:45:26Z
AMAT,2008-07-07,14.11,14.35,13.89,14.05,29823844,18.86,19.18,18.56,18.78,22315700,2026-02-21T03:45:26Z
AMAT,2008-07-08,14.1,14.31,13.86,14.1,29788158,18.84,19.12,18.52,18.85,22289100,2026-02-21T03:45:26Z
AMAT,2008-07-09,13.36,14.12,13.32,14.08,47541462,17.85,18.87,17.8,18.82,35573000,2026-02-21T03:45:26Z
AMAT,2008-07-10,13.72,13.82,13.39,13.43,41783106,18.34,18.47,17.89,17.95,31264200,2026-02-21T03:45:26Z
AMAT,2008-07-11,13.4,13.58,12.91,12.95,52081491,17.91,18.15,17.25,17.3,38970100,2026-02-21T03:45:26Z
AMAT,2008-07-14,13.3,13.74,13.16,13.63,24614238,17.77,18.36,17.59,18.21,18417600,2026-02-21T03:45:26Z
AMAT,2008-07-15,13.52,14.07,13.15,13.21,45500493,18.07,18.8,17.57,17.65,34045800,2026-02-21T03:45:26Z
AMAT,2008-07-16,13.71,13.76,13.33,13.47,24393344,18.32,18.39,17.81,18,18252400,2026-02-21T03:45:26Z
AMAT,2008-07-17,13.97,14.01,13.56,13.72,26571329,18.67,18.72,18.12,18.34,19882100,2026-02-21T03:45:26Z
AMAT,2008-07-18,13.68,14.04,13.59,13.95,31028289,18.28,18.76,18.16,18.64,23216900,2026-02-21T03:45:26Z
AMAT,2008-07-21,13.33,13.81,13.31,13.72,38236091,17.81,18.46,17.79,18.34,28610300,2026-02-21T03:45:26Z
AMAT,2008-07-22,13.01,13.19,12.86,13.15,60392093,17.39,17.63,17.18,17.58,45188500,2026-02-21T03:45:26Z
AMAT,2008-07-23,13.15,13.29,12.96,13.13,40882178,17.57,17.76,17.32,17.55,30590200,2026-02-21T03:45:26Z
AMAT,2008-07-24,12.69,13.02,12.59,12.97,38827990,16.96,17.4,16.82,17.33,29053000,2026-02-21T03:45:26Z
AMAT,2008-07-25,12.73,12.86,12.57,12.74,20267315,17.01,17.18,16.8,17.03,15165100,2026-02-21T03:45:26Z
AMAT,2008-07-28,12.5,12.73,12.46,12.65,21908143,16.7,17.01,16.65,16.9,16392800,2026-02-21T03:45:26Z
AMAT,2008-07-29,12.72,12.87,12.53,12.59,21479368,17,17.2,16.74,16.83,16072000,2026-02-21T03:45:26Z
AMAT,2008-07-30,12.88,13.15,12.73,12.81,28047136,17.21,17.58,17.01,17.12,20986300,2026-02-21T03:45:26Z
AMAT,2008-07-31,12.96,13.21,12.76,12.77,30938833,17.32,17.65,17.05,17.06,23150000,2026-02-21T03:45:26Z
AMAT,2008-08-01,13.12,13.21,12.77,12.91,25360016,17.53,17.65,17.07,17.25,18975600,2026-02-21T03:45:26Z
AMAT,2008-08-04,13.37,13.51,13.11,13.18,27539311,17.87,18.06,17.52,17.62,20606400,2026-02-21T03:45:26Z
AMAT,2008-08-05,13.52,13.59,13.39,13.48,21322651,18.07,18.16,17.9,18.02,15954700,2026-02-21T03:45:26Z
AMAT,2008-08-06,13.43,13.54,13.14,13.45,25328811,17.95,18.09,17.56,17.97,18952300,2026-02-21T03:45:26Z
AMAT,2008-08-07,13.83,13.92,13.22,13.34,34396023,18.48,18.6,17.67,17.83,25736900,2026-02-21T03:45:26Z
AMAT,2008-08-08,14.06,14.1,13.66,13.71,22703002,18.79,18.84,18.25,18.32,16987500,2026-02-21T03:45:26Z
AMAT,2008-08-11,13.86,14.15,13.79,14.07,32156877,18.52,18.91,18.43,18.8,24061400,2026-02-21T03:45:26Z
AMAT,2008-08-12,13.87,14.15,13.77,13.88,37431818,18.47,18.85,18.34,18.49,28099400,2026-02-21T03:45:26Z
AMAT,2008-08-13,14.51,14.71,14.15,14.19,51812556,19.33,19.6,18.85,18.9,38894800,2026-02-21T03:45:26Z
AMAT,2008-08-14,14.35,14.49,14.24,14.43,22223699,19.12,19.3,18.97,19.22,16683000,2026-02-21T03:45:26Z
AMAT,2008-08-15,14.49,14.63,14.35,14.44,23708911,19.3,19.49,19.12,19.24,17797900,2026-02-21T03:45:26Z
AMAT,2008-08-18,14.11,14.53,13.88,14.47,26354596,18.79,19.35,18.49,19.28,19783900,2026-02-21T03:45:26Z
AMAT,2008-08-19,13.84,14.07,13.78,13.96,22082937,18.43,18.74,18.36,18.6,16577300,2026-02-21T03:45:26Z
AMAT,2008-08-20,13.86,14.08,13.75,13.9,20900311,18.46,18.76,18.32,18.51,15689500,2026-02-21T03:45:26Z
AMAT,2008-08-21,13.78,13.88,13.63,13.74,14600612,18.36,18.49,18.15,18.3,10960400,2026-02-21T03:45:26Z
AMAT,2008-08-22,13.88,13.98,13.78,13.87,11839908,18.49,18.62,18.35,18.48,8888000,2026-02-21T03:45:26Z
AMAT,2008-08-25,13.6,13.8,13.57,13.78,15702073,18.12,18.38,18.08,18.36,11787300,2026-02-21T03:45:26Z
AMAT,2008-08-26,13.65,13.69,13.48,13.6,15520027,18.19,18.24,17.96,18.12,11650600,2026-02-21T03:45:26Z
AMAT,2008-08-27,13.75,14.04,13.64,13.66,15853702,18.31,18.7,18.17,18.19,11901100,2026-02-21T03:45:26Z
AMAT,2008-08-28,13.89,13.92,13.77,13.84,12796380,18.5,18.54,18.34,18.44,9606000,2026-02-21T03:45:26Z
AMAT,2008-08-29,13.45,14.03,13.35,13.99,26555627,17.92,18.69,17.78,18.63,19934800,2026-02-21T03:45:26Z
AMAT,2008-09-02,13.36,13.88,13.31,13.72,19220035,17.8,18.49,17.73,18.27,14428200,2026-02-21T03:45:26Z
AMAT,2008-09-03,12.84,13.31,12.83,13.3,26573373,17.11,17.73,17.09,17.71,19948200,2026-02-21T03:45:26Z
AMAT,2008-09-04,12.57,12.91,12.57,12.78,34425691,16.75,17.2,16.75,17.03,25842700,2026-02-21T03:45:26Z
AMAT,2008-09-05,12.88,12.94,12.49,12.52,29450961,17.16,17.24,16.64,16.68,22108300,2026-02-21T03:45:26Z
AMAT,2008-09-08,13.02,13.14,12.69,13.07,37921587,17.35,17.5,16.9,17.41,28467200,2026-02-21T03:45:26Z
AMAT,2008-09-09,12.69,13.1,12.61,13.08,31458276,16.9,17.45,16.8,17.42,23615300,2026-02-21T03:45:26Z
AMAT,2008-09-10,12.29,12.75,12.27,12.75,43574251,16.37,16.99,16.34,16.98,32710500,2026-02-21T03:45:26Z
AMAT,2008-09-11,12.48,12.48,12.03,12.18,36292008,16.62,16.63,16.02,16.23,27243900,2026-02-21T03:45:26Z
AMAT,2008-09-12,12.18,12.35,11.97,12.33,30577047,16.23,16.45,15.94,16.43,22953700,2026-02-21T03:45:26Z
AMAT,2008-09-15,12.27,12.51,11.92,11.94,37541823,16.34,16.66,15.88,15.9,28182100,2026-02-21T03:45:26Z
AMAT,2008-09-16,12.42,12.68,12.09,12.1,40844928,16.54,16.89,16.1,16.12,30661600,2026-02-21T03:45:26Z
AMAT,2008-09-17,11.79,12.64,11.79,12.21,48857870,15.7,16.84,15.7,16.27,36676700,2026-02-21T03:45:26Z
AMAT,2008-09-18,11.96,12.1,11.49,12,59218111,15.93,16.12,15.3,15.98,44454100,2026-02-21T03:45:26Z
AMAT,2008-09-19,11.94,12.33,10.81,12.27,553094,15.9,16.43,14.4,16.35,415200,2026-02-21T03:45:26Z
AMAT,2008-09-22,11.63,12.12,11.62,12,28109151,15.49,16.15,15.48,15.99,21101100,2026-02-21T03:45:26Z
AMAT,2008-09-23,11.68,11.97,11.64,11.72,28486393,15.56,15.95,15.5,15.61,21384200,2026-02-21T03:45:26Z
AMAT,2008-09-24,11.74,11.97,11.68,11.71,22857150,15.64,15.95,15.56,15.6,17158500,2026-02-21T03:45:26Z
AMAT,2008-09-25,12.03,12.12,11.7,11.81,26035582,16.02,16.15,15.59,15.73,19544400,2026-02-21T03:45:26Z
AMAT,2008-09-26,11.97,12.09,11.73,11.78,26299368,15.95,16.1,15.62,15.69,19742500,2026-02-21T03:45:26Z
AMAT,2008-09-29,10.98,11.92,10.98,11.78,36769956,14.63,15.88,14.63,15.69,27602600,2026-02-21T03:45:26Z
AMAT,2008-09-30,11.36,11.45,11.23,11.29,30058450,15.13,15.25,14.96,15.04,22564300,2026-02-21T03:45:26Z
AMAT,2008-10-01,11.23,11.37,11.09,11.26,25086393,14.96,15.15,14.77,15,18831900,2026-02-21T03:45:26Z
AMAT,2008-10-02,10.71,11.21,10.71,11.16,32703122,14.27,14.93,14.27,14.86,24549800,2026-02-21T03:45:26Z
AMAT,2008-10-03,10.65,11.21,10.57,10.83,35277581,14.19,14.93,14.08,14.42,26482300,2026-02-21T03:45:26Z
AMAT,2008-10-06,10.16,10.51,9.66,10.51,53429204,13.54,14,12.87,14,40108600,2026-02-21T03:45:26Z
AMAT,2008-10-07,9.27,10.36,9.27,10.25,55943535,12.35,13.8,12.35,13.66,41995700,2026-02-21T03:45:26Z
AMAT,2008-10-08,9.36,9.8,8.96,8.97,50182258,12.47,13.05,11.93,11.95,37670900,2026-02-21T03:45:26Z
AMAT,2008-10-09,9.61,9.83,9.51,9.62,51668376,12.8,13.1,12.67,12.81,38786400,2026-02-21T03:45:26Z
AMAT,2008-10-10,9.53,10.27,9.12,9.35,66696012,12.7,13.68,12.15,12.45,50067700,2026-02-21T03:45:26Z
AMAT,2008-10-13,10.05,10.08,9.6,9.98,33416189,13.39,13.43,12.79,13.29,25085100,2026-02-21T03:45:26Z
AMAT,2008-10-14,9.57,10.53,9.53,10.46,49997841,12.75,14.02,12.7,13.94,37532500,2026-02-21T03:45:26Z
AMAT,2008-10-15,8.64,9.57,8.63,9.46,50033413,11.51,12.75,11.5,12.6,37559400,2026-02-21T03:45:26Z
AMAT,2008-10-16,9.41,9.41,8.34,8.73,46250206,12.53,12.53,11.11,11.63,34719400,2026-02-21T03:45:26Z
AMAT,2008-10-17,9,9.82,8.96,9.29,39766272,11.99,13.08,11.94,12.38,29851900,2026-02-21T03:45:26Z
AMAT,2008-10-20,9.58,9.85,9.31,9.35,43436644,12.76,13.12,12.4,12.46,32607100,2026-02-21T03:45:26Z
AMAT,2008-10-21,9.17,9.42,9.15,9.38,29845712,12.22,12.55,12.19,12.5,22404800,2026-02-21T03:45:26Z
AMAT,2008-10-22,8.74,9.32,8.65,9.02,33683402,11.64,12.42,11.53,12.02,25285700,2026-02-21T03:45:26Z
AMAT,2008-10-23,8.53,8.81,8.21,8.72,40522235,11.36,11.74,10.94,11.61,30419500,2026-02-21T03:45:26Z
AMAT,2008-10-24,8.56,8.81,7.9,7.9,35373060,11.4,11.74,10.52,10.52,26554000,2026-02-21T03:45:26Z
AMAT,2008-10-27,8.48,8.95,8.2,8.38,27787419,11.3,11.92,10.92,11.16,20859500,2026-02-21T03:45:26Z
AMAT,2008-10-28,9.34,9.35,8.4,8.78,34988389,12.44,12.46,11.19,11.69,26265200,2026-02-21T03:45:26Z
AMAT,2008-10-29,8.99,9.3,8.9,9.27,28721785,11.98,12.39,11.85,12.35,21561000,2026-02-21T03:45:26Z
AMAT,2008-10-30,9.07,9.43,8.96,9.32,32694045,12.08,12.56,11.94,12.41,24543000,2026-02-21T03:45:26Z
AMAT,2008-10-31,9.69,9.89,8.96,8.99,36894998,12.91,13.18,11.93,11.97,27696400,2026-02-21T03:45:26Z
AMAT,2008-11-03,9.73,9.94,9.59,9.76,18142987,12.96,13.24,12.78,13,13619700,2026-02-21T03:45:26Z
AMAT,2008-11-04,9.99,10.16,9.68,10.06,25536054,13.31,13.53,12.9,13.4,19169500,2026-02-21T03:45:26Z
AMAT,2008-11-05,9.35,9.91,9.33,9.85,22009314,12.46,13.2,12.43,13.12,16522000,2026-02-21T03:45:26Z
AMAT,2008-11-06,8.17,9.17,8.14,9.17,41209195,10.89,12.22,10.84,12.22,30934900,2026-02-21T03:45:26Z
AMAT,2008-11-07,8.48,8.5,8.18,8.35,23166417,11.3,11.32,10.9,11.12,17390600,2026-02-21T03:45:26Z
AMAT,2008-11-10,8.08,8.63,8.01,8.62,26478521,10.71,11.44,10.61,11.42,19983000,2026-02-21T03:45:26Z
AMAT,2008-11-11,8.04,8.13,7.71,7.96,23210306,10.65,10.77,10.22,10.55,17516700,2026-02-21T03:45:26Z
AMAT,2008-11-12,7.51,8.12,7.51,7.9,34722042,9.95,10.76,9.95,10.47,26204500,2026-02-21T03:45:26Z
AMAT,2008-11-13,8.58,8.58,7.48,7.54,46382889,11.37,11.37,9.91,9.99,35004600,2026-02-21T03:45:26Z
AMAT,2008-11-14,7.72,8.2,7.62,8.11,26100974,10.23,10.86,10.09,10.75,19698200,2026-02-21T03:45:26Z
AMAT,2008-11-17,7.55,7.8,7.52,7.65,23275782,10,10.33,9.96,10.13,17566000,2026-02-21T03:45:26Z
AMAT,2008-11-18,7.17,7.62,6.91,7.59,35418955,9.5,10.09,9.15,10.06,26730500,2026-02-21T03:45:26Z
AMAT,2008-11-19,6.35,7.15,6.35,7.12,37529391,8.42,9.48,8.41,9.43,28323100,2026-02-21T03:45:26Z
AMAT,2008-11-20,6.14,6.68,6.13,6.34,45428285,8.14,8.85,8.12,8.4,34284400,2026-02-21T03:45:26Z
AMAT,2008-11-21,6.3,6.38,5.89,6.23,40210438,8.35,8.45,7.8,8.26,30346600,2026-02-21T03:45:26Z
AMAT,2008-11-24,6.67,6.67,6.35,6.45,35386633,8.84,8.84,8.42,8.54,26706100,2026-02-21T03:45:26Z
AMAT,2008-11-25,6.57,6.85,6.43,6.79,26125494,8.71,9.08,8.52,9,19716800,2026-02-21T03:45:26Z
AMAT,2008-11-26,7.34,7.35,6.42,6.42,35412980,9.73,9.74,8.5,8.51,26725700,2026-02-21T03:45:26Z
AMAT,2008-11-28,7.23,7.36,7.06,7.31,11361003,9.58,9.75,9.36,9.68,8574000,2026-02-21T03:45:26Z
AMAT,2008-12-01,6.7,7.06,6.66,7.06,26702012,8.88,9.36,8.83,9.35,20151900,2026-02-21T03:45:26Z
AMAT,2008-12-02,6.78,6.9,6.5,6.8,25516695,8.99,9.14,8.61,9.01,19257300,2026-02-21T03:45:26Z
AMAT,2008-12-03,7.03,7.08,6.47,6.6,23563993,9.31,9.38,8.57,8.75,17783600,2026-02-21T03:45:26Z
AMAT,2008-12-04,7.18,7.59,7.01,7.09,41003964,9.52,10.05,9.29,9.4,30945500,2026-02-21T03:45:26Z
AMAT,2008-12-05,7.55,7.55,6.89,7.14,32133591,10,10.01,9.13,9.46,24250900,2026-02-21T03:45:26Z
AMAT,2008-12-08,7.55,7.63,7.36,7.6,29108170,10.01,10.11,9.75,10.07,21967800,2026-02-21T03:45:26Z
AMAT,2008-12-09,7.78,8.17,7.26,7.43,30264301,10.31,10.83,9.62,9.85,22840300,2026-02-21T03:45:26Z
AMAT,2008-12-10,7.81,8.15,7.71,7.8,22872427,10.35,10.8,10.21,10.33,17261500,2026-02-21T03:45:26Z
AMAT,2008-12-11,7.59,8.02,7.55,7.74,22601544,10.06,10.63,10,10.26,17057200,2026-02-21T03:45:26Z
AMAT,2008-12-12,7.89,7.92,7.4,7.4,22759441,10.45,10.49,9.8,9.8,17176300,2026-02-21T03:45:26Z
AMAT,2008-12-15,7.69,7.98,7.53,7.89,25148309,10.19,10.57,9.98,10.45,18979200,2026-02-21T03:45:26Z
AMAT,2008-12-16,8.11,8.12,7.74,7.79,37339254,10.75,10.76,10.26,10.32,28179500,2026-02-21T03:45:26Z
AMAT,2008-12-17,8.05,8.19,7.79,8.02,24438906,10.67,10.85,10.32,10.63,18443700,2026-02-21T03:45:26Z
AMAT,2008-12-18,7.62,8.1,7.54,8.05,19006402,10.1,10.73,9.99,10.66,14344000,2026-02-21T03:45:26Z
AMAT,2008-12-19,7.65,7.93,7.59,7.67,26313221,10.13,10.51,10.05,10.16,19858300,2026-02-21T03:45:26Z
AMAT,2008-12-22,7.66,7.68,7.49,7.55,18015086,10.15,10.18,9.93,10.01,13595800,2026-02-21T03:45:26Z
AMAT,2008-12-23,7.34,7.73,7.28,7.73,15658056,9.72,10.24,9.65,10.24,11817000,2026-02-21T03:45:26Z
AMAT,2008-12-24,7.42,7.46,7.31,7.37,4332376,9.83,9.88,9.69,9.77,3269600,2026-02-21T03:45:26Z
AMAT,2008-12-26,7.31,7.45,7.19,7.4,7901463,9.69,9.87,9.52,9.8,5963200,2026-02-21T03:45:26Z
AMAT,2008-12-29,7.4,7.4,7.23,7.32,13129695,9.8,9.81,9.58,9.7,9908900,2026-02-21T03:45:26Z
AMAT,2008-12-30,7.66,7.74,7.36,7.4,11832412,10.15,10.25,9.75,9.8,8929800,2026-02-21T03:45:26Z
AMAT,2008-12-31,7.65,7.85,7.59,7.67,12549275,10.13,10.4,10.05,10.16,9470800,2026-02-21T03:45:26Z
AMAT,2009-01-02,8.05,8.09,7.55,7.64,13350187,10.67,10.72,10.01,10.12,10075200,2026-02-21T03:45:26Z
AMAT,2009-01-05,8.05,8.15,7.83,7.88,21528688,10.67,10.8,10.37,10.44,16247400,2026-02-21T03:45:26Z
AMAT,2009-01-06,8.74,8.84,8.11,8.18,35328058,11.58,11.71,10.74,10.84,26661700,2026-02-21T03:45:26Z
AMAT,2009-01-07,8,8.54,7.9,8.43,33950292,10.6,11.31,10.47,11.17,25621900,2026-02-21T03:45:26Z
AMAT,2009-01-08,8.11,8.12,7.75,7.9,29255879,10.74,10.76,10.27,10.47,22079200,2026-02-21T03:45:26Z
AMAT,2009-01-09,7.83,8.16,7.8,8.14,23296426,10.37,10.81,10.33,10.78,17581500,2026-02-21T03:45:26Z
AMAT,2009-01-12,7.55,7.88,7.48,7.85,26688176,10,10.44,9.91,10.4,20141300,2026-02-21T03:45:26Z
AMAT,2009-01-13,7.69,8.02,7.36,7.41,29699310,10.19,10.63,9.75,9.82,22413800,2026-02-21T03:45:26Z
AMAT,2009-01-14,7.34,7.58,7.23,7.49,20436696,9.73,10.04,9.58,9.92,15423300,2026-02-21T03:45:26Z
AMAT,2009-01-15,7.32,7.43,7.01,7.37,26721807,9.7,9.84,9.29,9.76,20166700,2026-02-21T03:45:26Z
AMAT,2009-01-16,7.68,7.78,7.25,7.68,33104743,10.18,10.31,9.61,10.18,24984000,2026-02-21T03:45:26Z
AMAT,2009-01-20,7.09,7.66,7.09,7.57,22891737,9.4,10.15,9.4,10.03,17276200,2026-02-21T03:45:26Z
AMAT,2009-01-21,7.11,7.25,6.79,7.25,34075219,9.42,9.61,9,9.61,25716300,2026-02-21T03:45:26Z
AMAT,2009-01-22,6.91,7.1,6.68,6.81,26861941,9.15,9.41,8.85,9.02,20272400,2026-02-21T03:45:26Z
AMAT,2009-01-23,7.33,7.46,6.75,6.78,26014399,9.71,9.89,8.94,8.98,19632700,2026-02-21T03:45:26Z
AMAT,2009-01-26,7.42,7.62,7.18,7.26,23397030,9.83,10.09,9.51,9.62,17657500,2026-02-21T03:45:26Z
AMAT,2009-01-27,7.61,7.76,7.44,7.49,24266839,10.08,10.28,9.86,9.93,18314000,2026-02-21T03:45:26Z
AMAT,2009-01-28,7.83,7.9,7.67,7.72,20765034,10.38,10.47,10.16,10.23,15671200,2026-02-21T03:45:26Z
AMAT,2009-01-29,7.25,7.7,7.15,7.64,30172491,9.6,10.2,9.47,10.12,22770800,2026-02-21T03:45:26Z
AMAT,2009-01-30,7.07,7.45,7.03,7.31,28161543,9.37,9.87,9.31,9.69,21253400,2026-02-21T03:45:26Z
AMAT,2009-02-02,7.1,7.19,6.85,6.98,32279893,9.41,9.52,9.07,9.25,24361200,2026-02-21T03:45:26Z
AMAT,2009-02-03,7.23,7.24,6.89,7.06,28118417,9.58,9.59,9.13,9.35,21220600,2026-02-21T03:45:26Z
AMAT,2009-02-04,7.42,7.72,7.14,7.22,31023211,9.83,10.23,9.46,9.56,23412900,2026-02-21T03:45:26Z
AMAT,2009-02-05,7.72,7.77,7.29,7.29,30174425,10.23,10.3,9.66,9.66,22772400,2026-02-21T03:45:26Z
AMAT,2009-02-06,7.89,7.93,7.65,7.72,22758514,10.45,10.51,10.14,10.23,17175600,2026-02-21T03:45:26Z
AMAT,2009-02-09,7.7,7.97,7.64,7.89,35839924,10.2,10.56,10.12,10.46,27047900,2026-02-21T03:45:26Z
AMAT,2009-02-10,7.36,7.91,7.35,7.63,47362865,9.69,10.42,9.68,10.05,35955700,2026-02-21T03:45:26Z
AMAT,2009-02-11,7.42,7.63,7.18,7.19,34350963,9.77,10.05,9.46,9.47,26077900,2026-02-21T03:45:26Z
AMAT,2009-02-12,7.15,7.36,6.89,7.29,51896739,9.42,9.69,9.07,9.6,39398000,2026-02-21T03:45:26Z
AMAT,2009-02-13,7.22,7.28,7.03,7.14,37565528,9.51,9.59,9.26,9.4,28518200,2026-02-21T03:45:26Z
AMAT,2009-02-17,6.54,6.95,6.51,6.92,36666034,8.61,9.15,8.58,9.11,27835100,2026-02-21T03:45:26Z
AMAT,2009-02-18,6.52,6.79,6.39,6.56,30635761,8.59,8.94,8.41,8.64,23257500,2026-02-21T03:45:26Z
AMAT,2009-02-19,6.33,6.66,6.26,6.64,40109691,8.34,8.77,8.25,8.74,30449700,2026-02-21T03:45:26Z
AMAT,2009-02-20,6.65,6.78,6.22,6.3,44401591,8.76,8.93,8.19,8.3,33707700,2026-02-21T03:45:26Z
AMAT,2009-02-23,6.35,6.77,6.32,6.68,31759526,8.37,8.92,8.33,8.8,24110300,2026-02-21T03:45:26Z
AMAT,2009-02-24,6.64,6.67,6.39,6.45,29684383,8.74,8.78,8.41,8.5,22535000,2026-02-21T03:45:26Z
AMAT,2009-02-25,7.17,7.43,6.48,6.56,60908634,9.45,9.79,8.54,8.64,46239000,2026-02-21T03:45:26Z
AMAT,2009-02-26,7.47,7.58,7.1,7.18,71306509,9.84,9.99,9.35,9.46,54132800,2026-02-21T03:45:26Z
AMAT,2009-02-27,6.99,7.52,6.99,7.25,51811551,9.21,9.9,9.21,9.55,39332900,2026-02-21T03:45:26Z
AMAT,2009-03-02,6.72,7.06,6.67,6.88,36979260,8.85,9.3,8.78,9.06,28072900,2026-02-21T03:45:26Z
AMAT,2009-03-03,6.72,6.89,6.61,6.83,28865609,8.85,9.07,8.7,8.99,21913400,2026-02-21T03:45:26Z
AMAT,2009-03-04,7.06,7.17,6.75,6.76,28597217,9.3,9.44,8.89,8.9,21709900,2026-02-21T03:45:26Z
AMAT,2009-03-05,6.86,7.13,6.84,6.89,30867169,9.04,9.39,9.01,9.08,23433100,2026-02-21T03:45:26Z
AMAT,2009-03-06,6.6,7.05,6.42,6.9,56826683,8.7,9.29,8.45,9.09,43140600,2026-02-21T03:45:26Z
AMAT,2009-03-09,6.51,6.89,6.42,6.44,25548868,8.58,9.07,8.46,8.48,19395700,2026-02-21T03:45:26Z
AMAT,2009-03-10,7,7.02,6.51,6.68,32667283,9.22,9.25,8.57,8.8,24799500,2026-02-21T03:45:26Z
AMAT,2009-03-11,7.29,7.34,6.97,6.98,29459023,9.6,9.67,9.18,9.19,22364000,2026-02-21T03:45:26Z
AMAT,2009-03-12,7.7,7.73,7.17,7.2,32678441,10.14,10.18,9.44,9.48,24807900,2026-02-21T03:45:26Z
AMAT,2009-03-13,8.04,8.06,7.6,7.7,42527156,10.59,10.61,10.01,10.14,32284900,2026-02-21T03:45:26Z
AMAT,2009-03-16,7.92,8.2,7.86,8.11,47148393,10.43,10.8,10.35,10.68,35793000,2026-02-21T03:45:26Z
AMAT,2009-03-17,8.12,8.12,7.76,7.94,33617202,10.7,10.7,10.22,10.46,25520800,2026-02-21T03:45:26Z
AMAT,2009-03-18,8.24,8.28,7.93,7.99,34634956,10.85,10.9,10.45,10.53,26293200,2026-02-21T03:45:26Z
AMAT,2009-03-19,8.12,8.34,8.01,8.34,24998192,10.7,10.99,10.55,10.98,18977600,2026-02-21T03:45:26Z
AMAT,2009-03-20,7.75,8.32,7.65,8.24,31164144,10.21,10.96,10.08,10.86,23658500,2026-02-21T03:45:26Z
AMAT,2009-03-23,8.4,8.4,7.93,7.95,30518239,11.06,11.07,10.44,10.47,23168200,2026-02-21T03:45:26Z
AMAT,2009-03-24,8.04,8.28,8.01,8.21,21656711,10.59,10.9,10.55,10.81,16440900,2026-02-21T03:45:26Z
AMAT,2009-03-25,8.34,8.48,8.06,8.09,39513867,10.99,11.17,10.61,10.65,29997100,2026-02-21T03:45:26Z
AMAT,2009-03-26,8.82,8.87,8.28,8.4,39875304,11.62,11.69,10.9,11.06,30271600,2026-02-21T03:45:26Z
AMAT,2009-03-27,8.53,8.73,8.5,8.71,24580649,11.23,11.5,11.2,11.47,18660500,2026-02-21T03:45:26Z
AMAT,2009-03-30,8.09,8.36,7.95,8.28,24850895,10.66,11.01,10.47,10.91,18865700,2026-02-21T03:45:26Z
AMAT,2009-03-31,8.16,8.29,8.03,8.19,23150916,10.75,10.92,10.58,10.79,17575100,2026-02-21T03:45:26Z
AMAT,2009-04-01,8.17,8.22,7.93,8.01,22782325,10.76,10.83,10.45,10.55,17295300,2026-02-21T03:45:26Z
AMAT,2009-04-02,8.68,8.81,8.34,8.39,26243750,11.44,11.6,10.98,11.05,19923000,2026-02-21T03:45:26Z
AMAT,2009-04-03,8.97,8.97,8.65,8.73,28636116,11.81,11.82,11.39,11.5,21739200,2026-02-21T03:45:26Z
AMAT,2009-04-06,8.78,8.93,8.54,8.88,23701702,11.56,11.76,11.25,11.7,17993200,2026-02-21T03:45:26Z
AMAT,2009-04-07,8.01,8.5,7.9,8.42,34932460,10.55,11.2,10.4,11.09,26519200,2026-02-21T03:45:26Z
AMAT,2009-04-08,8.16,8.22,7.96,7.99,21674667,10.75,10.83,10.48,10.53,16454400,2026-02-21T03:45:26Z
AMAT,2009-04-09,8.69,8.71,8.28,8.31,22207254,11.45,11.47,10.9,10.95,16858700,2026-02-21T03:45:26Z
AMAT,2009-04-13,8.74,8.83,8.51,8.7,20840874,11.51,11.63,11.21,11.46,15821500,2026-02-21T03:45:26Z
AMAT,2009-04-14,8.93,9.03,8.53,8.69,36279925,11.76,11.89,11.23,11.44,27542200,2026-02-21T03:45:26Z
AMAT,2009-04-15,8.68,8.76,8.46,8.69,23494779,11.43,11.54,11.14,11.45,17836300,2026-02-21T03:45:26Z
AMAT,2009-04-16,8.98,9,8.59,8.91,19148140,11.83,11.85,11.32,11.74,14536400,2026-02-21T03:45:26Z
AMAT,2009-04-17,9.05,9.1,8.72,9,25858435,11.92,11.99,11.48,11.85,19630500,2026-02-21T03:45:26Z
AMAT,2009-04-20,8.45,8.92,8.39,8.86,27860830,11.13,11.75,11.05,11.67,21150700,2026-02-21T03:45:26Z
AMAT,2009-04-21,8.54,8.72,8.31,8.49,27068630,11.25,11.49,10.95,11.19,20549300,2026-02-21T03:45:26Z
AMAT,2009-04-22,8.81,9.06,8.39,8.51,28782756,11.61,11.94,11.05,11.21,21850600,2026-02-21T03:45:26Z
AMAT,2009-04-23,8.69,8.88,8.35,8.88,27448096,11.45,11.7,11,11.7,20837300,2026-02-21T03:45:26Z
AMAT,2009-04-24,8.88,8.94,8.49,8.72,22883108,11.7,11.77,11.18,11.48,17371800,2026-02-21T03:45:26Z
AMAT,2009-04-27,8.8,9.04,8.69,8.81,20323136,11.59,11.91,11.44,11.6,15428400,2026-02-21T03:45:26Z
AMAT,2009-04-28,8.66,8.87,8.53,8.74,17517024,11.41,11.68,11.24,11.52,13298200,2026-02-21T03:45:26Z
AMAT,2009-04-29,8.8,9,8.58,8.69,20456312,11.59,11.85,11.3,11.44,15529500,2026-02-21T03:45:26Z
AMAT,2009-04-30,9.27,9.41,8.84,8.96,30099196,12.21,12.4,11.65,11.8,22850000,2026-02-21T03:45:26Z
AMAT,2009-05-01,9.25,9.47,9.03,9.46,18145058,12.18,12.48,11.89,12.46,13774900,2026-02-21T03:45:26Z
AMAT,2009-05-04,9.69,9.78,9.29,9.34,22996268,12.76,12.88,12.24,12.3,17457700,2026-02-21T03:45:26Z
AMAT,2009-05-05,9.41,9.78,9.23,9.68,25966192,12.39,12.88,12.16,12.75,19712300,2026-02-21T03:45:26Z
AMAT,2009-05-06,9.63,9.71,9.32,9.56,24384971,12.68,12.79,12.28,12.59,18512000,2026-02-21T03:45:26Z
AMAT,2009-05-07,9,9.73,8.84,9.72,35615732,11.85,12.81,11.64,12.8,27037900,2026-02-21T03:45:26Z
AMAT,2009-05-08,9.03,9.19,8.66,9.19,27021747,11.89,12.1,11.41,12.1,20513800,2026-02-21T03:45:26Z
AMAT,2009-05-11,8.94,9.17,8.72,8.92,26698865,11.78,12.08,11.48,11.75,20268700,2026-02-21T03:45:26Z
AMAT,2009-05-12,8.76,9.1,8.51,9.1,36337278,11.48,11.93,11.15,11.93,27726800,2026-02-21T03:45:26Z
AMAT,2009-05-13,8.39,8.68,8.21,8.5,41264200,10.99,11.37,10.76,11.14,31486200,2026-02-21T03:45:26Z
AMAT,2009-05-14,8.44,8.68,8.36,8.44,28198133,11.06,11.38,10.95,11.06,21516500,2026-02-21T03:45:26Z
AMAT,2009-05-15,8.17,8.48,8.09,8.43,30893242,10.71,11.11,10.6,11.05,23572900,2026-02-21T03:45:26Z
AMAT,2009-05-18,8.49,8.51,8.26,8.26,21633871,11.12,11.15,10.82,10.82,16507500,2026-02-21T03:45:26Z
AMAT,2009-05-19,8.49,8.63,8.39,8.55,18951942,11.13,11.31,10.99,11.2,14461200,2026-02-21T03:45:26Z
AMAT,2009-05-20,8.37,8.74,8.33,8.51,27478734,10.97,11.46,10.92,11.15,20967500,2026-02-21T03:45:26Z
AMAT,2009-05-21,8.12,8.42,8.01,8.29,23765174,10.64,11.03,10.5,10.87,18133900,2026-02-21T03:45:26Z
AMAT,2009-05-22,8.14,8.28,7.99,8.13,16341873,10.67,10.85,10.47,10.65,12469600,2026-02-21T03:45:26Z
AMAT,2009-05-26,8.34,8.5,7.99,8.02,29467135,10.93,11.14,10.47,10.51,22484800,2026-02-21T03:45:26Z
AMAT,2009-05-27,8.45,8.7,8.16,8.26,36920796,11.08,11.4,10.7,10.82,28172100,2026-02-21T03:45:26Z
AMAT,2009-05-28,8.62,8.68,8.36,8.52,26879960,11.3,11.37,10.96,11.16,20510600,2026-02-21T03:45:26Z
AMAT,2009-05-29,8.59,8.7,8.34,8.66,29132313,11.26,11.4,10.93,11.35,22229300,2026-02-21T03:45:26Z
AMAT,2009-06-01,9.2,9.23,8.7,8.83,29051832,12.06,12.1,11.4,11.57,22167800,2026-02-21T03:45:26Z
AMAT,2009-06-02,8.86,9.07,8.78,9.06,26123777,11.61,11.88,11.5,11.87,19933500,2026-02-21T03:45:26Z
AMAT,2009-06-03,8.68,8.74,8.49,8.59,22884370,11.38,11.45,11.13,11.26,17461700,2026-02-21T03:45:26Z
AMAT,2009-06-04,8.81,8.92,8.69,8.71,21842715,11.54,11.69,11.39,11.42,16666900,2026-02-21T03:45:26Z
AMAT,2009-06-05,8.38,8.7,8.28,8.61,31561700,10.98,11.4,10.85,11.28,24082900,2026-02-21T03:45:26Z
AMAT,2009-06-08,8.29,8.44,8.2,8.36,27256545,10.86,11.06,10.75,10.95,20797800,2026-02-21T03:45:26Z
AMAT,2009-06-09,8.42,8.52,8.28,8.39,42097710,11.03,11.16,10.85,10.99,32122500,2026-02-21T03:45:26Z
AMAT,2009-06-10,8.33,8.52,8.16,8.52,28825606,10.92,11.17,10.7,11.16,21995100,2026-02-21T03:45:26Z
AMAT,2009-06-11,8.51,8.55,8.3,8.38,29582836,11.15,11.2,10.88,10.98,22572900,2026-02-21T03:45:26Z
AMAT,2009-06-12,8.57,8.58,8.37,8.54,22293559,11.23,11.24,10.97,11.19,17011000,2026-02-21T03:45:26Z
AMAT,2009-06-15,8.47,8.55,8.28,8.45,24659882,11.1,11.2,10.85,11.07,18816600,2026-02-21T03:45:26Z
AMAT,2009-06-16,8.32,8.56,8.29,8.53,23403311,10.9,11.22,10.86,11.18,17857800,2026-02-21T03:45:26Z
AMAT,2009-06-17,8.35,8.47,8.1,8.32,31050113,10.94,11.1,10.62,10.91,23692600,2026-02-21T03:45:26Z
AMAT,2009-06-18,8.27,8.42,8.25,8.39,17130591,10.84,11.04,10.81,10.99,13071400,2026-02-21T03:45:26Z
AMAT,2009-06-19,8.38,8.45,8.25,8.37,22824959,10.98,11.07,10.81,10.97,17416400,2026-02-21T03:45:26Z
AMAT,2009-06-22,8.01,8.39,8.01,8.32,23912829,10.5,11,10.5,10.9,18246400,2026-02-21T03:45:26Z
AMAT,2009-06-23,8.1,8.16,7.87,7.98,23640174,10.61,10.7,10.31,10.46,18038500,2026-02-21T03:45:26Z
AMAT,2009-06-24,8.24,8.38,8.14,8.15,20046621,10.8,10.98,10.67,10.68,15296500,2026-02-21T03:45:26Z
AMAT,2009-06-25,8.37,8.38,8.11,8.13,16460243,10.97,10.98,10.63,10.65,12559900,2026-02-21T03:45:26Z
AMAT,2009-06-26,8.32,8.53,8.3,8.34,49500483,10.91,11.18,10.88,10.93,37771000,2026-02-21T03:45:26Z
AMAT,2009-06-29,8.43,8.5,8.26,8.32,16520220,11.05,11.14,10.83,10.91,12605600,2026-02-21T03:45:26Z
AMAT,2009-06-30,8.4,8.57,8.26,8.42,21909128,11.01,11.23,10.82,11.04,16717600,2026-02-21T03:45:26Z
AMAT,2009-07-01,8.49,8.68,8.39,8.43,24643213,11.13,11.38,11,11.05,18803900,2026-02-21T03:45:26Z
AMAT,2009-07-02,8.49,8.63,8.34,8.36,38315000,11.13,11.31,10.93,10.95,29236100,2026-02-21T03:45:26Z
AMAT,2009-07-06,8.58,8.71,8.29,8.45,35400372,11.25,11.41,10.86,11.07,27011900,2026-02-21T03:45:26Z
AMAT,2009-07-07,8.34,8.75,8.32,8.58,28755253,10.93,11.47,10.9,11.25,21941600,2026-02-21T03:45:26Z
AMAT,2009-07-08,8.18,8.35,8.04,8.32,24222287,10.72,10.94,10.54,10.9,18482600,2026-02-21T03:45:26Z
AMAT,2009-07-09,8.36,8.42,8.23,8.26,26696465,10.95,11.03,10.79,10.83,20370500,2026-02-21T03:45:26Z
AMAT,2009-07-10,8.39,8.49,8.23,8.32,21908392,11,11.12,10.79,10.91,16717100,2026-02-21T03:45:26Z
AMAT,2009-07-13,8.71,8.73,8.26,8.42,31933382,11.42,11.44,10.82,11.04,24366400,2026-02-21T03:45:26Z
AMAT,2009-07-14,8.88,8.92,8.71,8.73,26218113,11.64,11.69,11.42,11.44,20005500,2026-02-21T03:45:26Z
AMAT,2009-07-15,9.39,9.42,9.03,9.06,57646571,12.31,12.34,11.83,11.87,43987000,2026-02-21T03:45:26Z
AMAT,2009-07-16,9.72,9.74,9.24,9.29,37992228,12.74,12.76,12.11,12.17,28989800,2026-02-21T03:45:26Z
AMAT,2009-07-17,9.67,9.73,9.38,9.71,29844049,12.67,12.75,12.29,12.73,22772400,2026-02-21T03:45:26Z
AMAT,2009-07-20,9.76,9.81,9.57,9.72,21324528,12.79,12.86,12.54,12.74,16271500,2026-02-21T03:45:26Z
AMAT,2009-07-21,9.79,9.8,9.42,9.77,32995790,12.83,12.84,12.34,12.8,25177100,2026-02-21T03:45:26Z
AMAT,2009-07-22,10.11,10.19,9.65,9.74,29752248,13.25,13.35,12.65,12.76,22702200,2026-02-21T03:45:26Z
AMAT,2009-07-23,10.29,10.31,9.96,10.13,30681252,13.49,13.51,13.05,13.27,23411000,2026-02-21T03:45:26Z
AMAT,2009-07-24,10.06,10.12,9.85,10.08,28404401,13.19,13.26,12.91,13.21,21673700,2026-02-21T03:45:26Z
AMAT,2009-07-27,10.16,10.16,9.87,10.03,22750229,13.31,13.32,12.93,13.15,17359400,2026-02-21T03:45:26Z
AMAT,2009-07-28,10.21,10.32,10,10.07,20254982,13.38,13.52,13.1,13.19,15455400,2026-02-21T03:45:26Z
AMAT,2009-07-29,10.39,10.46,10.08,10.11,27953378,13.61,13.71,13.21,13.25,21329600,2026-02-21T03:45:26Z
AMAT,2009-07-30,10.4,10.83,10.35,10.55,31904156,13.63,14.19,13.56,13.83,24344300,2026-02-21T03:45:26Z
AMAT,2009-07-31,10.53,10.73,10.4,10.41,28459846,13.8,14.06,13.63,13.64,21716100,2026-02-21T03:45:26Z
AMAT,2009-08-03,10.69,10.78,10.53,10.66,20247413,14.01,14.13,13.8,13.97,15449600,2026-02-21T03:45:26Z
AMAT,2009-08-04,10.64,10.69,10.48,10.58,17448065,13.94,14.01,13.73,13.86,13313600,2026-02-21T03:45:26Z
AMAT,2009-08-05,10.48,10.71,10.4,10.61,16124749,13.73,14.03,13.63,13.91,12303900,2026-02-21T03:45:26Z
AMAT,2009-08-06,10.23,10.6,10.2,10.53,24897825,13.41,13.89,13.37,13.8,18998100,2026-02-21T03:45:26Z
AMAT,2009-08-07,10.32,10.52,10.23,10.48,21920476,13.52,13.78,13.4,13.73,16726200,2026-02-21T03:45:26Z
AMAT,2009-08-10,10.32,10.42,10.16,10.35,23439374,13.53,13.66,13.31,13.57,17885300,2026-02-21T03:45:26Z
AMAT,2009-08-11,10.13,10.38,10.09,10.36,36991968,13.22,13.54,13.16,13.52,28352300,2026-02-21T03:45:26Z
AMAT,2009-08-12,10.47,10.65,10.25,10.29,48164103,13.66,13.9,13.37,13.42,36915000,2026-02-21T03:45:26Z
AMAT,2009-08-13,10.71,10.72,10.39,10.57,30362229,13.97,13.98,13.55,13.79,23270900,2026-02-21T03:45:26Z
AMAT,2009-08-14,10.39,10.72,10.27,10.72,31575351,13.55,13.98,13.4,13.98,24200700,2026-02-21T03:45:26Z
AMAT,2009-08-17,10.06,10.24,9.97,10.21,24441555,13.12,13.36,13.01,13.32,18733000,2026-02-21T03:45:26Z
AMAT,2009-08-18,10.25,10.27,10.09,10.11,19719879,13.37,13.4,13.17,13.19,15114100,2026-02-21T03:45:26Z
AMAT,2009-08-19,10.19,10.26,10.06,10.09,25668034,13.3,13.39,13.13,13.17,19673100,2026-02-21T03:45:26Z
AMAT,2009-08-20,10.32,10.35,10.16,10.2,14305204,13.46,13.5,13.26,13.31,10964100,2026-02-21T03:45:26Z
AMAT,2009-08-21,10.53,10.54,10.21,10.41,20852876,13.74,13.75,13.32,13.58,15982500,2026-02-21T03:45:26Z
AMAT,2009-08-24,10.33,10.72,10.28,10.55,28315096,13.48,13.98,13.41,13.76,21701800,2026-02-21T03:45:26Z
AMAT,2009-08-25,10.16,10.43,10.11,10.36,28397590,13.25,13.61,13.19,13.51,21765200,2026-02-21T03:45:26Z
AMAT,2009-08-26,10.21,10.29,10.09,10.14,30987626,13.32,13.43,13.16,13.23,23750200,2026-02-21T03:45:26Z
AMAT,2009-08-27,10.19,10.23,10.06,10.16,29132318,13.29,13.35,13.12,13.26,22328200,2026-02-21T03:45:26Z
AMAT,2009-08-28,10.17,10.48,10.06,10.42,30884616,13.27,13.67,13.13,13.59,23671300,2026-02-21T03:45:26Z
AMAT,2009-08-31,10.1,10.16,9.99,10.07,18312943,13.18,13.26,13.03,13.14,14035800,2026-02-21T03:45:26Z
AMAT,2009-09-01,9.91,10.32,9.87,10.04,30623045,12.93,13.46,12.88,13.1,23470800,2026-02-21T03:45:26Z
AMAT,2009-09-02,9.94,9.99,9.77,9.83,27302799,12.97,13.03,12.75,12.82,20925900,2026-02-21T03:45:26Z
AMAT,2009-09-03,10.08,10.1,9.89,9.99,19781168,13.15,13.18,12.9,13.04,15161100,2026-02-21T03:45:26Z
AMAT,2009-09-04,10.31,10.31,10.09,10.18,15942697,13.45,13.45,13.17,13.28,12219100,2026-02-21T03:45:26Z
AMAT,2009-09-08,10.48,10.49,10.27,10.37,20409944,13.68,13.69,13.4,13.53,15643000,2026-02-21T03:45:26Z
AMAT,2009-09-09,10.65,10.67,10.37,10.45,22613806,13.9,13.92,13.53,13.64,17332100,2026-02-21T03:45:26Z
AMAT,2009-09-10,10.45,10.72,10.37,10.67,38127365,13.64,13.98,13.53,13.92,29222500,2026-02-21T03:45:26Z
AMAT,2009-09-11,10.35,10.61,10.31,10.51,22455649,13.51,13.84,13.45,13.71,17210900,2026-02-21T03:45:26Z
AMAT,2009-09-14,10.19,10.34,10.07,10.26,34568363,13.3,13.49,13.14,13.39,26494700,2026-02-21T03:45:26Z
AMAT,2009-09-15,10.23,10.27,10.08,10.23,27606394,13.35,13.4,13.15,13.35,21158700,2026-02-21T03:45:26Z
AMAT,2009-09-16,10.26,10.35,10.19,10.33,35432543,13.39,13.5,13.29,13.48,27157100,2026-02-21T03:45:26Z
AMAT,2009-09-17,9.99,10.24,9.9,10.22,41785712,13.03,13.36,12.92,13.34,32026200,2026-02-21T03:45:26Z
AMAT,2009-09-18,9.99,10.11,9.93,10,30933967,13.03,13.19,12.95,13.05,23709000,2026-02-21T03:45:26Z
AMAT,2009-09-21,9.7,9.86,9.63,9.85,56937770,12.66,12.86,12.56,12.85,43639700,2026-02-21T03:45:26Z
AMAT,2009-09-22,10.17,10.22,9.83,9.85,43695219,13.27,13.34,12.83,12.85,33489900,2026-02-21T03:45:26Z
AMAT,2009-09-23,10.15,10.35,10.13,10.32,32355847,13.24,13.5,13.21,13.47,24798900,2026-02-21T03:45:26Z
AMAT,2009-09-24,9.98,10.19,9.8,10.18,30642294,13.02,13.3,12.79,13.28,23485600,2026-02-21T03:45:26Z
AMAT,2009-09-25,10.04,10.08,9.89,9.93,25415990,13.1,13.15,12.9,12.96,19479900,2026-02-21T03:45:26Z
AMAT,2009-09-28,10.35,10.45,10.28,10.29,23244475,13.5,13.64,13.41,13.42,17815600,2026-02-21T03:45:26Z
AMAT,2009-09-29,10.18,10.37,10.15,10.36,19040542,13.28,13.53,13.25,13.51,14593400,2026-02-21T03:45:26Z
AMAT,2009-09-30,10.26,10.38,10.03,10.29,30570852,13.38,13.54,13.08,13.42,23430800,2026-02-21T03:45:26Z
AMAT,2009-10-01,9.88,10.36,9.87,10.24,37674358,12.89,13.51,12.88,13.36,28875100,2026-02-21T03:45:26Z
AMAT,2009-10-02,9.72,9.84,9.68,9.77,32051819,12.68,12.84,12.63,12.75,24565900,2026-02-21T03:45:26Z
AMAT,2009-10-05,9.78,9.82,9.61,9.81,37631940,12.76,12.81,12.54,12.8,28842700,2026-02-21T03:45:26Z
AMAT,2009-10-06,10.08,10.16,9.9,9.9,25267564,13.15,13.26,12.92,12.92,19366100,2026-02-21T03:45:26Z
AMAT,2009-10-07,9.97,10.08,9.91,10.07,16292703,13.01,13.15,12.93,13.14,12487400,2026-02-21T03:45:26Z
AMAT,2009-10-08,10.03,10.08,9.83,10.01,30241311,13.08,13.15,12.82,13.06,23178300,2026-02-21T03:45:26Z
AMAT,2009-10-09,10.13,10.14,9.9,9.99,32848422,13.22,13.23,12.92,13.04,25176500,2026-02-21T03:45:26Z
AMAT,2009-10-12,10.44,10.62,10.16,10.19,39784768,13.62,13.85,13.26,13.3,30492600,2026-02-21T03:45:26Z
AMAT,2009-10-13,10.3,10.5,10.27,10.49,25683172,13.44,13.7,13.4,13.69,19684700,2026-02-21T03:45:26Z
AMAT,2009-10-14,10.51,10.54,10.28,10.53,40419834,13.71,13.75,13.41,13.74,30979400,2026-02-21T03:45:26Z
AMAT,2009-10-15,10.42,10.54,10.35,10.49,21336218,13.59,13.75,13.5,13.69,16352900,2026-02-21T03:45:26Z
AMAT,2009-10-16,10.26,10.36,10.07,10.29,22319222,13.38,13.51,13.14,13.43,17106400,2026-02-21T03:45:26Z
AMAT,2009-10-19,10.38,10.42,10.16,10.26,20766135,13.54,13.6,13.26,13.38,15916000,2026-02-21T03:45:26Z
AMAT,2009-10-20,10.32,10.55,10.26,10.38,19595822,13.47,13.76,13.38,13.54,15019100,2026-02-21T03:45:26Z
AMAT,2009-10-21,10.06,10.48,10.03,10.29,27083900,13.12,13.67,13.08,13.42,20758200,2026-02-21T03:45:26Z
AMAT,2009-10-22,10.14,10.18,9.97,10.06,24008665,13.23,13.28,13.01,13.13,18401200,2026-02-21T03:45:26Z
AMAT,2009-10-23,9.93,10.15,9.81,10.15,24166140,12.95,13.25,12.8,13.24,18521900,2026-02-21T03:45:26Z
AMAT,2009-10-26,9.91,10.15,9.85,9.94,24651821,12.93,13.24,12.85,12.97,18894200,2026-02-21T03:45:26Z
AMAT,2009-10-27,9.67,10.06,9.66,9.9,20583550,12.62,13.13,12.6,12.92,15776100,2026-02-21T03:45:26Z
AMAT,2009-10-28,9.48,9.76,8.8,9.63,22791779,12.37,12.74,11.48,12.56,17468600,2026-02-21T03:45:26Z
AMAT,2009-10-29,9.77,9.79,9.5,9.52,20796429,12.75,12.77,12.4,12.42,15939200,2026-02-21T03:45:26Z
AMAT,2009-10-30,9.35,9.76,9.32,9.74,25471702,12.2,12.73,12.16,12.71,19522600,2026-02-21T03:45:26Z
AMAT,2009-11-02,9.43,9.56,9.27,9.37,21906112,12.3,12.47,12.1,12.22,16789700,2026-02-21T03:45:26Z
AMAT,2009-11-03,9.11,9.27,9.03,9.24,40178755,11.89,12.1,11.78,12.06,30794700,2026-02-21T03:45:26Z
AMAT,2009-11-04,9.15,9.31,9.14,9.26,28126380,11.94,12.15,11.93,12.08,21557200,2026-02-21T03:45:26Z
AMAT,2009-11-05,9.5,9.53,9.27,9.3,21636297,12.4,12.44,12.1,12.13,16583000,2026-02-21T03:45:26Z
AMAT,2009-11-06,9.5,9.64,9.39,9.5,17525491,12.4,12.58,12.25,12.39,13432300,2026-02-21T03:45:26Z
AMAT,2009-11-09,10,10.06,9.68,9.74,28717831,12.98,13.06,12.57,12.65,22117600,2026-02-21T03:45:26Z
AMAT,2009-11-10,10.01,10.24,9.94,10.21,27963464,13,13.3,12.91,13.25,21536600,2026-02-21T03:45:26Z
AMAT,2009-11-11,10.2,10.33,10.13,10.24,46130829,13.25,13.41,13.15,13.3,35528400,2026-02-21T03:45:26Z
AMAT,2009-11-12,9.87,10.2,9.84,10.01,34590341,12.82,13.24,12.78,12.99,26640500,2026-02-21T03:45:26Z
AMAT,2009-11-13,9.8,9.96,9.71,9.9,38581856,12.72,12.93,12.61,12.86,29714400,2026-02-21T03:45:26Z
AMAT,2009-11-16,10.05,10.06,9.86,9.86,27345441,13.05,13.06,12.8,12.8,21060600,2026-02-21T03:45:26Z
AMAT,2009-11-17,9.97,10.07,9.9,10,23541035,12.94,13.08,12.85,12.98,18130600,2026-02-21T03:45:26Z
AMAT,2009-11-18,9.9,10,9.86,9.97,19646544,12.86,12.98,12.8,12.95,15131200,2026-02-21T03:45:26Z
AMAT,2009-11-19,9.61,9.77,9.53,9.75,23070540,12.48,12.69,12.37,12.66,17768200,2026-02-21T03:45:26Z
AMAT,2009-11-20,9.46,9.57,9.4,9.54,29098471,12.28,12.42,12.2,12.38,22410800,2026-02-21T03:45:26Z
AMAT,2009-11-23,9.55,9.7,9.5,9.56,17660400,12.4,12.59,12.33,12.41,13601500,2026-02-21T03:45:26Z
AMAT,2009-11-24,9.51,9.57,9.44,9.55,18727683,12.35,12.42,12.25,12.4,14423500,2026-02-21T03:45:26Z
