ticker,tradeDate,clsPx,hiPx,loPx,open,stockVolume,unadjClsPx,unadjHiPx,unadjLoPx,unadjOpen,unadjStockVolume,updatedAt
AMD,2006-01-03,32.4,32.58,30.88,31.02,16651000,32.4,32.58,30.88,31.02,16651000,2020-09-26T01:04:37Z
AMD,2006-01-04,32.56,33.1,32.45,32.5,11302400,32.56,33.1,32.45,32.5,11302400,2020-09-26T01:04:37Z
AMD,2006-01-05,33.68,33.94,32.51,32.51,13807600,33.68,33.94,32.51,32.51,13807600,2020-09-26T01:04:37Z
AMD,2006-01-06,33.78,34.25,32.95,33.9,13309700,33.78,34.25,32.95,33.9,13309700,2020-09-26T01:04:37Z
AMD,2006-01-09,33.25,33.98,33.12,33.75,9982600,33.25,33.98,33.12,33.75,9982600,2020-09-26T01:04:37Z
AMD,2006-01-10,34.93,34.97,32.91,33.24,16311900,34.93,34.97,32.91,33.24,16311900,2020-09-26T01:04:37Z
AMD,2006-01-11,36.27,36.47,35,35.05,15872400,36.27,36.47,35,35.05,15872400,2020-09-26T01:04:37Z
AMD,2006-01-12,35.35,37.46,34.4,36.38,25450200,35.35,37.46,34.4,36.38,25450200,2020-09-26T01:04:37Z
AMD,2006-01-13,34.13,34.85,33.22,34.19,23472000,34.13,34.85,33.22,34.19,23472000,2020-09-26T01:04:37Z
AMD,2006-01-17,32.86,33.12,32.15,32.46,21905600,32.86,33.12,32.15,32.46,21905600,2020-09-26T01:04:37Z
AMD,2006-01-18,34.15,34.38,32.33,32.6,32399800,34.15,34.38,32.33,32.6,32399800,2020-09-26T01:04:37Z
AMD,2006-01-19,37.13,38.4,36.5,38.14,44673400,37.13,38.4,36.5,38.14,44673400,2020-09-26T01:04:37Z
AMD,2006-01-20,35.7,36.8,35.25,36.6,26469500,35.7,36.8,35.25,36.6,26469500,2020-09-26T01:04:37Z
AMD,2006-01-23,35.47,36.3,34.67,35.85,12238000,35.47,36.3,34.67,35.85,12238000,2020-09-26T01:04:37Z
AMD,2006-01-24,36.77,36.79,35.17,35.61,27094300,36.77,36.79,35.17,35.61,27094300,2020-09-26T01:04:37Z
AMD,2006-01-25,38.38,38.38,36.82,37.2,19566300,38.38,38.38,36.82,37.2,19566300,2020-09-26T01:04:37Z
AMD,2006-01-26,40.41,40.64,38.76,38.82,31668100,40.41,40.64,38.76,38.82,31668100,2020-09-26T01:04:37Z
AMD,2006-01-27,39.85,40.79,39.36,40.64,14214800,39.85,40.79,39.36,40.64,14214800,2020-09-26T01:04:37Z
AMD,2006-01-30,41.4,41.65,39.61,39.62,14342200,41.4,41.65,39.61,39.62,14342200,2020-09-26T01:04:37Z
AMD,2006-01-31,41.8,42.01,40.49,41.05,15531200,41.8,42.01,40.49,41.05,15531200,2020-09-26T01:04:37Z
AMD,2006-02-01,42.1,42.18,40.52,41.3,15271100,42.1,42.18,40.52,41.3,15271100,2020-09-26T01:04:37Z
AMD,2006-02-02,41.02,42.42,40.62,41.98,15358300,41.02,42.42,40.62,41.98,15358300,2020-09-26T01:04:37Z
AMD,2006-02-03,39.54,41.1,39.44,41.06,16525500,39.54,41.1,39.44,41.06,16525500,2020-09-26T01:04:37Z
AMD,2006-02-06,41.22,41.23,39.84,40.1,11610800,41.22,41.23,39.84,40.1,11610800,2020-09-26T01:04:37Z
AMD,2006-02-07,41.01,41.27,40.05,41,11218800,41.01,41.27,40.05,41,11218800,2020-09-26T01:04:37Z
AMD,2006-02-08,40.86,41.65,40.17,41.35,10415400,40.86,41.65,40.17,41.35,10415400,2020-09-26T01:04:37Z
AMD,2006-02-09,40.06,42.09,39.91,41.1,12414300,40.06,42.09,39.91,41.1,12414300,2020-09-26T01:04:37Z
AMD,2006-02-10,40.1,40.55,39.17,40.1,10458100,40.1,40.55,39.17,40.1,10458100,2020-09-26T01:04:37Z
AMD,2006-02-13,38.96,39.9,38.65,39.88,10932200,38.96,39.9,38.65,39.88,10932200,2020-09-26T01:04:37Z
AMD,2006-02-14,40.22,40.31,38.32,39.3,14075100,40.22,40.31,38.32,39.3,14075100,2020-09-26T01:04:37Z
AMD,2006-02-15,40.24,40.47,39.5,40,9086900,40.24,40.47,39.5,40,9086900,2020-09-26T01:04:37Z
AMD,2006-02-16,41.74,41.82,40.25,40.59,11678200,41.74,41.82,40.25,40.59,11678200,2020-09-26T01:04:37Z
AMD,2006-02-17,40.33,41.06,39.73,40,21326400,40.33,41.06,39.73,40,21326400,2020-09-26T01:04:37Z
AMD,2006-02-21,40.05,41.1,39.92,40.58,13910500,40.05,41.1,39.92,40.58,13910500,2020-09-26T01:04:37Z
AMD,2006-02-22,40.8,40.99,39.37,39.95,13358000,40.8,40.99,39.37,39.95,13358000,2020-09-26T01:04:37Z
AMD,2006-02-23,40.39,41.2,40.3,40.51,11893200,40.39,41.2,40.3,40.51,11893200,2020-09-26T01:04:37Z
AMD,2006-02-24,40.54,40.99,40.09,40.65,8326800,40.54,40.99,40.09,40.65,8326800,2020-09-26T01:04:37Z
AMD,2006-02-27,40.62,41.15,40.57,40.7,6902800,40.62,41.15,40.57,40.7,6902800,2020-09-26T01:04:37Z
AMD,2006-02-28,38.67,40.9,38.62,40.79,18217300,38.67,40.9,38.62,40.79,18217300,2020-09-26T01:04:37Z
AMD,2006-03-01,40.07,40.37,39,39,14453300,40.07,40.37,39,39,14453300,2020-09-26T01:04:37Z
AMD,2006-03-02,41.33,41.34,40.35,40.7,14451900,41.33,41.34,40.35,40.7,14451900,2020-09-26T01:04:37Z
AMD,2006-03-03,39.51,42.7,39.04,41.76,38671800,39.51,42.7,39.04,41.76,38671800,2020-09-26T01:04:37Z
AMD,2006-03-06,39.39,40.25,38.43,39.9,18729500,39.39,40.25,38.43,39.9,18729500,2020-09-26T01:04:37Z
AMD,2006-03-07,38.27,39.58,38.16,39.29,15672900,38.27,39.58,38.16,39.29,15672900,2020-09-26T01:04:37Z
AMD,2006-03-08,37.09,37.89,36.11,37.88,23828100,37.09,37.89,36.11,37.88,23828100,2020-09-26T01:04:37Z
AMD,2006-03-09,36.21,37.83,36.19,37.12,14345700,36.21,37.83,36.19,37.12,14345700,2020-09-26T01:04:37Z
AMD,2006-03-10,36.63,37.42,35.6,36,17870000,36.63,37.42,35.6,36,17870000,2020-09-26T01:04:37Z
AMD,2006-03-13,34,36,33.76,35.5,33837000,34,36,33.76,35.5,33837000,2020-09-26T01:04:37Z
AMD,2006-03-14,34.99,35.09,32.59,33.7,42294700,34.99,35.09,32.59,33.7,42294700,2020-09-26T01:04:37Z
AMD,2006-03-15,35.12,35.59,34.22,35.17,22690700,35.12,35.59,34.22,35.17,22690700,2020-09-26T01:04:37Z
AMD,2006-03-16,34.08,35.63,33.99,35.5,13238900,34.08,35.63,33.99,35.5,13238900,2020-09-26T01:04:37Z
AMD,2006-03-17,33.95,34.54,33,34.01,17731700,33.95,34.54,33,34.01,17731700,2020-09-26T01:04:37Z
AMD,2006-03-20,34.15,34.57,33.72,33.94,10170500,34.15,34.57,33.72,33.94,10170500,2020-09-26T01:04:37Z
AMD,2006-03-21,34.44,38,33.84,34.29,14946700,34.44,38,33.84,34.29,14946700,2020-09-26T01:04:37Z
AMD,2006-03-22,34.37,34.71,33.52,33.9,21188100,34.37,34.71,33.52,33.9,21188100,2020-09-26T01:04:37Z
AMD,2006-03-23,34.75,36.13,34.74,35.05,22824800,34.75,36.13,34.74,35.05,22824800,2020-09-26T01:04:37Z
AMD,2006-03-24,36.13,36.16,34.75,34.9,11717200,36.13,36.16,34.75,34.9,11717200,2020-09-26T01:04:37Z
AMD,2006-03-27,35.33,36.08,35.18,35.96,12061900,35.33,36.08,35.18,35.96,12061900,2020-09-26T01:04:37Z
AMD,2006-03-28,34.09,35.25,33.6,35.25,15608900,34.09,35.25,33.6,35.25,15608900,2020-09-26T01:04:37Z
AMD,2006-03-29,34.29,34.65,33.5,34.25,21583400,34.29,34.65,33.5,34.25,21583400,2020-09-26T01:04:37Z
AMD,2006-03-30,33.59,34.35,33.55,34.2,13790400,33.59,34.35,33.55,34.2,13790400,2020-09-26T01:04:37Z
AMD,2006-03-31,33.16,33.95,32.95,33.6,13499700,33.16,33.95,32.95,33.6,13499700,2020-09-26T01:04:37Z
AMD,2006-04-03,33.18,33.6,32.17,32.2,21450100,33.18,33.6,32.17,32.2,21450100,2020-09-26T01:04:37Z
AMD,2006-04-04,33.43,34.05,33.08,33.35,14142700,33.43,34.05,33.08,33.35,14142700,2020-09-26T01:04:37Z
AMD,2006-04-05,34.78,34.85,33.61,33.75,12970800,34.78,34.85,33.61,33.75,12970800,2020-09-26T01:04:37Z
AMD,2006-04-06,34.7,35.4,34.1,34.78,13344300,34.7,35.4,34.1,34.78,13344300,2020-09-26T01:04:37Z
AMD,2006-04-07,33.69,35.09,33.66,34.97,11274300,33.69,35.09,33.66,34.97,11274300,2020-09-26T01:04:37Z
AMD,2006-04-10,34.57,34.61,33.5,33.62,12260000,34.57,34.61,33.5,33.62,12260000,2020-09-26T01:04:37Z
AMD,2006-04-11,34.35,35.02,34.12,34.92,9598000,34.35,35.02,34.12,34.92,9598000,2020-09-26T01:04:37Z
AMD,2006-04-12,35.42,35.75,34.44,34.7,24797400,35.42,35.75,34.44,34.7,24797400,2020-09-26T01:04:37Z
AMD,2006-04-13,31.8,33.82,31.61,33.82,60846200,31.8,33.82,31.61,33.82,60846200,2020-09-26T01:04:37Z
AMD,2006-04-17,30.6,32,29.97,31.94,31516400,30.6,32,29.97,31.94,31516400,2020-09-26T01:04:37Z
AMD,2006-04-18,31.23,31.5,30.42,30.67,22098400,31.23,31.5,30.42,30.67,22098400,2020-09-26T01:04:37Z
AMD,2006-04-19,31.54,32.24,31.14,31.39,20977200,31.54,32.24,31.14,31.39,20977200,2020-09-26T01:04:37Z
AMD,2006-04-20,31.38,31.95,31.05,31.54,16661000,31.38,31.95,31.05,31.54,16661000,2020-09-26T01:04:37Z
AMD,2006-04-21,31.73,31.98,31.41,31.65,12800100,31.73,31.98,31.41,31.65,12800100,2020-09-26T01:04:37Z
AMD,2006-04-24,32.81,32.9,31.41,31.9,13872900,32.81,32.9,31.41,31.9,13872900,2020-09-26T01:04:37Z
AMD,2006-04-25,33.41,33.65,32.63,32.81,14069900,33.41,33.65,32.63,32.81,14069900,2020-09-26T01:04:37Z
AMD,2006-04-26,32.8,33.76,32.57,33.5,10757300,32.8,33.76,32.57,33.5,10757300,2020-09-26T01:04:37Z
AMD,2006-04-27,32.8,33.21,32.15,32.6,11648000,32.8,33.21,32.15,32.6,11648000,2020-09-26T01:04:37Z
AMD,2006-04-28,32.35,32.67,32,32.55,10383100,32.35,32.67,32,32.55,10383100,2020-09-26T01:04:37Z
AMD,2006-05-01,31.79,32.69,31.79,32.52,7384600,31.79,32.69,31.79,32.52,7384600,2020-09-26T01:04:37Z
AMD,2006-05-02,32.62,32.74,31.83,31.83,8128000,32.62,32.74,31.83,31.83,8128000,2020-09-26T01:04:37Z
AMD,2006-05-03,33.27,33.36,32.52,32.6,8895000,33.27,33.36,32.52,32.6,8895000,2020-09-26T01:04:37Z
AMD,2006-05-04,33.95,33.97,33.22,33.46,7741300,33.95,33.97,33.22,33.46,7741300,2020-09-26T01:04:37Z
AMD,2006-05-05,34.43,34.5,33.62,34.37,8404200,34.43,34.5,33.62,34.37,8404200,2020-09-26T01:04:37Z
AMD,2006-05-08,33.95,34.42,33.9,34.05,5861000,33.95,34.42,33.9,34.05,5861000,2020-09-26T01:04:37Z
AMD,2006-05-09,34.16,34.28,33.3,33.69,9071700,34.16,34.28,33.3,33.69,9071700,2020-09-26T01:04:37Z
AMD,2006-05-10,32.83,33.98,32.82,33.95,12276400,32.83,33.98,32.82,33.95,12276400,2020-09-26T01:04:37Z
AMD,2006-05-11,31.49,33.1,31.25,33.1,17163100,31.49,33.1,31.25,33.1,17163100,2020-09-26T01:04:37Z
AMD,2006-05-12,31.66,32.32,31.25,31.7,14358800,31.66,32.32,31.25,31.7,14358800,2020-09-26T01:04:37Z
AMD,2006-05-15,31.12,32.39,30.67,31.6,11946600,31.12,32.39,30.67,31.6,11946600,2020-09-26T01:04:37Z
AMD,2006-05-16,30.81,30.96,29.68,30.9,17910200,30.81,30.96,29.68,30.9,17910200,2020-09-26T01:04:37Z
AMD,2006-05-17,30.77,31.49,30.69,30.9,12706500,30.77,31.49,30.69,30.9,12706500,2020-09-26T01:04:37Z
AMD,2006-05-18,31.35,31.41,30.45,30.94,24056500,31.35,31.41,30.45,30.94,24056500,2020-09-26T01:04:37Z
AMD,2006-05-19,34.95,34.96,33.56,34.24,48622400,34.95,34.96,33.56,34.24,48622400,2020-09-26T01:04:37Z
AMD,2006-05-22,33.18,34.75,32.44,34.45,22733600,33.18,34.75,32.44,34.45,22733600,2020-09-26T01:04:37Z
AMD,2006-05-23,31.79,34,31.74,33.72,16158500,31.79,34,31.74,33.72,16158500,2020-09-26T01:04:37Z
AMD,2006-05-24,31.18,32.86,30.58,31.9,20777700,31.18,32.86,30.58,31.9,20777700,2020-09-26T01:04:37Z
AMD,2006-05-25,30.97,31.51,30.25,31.51,19435000,30.97,31.51,30.25,31.51,19435000,2020-09-26T01:04:37Z
AMD,2006-05-26,31.63,31.95,30.8,31.19,9822000,31.63,31.95,30.8,31.19,9822000,2020-09-26T01:04:37Z
AMD,2006-05-30,30.48,31.55,30.31,31.39,11393300,30.48,31.55,30.31,31.39,11393300,2020-09-26T01:04:37Z
AMD,2006-05-31,30.89,31.23,30.41,30.95,10191700,30.89,31.23,30.41,30.95,10191700,2020-09-26T01:04:37Z
AMD,2006-06-01,31.39,31.43,30.45,31.05,14435000,31.39,31.43,30.45,31.05,14435000,2020-09-26T01:04:37Z
AMD,2006-06-02,30.1,31.92,29.95,31.52,21205200,30.1,31.92,29.95,31.52,21205200,2020-09-26T01:04:37Z
AMD,2006-06-05,29.06,30.14,29.01,30.05,17069800,29.06,30.14,29.01,30.05,17069800,2020-09-26T01:04:37Z
AMD,2006-06-06,28.95,29.35,28.55,29.1,18034000,28.95,29.35,28.55,29.1,18034000,2020-09-26T01:04:37Z
AMD,2006-06-07,28,29.33,27.92,28.94,17353800,28,29.33,27.92,28.94,17353800,2020-09-26T01:04:37Z
AMD,2006-06-08,27.03,27.7,26.23,27.37,30623000,27.03,27.7,26.23,27.37,30623000,2020-09-26T01:04:37Z
AMD,2006-06-09,26.75,28.03,26.65,27.4,14963500,26.75,28.03,26.65,27.4,14963500,2020-09-26T01:04:37Z
AMD,2006-06-12,25.68,26.97,25.6,26.8,14352200,25.68,26.97,25.6,26.8,14352200,2020-09-26T01:04:37Z
AMD,2006-06-13,24.39,26.3,24.37,25.46,23857200,24.39,26.3,24.37,25.46,23857200,2020-09-26T01:04:37Z
AMD,2006-06-14,25.11,25.72,24.6,24.98,24169600,25.11,25.72,24.6,24.98,24169600,2020-09-26T01:04:37Z
AMD,2006-06-15,26.11,26.3,25.35,25.4,14073600,26.11,26.3,25.35,25.4,14073600,2020-09-26T01:04:37Z
AMD,2006-06-16,25.64,26.38,25.5,26.11,11824000,25.64,26.38,25.5,26.11,11824000,2020-09-26T01:04:37Z
AMD,2006-06-19,24.95,26.02,24.9,25.85,10916800,24.95,26.02,24.9,25.85,10916800,2020-09-26T01:04:37Z
AMD,2006-06-20,24.87,25.3,24.62,24.9,10476900,24.87,25.3,24.62,24.9,10476900,2020-09-26T01:04:37Z
AMD,2006-06-21,25.42,25.9,24.75,24.86,12169800,25.42,25.9,24.75,24.86,12169800,2020-09-26T01:04:37Z
AMD,2006-06-22,25.37,25.89,25.06,25.41,11472200,25.37,25.89,25.06,25.41,11472200,2020-09-26T01:04:37Z
AMD,2006-06-23,25.14,25.79,25.13,25.75,9197600,25.14,25.79,25.13,25.75,9197600,2020-09-26T01:04:37Z
AMD,2006-06-26,24.66,25.38,24.37,25.3,11922100,24.66,25.38,24.37,25.3,11922100,2020-09-26T01:04:37Z
AMD,2006-06-27,24.26,24.66,23.46,24.66,19713100,24.26,24.66,23.46,24.66,19713100,2020-09-26T01:04:37Z
AMD,2006-06-28,23.89,24.46,23.7,24.33,12024800,23.89,24.46,23.7,24.33,12024800,2020-09-26T01:04:37Z
AMD,2006-06-29,24.81,24.88,23.86,24.1,11133200,24.81,24.88,23.86,24.1,11133200,2020-09-26T01:04:37Z
AMD,2006-06-30,24.42,24.99,24.16,24.99,9433500,24.42,24.99,24.16,24.99,9433500,2020-09-26T01:04:37Z
AMD,2006-07-03,24.6,24.72,24.24,24.48,4734200,24.6,24.72,24.24,24.48,4734200,2020-09-26T01:04:37Z
AMD,2006-07-05,23.9,24.43,23.83,24.31,11446700,23.9,24.43,23.83,24.31,11446700,2020-09-26T01:04:37Z
AMD,2006-07-06,23.83,24.39,23.66,24.07,12581200,23.83,24.39,23.66,24.07,12581200,2020-09-26T01:04:37Z
AMD,2006-07-07,23.56,23.8,22.45,22.81,28935400,23.56,23.8,22.45,22.81,28935400,2020-09-26T01:04:37Z
AMD,2006-07-10,22.51,23.91,22.33,23.71,15457500,22.51,23.91,22.33,23.71,15457500,2020-09-26T01:04:37Z
AMD,2006-07-11,22.98,23.08,22.02,22.35,14585400,22.98,23.08,22.02,22.35,14585400,2020-09-26T01:04:37Z
AMD,2006-07-12,22.84,23.08,22.45,22.9,17808500,22.84,23.08,22.45,22.9,17808500,2020-09-26T01:04:37Z
AMD,2006-07-13,22.13,23.24,22.1,22.73,18827200,22.13,23.24,22.1,22.73,18827200,2020-09-26T01:04:37Z
AMD,2006-07-14,21.6,22.3,21.23,22.08,13544500,21.6,22.3,21.23,22.08,13544500,2020-09-26T01:04:37Z
AMD,2006-07-17,20.92,21.78,20.79,21.35,15542600,20.92,21.78,20.79,21.35,15542600,2020-09-26T01:04:37Z
AMD,2006-07-18,20.55,21.19,20.08,20.71,16588100,20.55,21.19,20.08,20.71,16588100,2020-09-26T01:04:37Z
AMD,2006-07-19,21.46,21.66,20.38,20.78,18319200,21.46,21.66,20.38,20.78,18319200,2020-09-26T01:04:37Z
AMD,2006-07-20,21.65,22.1,21.16,21.9,31077900,21.65,22.1,21.16,21.9,31077900,2020-09-26T01:04:37Z
AMD,2006-07-21,18.26,19.8,18.23,19.78,41354900,18.26,19.8,18.23,19.78,41354900,2020-09-26T01:04:37Z
AMD,2006-07-24,17.39,17.73,16.9,17.62,57347900,17.39,17.73,16.9,17.62,57347900,2020-09-26T01:04:37Z
AMD,2006-07-25,17.8,18.05,17.18,17.48,27140400,17.8,18.05,17.18,17.48,27140400,2020-09-26T01:04:37Z
AMD,2006-07-26,18.25,18.5,17.57,17.88,19998700,18.25,18.5,17.57,17.88,19998700,2020-09-26T01:04:37Z
AMD,2006-07-27,18.06,18.62,18.01,18.3,19521200,18.06,18.62,18.01,18.3,19521200,2020-09-26T01:04:37Z
AMD,2006-07-28,19.1,19.1,17.88,18,20621700,19.1,19.1,17.88,18,20621700,2020-09-26T01:04:37Z
AMD,2006-07-31,19.39,19.65,19.05,19.28,17258100,19.39,19.65,19.05,19.28,17258100,2020-09-26T01:04:37Z
AMD,2006-08-01,19.1,19.73,18.84,19.65,22481800,19.1,19.73,18.84,19.65,22481800,2020-09-26T01:04:37Z
AMD,2006-08-02,19.6,20.03,19.26,19.26,17211500,19.6,20.03,19.26,19.26,17211500,2020-09-26T01:04:37Z
AMD,2006-08-03,20.45,20.74,19.44,19.46,20865500,20.45,20.74,19.44,19.46,20865500,2020-09-26T01:04:37Z
AMD,2006-08-04,20.47,21.2,20.12,20.88,20484500,20.47,21.2,20.12,20.88,20484500,2020-09-26T01:04:37Z
AMD,2006-08-07,20.22,20.85,20.1,20.28,13926100,20.22,20.85,20.1,20.28,13926100,2020-09-26T01:04:37Z
AMD,2006-08-08,20.12,20.69,19.95,20.28,15636200,20.12,20.69,19.95,20.28,15636200,2020-09-26T01:04:37Z
AMD,2006-08-09,19.85,20.59,19.75,20.5,15280800,19.85,20.59,19.75,20.5,15280800,2020-09-26T01:04:37Z
AMD,2006-08-10,20.01,20.19,19.6,19.77,10919200,20.01,20.19,19.6,19.77,10919200,2020-09-26T01:04:37Z
AMD,2006-08-11,19.78,20,19.37,19.93,12434800,19.78,20,19.37,19.93,12434800,2020-09-26T01:04:37Z
AMD,2006-08-14,19.87,20.34,19.59,19.93,14513700,19.87,20.34,19.59,19.93,14513700,2020-09-26T01:04:37Z
AMD,2006-08-15,20.87,20.93,20.18,20.35,16428000,20.87,20.93,20.18,20.35,16428000,2020-09-26T01:04:37Z
AMD,2006-08-16,22.57,22.68,20.89,21.25,24677400,22.57,22.68,20.89,21.25,24677400,2020-09-26T01:04:37Z
AMD,2006-08-17,24.2,24.76,23.11,23.16,49263600,24.2,24.76,23.11,23.16,49263600,2020-09-26T01:04:37Z
AMD,2006-08-18,23.93,24.16,22.52,23.49,36284000,23.93,24.16,22.52,23.49,36284000,2020-09-26T01:04:37Z
AMD,2006-08-21,23.4,23.71,23.29,23.67,16748600,23.4,23.71,23.29,23.67,16748600,2020-09-26T01:04:37Z
AMD,2006-08-22,24.88,25.22,23.5,23.9,39578600,24.88,25.22,23.5,23.9,39578600,2020-09-26T01:04:37Z
AMD,2006-08-23,24.9,25.72,24.75,25.19,23528100,24.9,25.72,24.75,25.19,23528100,2020-09-26T01:04:37Z
AMD,2006-08-24,24.76,25.31,24.61,25.2,15497400,24.76,25.31,24.61,25.2,15497400,2020-09-26T01:04:37Z
AMD,2006-08-25,24.56,24.96,24.32,24.69,11914600,24.56,24.96,24.32,24.69,11914600,2020-09-26T01:04:37Z
AMD,2006-08-28,23.92,24.84,23.85,24.54,17498500,23.92,24.84,23.85,24.54,17498500,2020-09-26T01:04:37Z
AMD,2006-08-29,24.4,24.44,23.7,23.95,17464300,24.4,24.44,23.7,23.95,17464300,2020-09-26T01:04:37Z
AMD,2006-08-30,25.03,25.16,24.45,24.54,14566600,25.03,25.16,24.45,24.54,14566600,2020-09-26T01:04:37Z
AMD,2006-08-31,24.99,25.25,24.68,25.21,11157300,24.99,25.25,24.68,25.21,11157300,2020-09-26T01:04:37Z
AMD,2006-09-01,24.66,25.25,24.51,25.25,11209400,24.66,25.25,24.51,25.25,11209400,2020-09-26T01:04:37Z
AMD,2006-09-05,26.22,26.23,24.84,25.2,22187400,26.22,26.23,24.84,25.2,22187400,2020-09-26T01:04:37Z
AMD,2006-09-06,24.53,26.14,24.51,25.85,21051900,24.53,26.14,24.51,25.85,21051900,2020-09-26T01:04:37Z
AMD,2006-09-07,24.59,25.01,23.72,23.89,31465200,24.59,25.01,23.72,23.89,31465200,2020-09-26T01:04:37Z
AMD,2006-09-08,25.8,25.82,24.65,24.76,24540200,25.8,25.82,24.65,24.76,24540200,2020-09-26T01:04:37Z
AMD,2006-09-11,25.66,26.07,25.36,25.48,18259600,25.66,26.07,25.36,25.48,18259600,2020-09-26T01:04:37Z
AMD,2006-09-12,26.48,26.67,25.8,26.07,23311800,26.48,26.67,25.8,26.07,23311800,2020-09-26T01:04:37Z
AMD,2006-09-13,27.15,27.42,26.39,26.58,23293700,27.15,27.42,26.39,26.58,23293700,2020-09-26T01:04:37Z
AMD,2006-09-14,27.02,27.37,26.64,26.67,14122100,27.02,27.37,26.64,26.67,14122100,2020-09-26T01:04:37Z
AMD,2006-09-15,26.53,27.65,26.52,27.41,18200500,26.53,27.65,26.52,27.41,18200500,2020-09-26T01:04:37Z
AMD,2006-09-18,27.32,27.51,26.52,26.58,16690100,27.32,27.51,26.52,26.58,16690100,2020-09-26T01:04:37Z
AMD,2006-09-19,26.93,27.32,26.41,27.25,14328400,26.93,27.32,26.41,27.25,14328400,2020-09-26T01:04:37Z
AMD,2006-09-20,27.38,27.56,27.05,27.22,13194700,27.38,27.56,27.05,27.22,13194700,2020-09-26T01:04:37Z
AMD,2006-09-21,26.98,27.9,26.84,27.58,16597500,26.98,27.9,26.84,27.58,16597500,2020-09-26T01:04:37Z
AMD,2006-09-22,26.21,26.83,25.64,26.8,24660900,26.21,26.83,25.64,26.8,24660900,2020-09-26T01:04:37Z
AMD,2006-09-25,26.77,27.17,25.74,26.4,22638800,26.77,27.17,25.74,26.4,22638800,2020-09-26T01:04:37Z
AMD,2006-09-26,25.99,26.81,25.65,26.6,25131200,25.99,26.81,25.65,26.6,25131200,2020-09-26T01:04:37Z
AMD,2006-09-27,25.32,26.51,25.27,25.85,26580500,25.32,26.51,25.27,25.85,26580500,2020-09-26T01:04:37Z
AMD,2006-09-28,25.07,25.3,24.66,25.06,21532400,25.07,25.3,24.66,25.06,21532400,2020-09-26T01:04:37Z
AMD,2006-09-29,24.85,25.5,24.78,25.33,12731400,24.85,25.5,24.78,25.33,12731400,2020-09-26T01:04:37Z
AMD,2006-10-02,24.81,25.05,24.4,24.67,17818100,24.81,25.05,24.4,24.67,17818100,2020-09-26T01:04:37Z
AMD,2006-10-03,24.13,24.51,23.79,24.5,19087300,24.13,24.51,23.79,24.5,19087300,2020-09-26T01:04:37Z
AMD,2006-10-04,25.03,25.1,23.95,24.1,17869800,25.03,25.1,23.95,24.1,17869800,2020-09-26T01:04:37Z
AMD,2006-10-05,25.11,25.24,24.6,24.8,17309000,25.11,25.24,24.6,24.8,17309000,2020-09-26T01:04:37Z
AMD,2006-10-06,24.01,24.8,23.96,24.66,17300500,24.01,24.8,23.96,24.66,17300500,2020-09-26T01:04:37Z
AMD,2006-10-09,23,24.62,22.95,24.25,34085700,23,24.62,22.95,24.25,34085700,2020-09-26T01:04:37Z
AMD,2006-10-10,23.14,23.73,22.87,23.21,27698700,23.14,23.73,22.87,23.21,27698700,2020-09-26T01:04:37Z
AMD,2006-10-11,24.27,24.56,22.87,23.08,29329600,24.27,24.56,22.87,23.08,29329600,2020-09-26T01:04:37Z
AMD,2006-10-12,24.69,24.72,24.04,24.45,19521000,24.69,24.72,24.04,24.45,19521000,2020-09-26T01:04:37Z
AMD,2006-10-13,25.23,25.4,24.57,24.57,19366900,25.23,25.4,24.57,24.57,19366900,2020-09-26T01:04:37Z
AMD,2006-10-16,25.38,25.69,25.14,25.35,17732600,25.38,25.69,25.14,25.35,17732600,2020-09-26T01:04:37Z
AMD,2006-10-17,24.48,24.9,24.07,24.82,22551200,24.48,24.9,24.07,24.82,22551200,2020-09-26T01:04:37Z
AMD,2006-10-18,24.23,25.16,24.08,24.8,43775100,24.23,25.16,24.08,24.8,43775100,2020-09-26T01:04:37Z
AMD,2006-10-19,21.01,22,20.91,21.99,96548496,21.01,22,20.91,21.99,96548496,2020-09-26T01:04:37Z
AMD,2006-10-20,20.12,21.18,20,21.18,51597400,20.12,21.18,20,21.18,51597400,2020-09-26T01:04:37Z
AMD,2006-10-23,20.24,20.87,20.15,20.22,34262700,20.24,20.87,20.15,20.22,34262700,2020-09-26T01:04:37Z
AMD,2006-10-24,20.32,20.64,20.28,20.48,37606800,20.32,20.64,20.28,20.48,37606800,2020-09-26T01:04:37Z
AMD,2006-10-25,20.83,20.93,20.35,20.35,30143200,20.83,20.93,20.35,20.35,30143200,2020-09-26T01:04:37Z
AMD,2006-10-26,21.5,21.68,21,21.25,33039900,21.5,21.68,21,21.25,33039900,2020-09-26T01:04:37Z
AMD,2006-10-27,20.86,21.79,20.74,21.35,28101300,20.86,21.79,20.74,21.35,28101300,2020-09-26T01:04:37Z
AMD,2006-10-30,21.32,21.5,20.82,20.96,19944000,21.32,21.5,20.82,20.96,19944000,2020-09-26T01:04:37Z
AMD,2006-10-31,21.27,21.57,20.95,21.32,17720200,21.27,21.57,20.95,21.32,17720200,2020-09-26T01:04:37Z
AMD,2006-11-01,20.73,21.34,20.67,21.24,23511400,20.73,21.34,20.67,21.24,23511400,2020-09-26T01:04:37Z
AMD,2006-11-02,20.85,21.06,20.56,20.62,16832600,20.85,21.06,20.56,20.62,16832600,2020-09-26T01:04:37Z
AMD,2006-11-03,20.88,21.09,20.81,20.95,17721000,20.88,21.09,20.81,20.95,17721000,2020-09-26T01:04:37Z
AMD,2006-11-06,21.39,21.48,21.06,21.12,17925800,21.39,21.48,21.06,21.12,17925800,2020-09-26T01:04:37Z
AMD,2006-11-07,21.56,21.98,21.4,21.4,18721000,21.56,21.98,21.4,21.4,18721000,2020-09-26T01:04:37Z
AMD,2006-11-08,21.25,21.5,20.84,21.38,20666400,21.25,21.5,20.84,21.38,20666400,2020-09-26T01:04:37Z
AMD,2006-11-09,20.89,21.6,20.8,21.54,21303700,20.89,21.6,20.8,21.54,21303700,2020-09-26T01:04:37Z
AMD,2006-11-10,21.07,21.16,20.82,20.83,12331400,21.07,21.16,20.82,20.83,12331400,2020-09-26T01:04:37Z
AMD,2006-11-13,21.2,21.37,21.01,21.06,17102500,21.2,21.37,21.01,21.06,17102500,2020-09-26T01:04:37Z
AMD,2006-11-14,21.34,21.41,20.79,21.05,23652200,21.34,21.41,20.79,21.05,23652200,2020-09-26T01:04:37Z
AMD,2006-11-15,21.71,21.92,21.35,21.47,25128000,21.71,21.92,21.35,21.47,25128000,2020-09-26T01:04:37Z
AMD,2006-11-16,21.74,21.95,21.38,21.9,17887700,21.74,21.95,21.38,21.9,17887700,2020-09-26T01:04:37Z
AMD,2006-11-17,21.45,21.7,21.31,21.51,14741500,21.45,21.7,21.31,21.51,14741500,2020-09-26T01:04:37Z
AMD,2006-11-20,21.44,21.56,21.21,21.41,16080000,21.44,21.56,21.21,21.41,16080000,2020-09-26T01:04:37Z
AMD,2006-11-21,21.24,21.65,21.05,21.41,19999700,21.24,21.65,21.05,21.41,19999700,2020-09-26T01:04:37Z
AMD,2006-11-22,21.77,21.85,21.3,21.55,15604400,21.77,21.85,21.3,21.55,15604400,2020-09-26T01:04:37Z
AMD,2006-11-24,21.8,21.97,21.54,21.58,5403400,21.8,21.97,21.54,21.58,5403400,2020-09-26T01:04:37Z
AMD,2006-11-27,21.83,22.33,21.62,21.72,24460700,21.83,22.33,21.62,21.72,24460700,2020-09-26T01:04:37Z
AMD,2006-11-28,21.93,22.09,21.61,21.85,15159600,21.93,22.09,21.61,21.85,15159600,2020-09-26T01:04:37Z
AMD,2006-11-29,21.41,22.19,21.33,22.15,21220600,21.41,22.19,21.33,22.15,21220600,2020-09-26T01:04:37Z
AMD,2006-11-30,21.57,21.94,21.12,21.53,23809500,21.57,21.94,21.12,21.53,23809500,2020-09-26T01:04:37Z
AMD,2006-12-01,20.69,21.53,20.41,21.3,32279100,20.69,21.53,20.41,21.3,32279100,2020-09-26T01:04:37Z
AMD,2006-12-04,21.04,21.33,20.65,21,17973600,21.04,21.33,20.65,21,17973600,2020-09-26T01:04:37Z
AMD,2006-12-05,21.34,21.49,21.04,21.04,16965900,21.34,21.49,21.04,21.04,16965900,2020-09-26T01:04:37Z
AMD,2006-12-06,21.49,21.59,21.07,21.18,17058400,21.49,21.59,21.07,21.18,17058400,2020-09-26T01:04:37Z
AMD,2006-12-07,21.05,21.73,21.03,21.53,17670600,21.05,21.73,21.03,21.53,17670600,2020-09-26T01:04:37Z
AMD,2006-12-08,20.93,21.15,20.69,21.01,19635200,20.93,21.15,20.69,21.01,19635200,2020-09-26T01:04:37Z
AMD,2006-12-11,20.69,21.09,20.61,21.02,15533000,20.69,21.09,20.61,21.02,15533000,2020-09-26T01:04:37Z
AMD,2006-12-12,20.47,20.79,20.37,20.62,16150500,20.47,20.79,20.37,20.62,16150500,2020-09-26T01:04:37Z
AMD,2006-12-13,20.17,20.74,19.9,20.58,28032600,20.17,20.74,19.9,20.58,28032600,2020-09-26T01:04:37Z
AMD,2006-12-14,22.71,22.8,20.22,20.22,76150896,22.71,22.8,20.22,20.22,76150896,2020-09-26T01:04:37Z
AMD,2006-12-15,22.12,23,22.02,22.95,34433700,22.12,23,22.02,22.95,34433700,2020-09-26T01:04:37Z
AMD,2006-12-18,21.97,22.21,21.72,22.05,24240500,21.97,22.21,21.72,22.05,24240500,2020-09-26T01:04:37Z
AMD,2006-12-19,21.64,22.01,21.6,21.83,19484800,21.64,22.01,21.6,21.83,19484800,2020-09-26T01:04:37Z
AMD,2006-12-20,21.85,21.99,21.61,21.61,11299000,21.85,21.99,21.61,21.61,11299000,2020-09-26T01:04:37Z
AMD,2006-12-21,20.95,22,20.91,21.97,22529400,20.95,22,20.91,21.97,22529400,2020-09-26T01:04:37Z
AMD,2006-12-22,20.77,21.2,20.68,21,10635500,20.77,21.2,20.68,21,10635500,2020-09-26T01:04:37Z
AMD,2006-12-26,20.6,20.89,20.45,20.89,7191100,20.6,20.89,20.45,20.89,7191100,2020-09-26T01:04:37Z
AMD,2006-12-27,20.7,20.84,20.5,20.71,9919800,20.7,20.84,20.5,20.71,9919800,2020-09-26T01:04:37Z
AMD,2006-12-28,20.57,20.75,20.52,20.56,8026700,20.57,20.75,20.52,20.56,8026700,2020-09-26T01:04:37Z
AMD,2006-12-29,20.35,20.73,20.3,20.5,11595300,20.35,20.73,20.3,20.5,11595300,2020-09-26T01:04:37Z
AMD,2007-01-03,19.52,20.4,19.35,20.08,28354900,19.52,20.4,19.35,20.08,28354900,2020-09-26T01:04:37Z
AMD,2007-01-04,19.79,19.86,19.32,19.66,23671500,19.79,19.86,19.32,19.66,23671500,2020-09-26T01:04:37Z
AMD,2007-01-05,19.71,19.91,19.54,19.54,15902900,19.71,19.91,19.54,19.54,15902900,2020-09-26T01:04:37Z
AMD,2007-01-08,19.47,19.86,19.25,19.71,15817100,19.47,19.86,19.25,19.71,15817100,2020-09-26T01:04:37Z
AMD,2007-01-09,19.65,19.71,19.37,19.45,14497100,19.65,19.71,19.37,19.45,14497100,2020-09-26T01:04:37Z
AMD,2007-01-10,20.01,20.02,19.5,19.64,19786700,20.01,20.02,19.5,19.64,19786700,2020-09-26T01:04:37Z
AMD,2007-01-11,20.18,20.63,19.8,19.8,23137000,20.18,20.63,19.8,19.8,23137000,2020-09-26T01:04:37Z
AMD,2007-01-12,18.26,18.77,17.62,18.63,123335400,18.26,18.77,17.62,18.63,123335400,2020-09-26T01:04:37Z
AMD,2007-01-16,18.13,18.35,17.95,18.15,37733600,18.13,18.35,17.95,18.15,37733600,2020-09-26T01:04:37Z
AMD,2007-01-17,18.2,18.28,17.9,17.9,21419500,18.2,18.28,17.9,17.9,21419500,2020-09-26T01:04:37Z
AMD,2007-01-18,17.92,18.18,17.76,18.07,21717000,17.92,18.18,17.76,18.07,21717000,2020-09-26T01:04:37Z
AMD,2007-01-19,17.73,17.98,17.66,17.81,22765800,17.73,17.98,17.66,17.81,22765800,2020-09-26T01:04:37Z
AMD,2007-01-22,17.53,17.64,17.26,17.59,24497300,17.53,17.64,17.26,17.59,24497300,2020-09-26T01:04:37Z
AMD,2007-01-23,17.51,17.7,17.37,17.6,25298700,17.51,17.7,17.37,17.6,25298700,2020-09-26T01:04:37Z
AMD,2007-01-24,16.03,16.45,15.93,16.24,74658896,16.03,16.45,15.93,16.24,74658896,2020-09-26T01:04:37Z
AMD,2007-01-25,16.05,16.41,16,16.14,30914800,16.05,16.41,16,16.14,30914800,2020-09-26T01:04:37Z
AMD,2007-01-26,16.22,16.27,16.01,16.15,28651200,16.22,16.27,16.01,16.15,28651200,2020-09-26T01:04:37Z
AMD,2007-01-29,15.95,16.23,15.85,16.21,30045600,15.95,16.23,15.85,16.21,30045600,2020-09-26T01:04:37Z
AMD,2007-01-30,15.79,16,15.65,16,20406700,15.79,16,15.65,16,20406700,2020-09-26T01:04:37Z
AMD,2007-01-31,15.55,15.89,15.52,15.83,30294300,15.55,15.89,15.52,15.83,30294300,2020-09-26T01:04:37Z
AMD,2007-02-01,15.77,15.85,15.57,15.65,23451500,15.77,15.85,15.57,15.65,23451500,2020-09-26T01:04:37Z
AMD,2007-02-02,15.69,15.91,15.66,15.9,20216700,15.69,15.91,15.66,15.9,20216700,2020-09-26T01:04:37Z
AMD,2007-02-05,15.6,15.8,15.52,15.74,18453200,15.6,15.8,15.52,15.74,18453200,2020-09-26T01:04:37Z
AMD,2007-02-06,15.32,15.67,15.13,15.62,31880300,15.32,15.67,15.13,15.62,31880300,2020-09-26T01:04:37Z
AMD,2007-02-07,15.5,15.55,15.36,15.39,17265200,15.5,15.55,15.36,15.39,17265200,2020-09-26T01:04:37Z
AMD,2007-02-08,15.13,15.46,15.11,15.4,24682600,15.13,15.46,15.11,15.4,24682600,2020-09-26T01:04:37Z
AMD,2007-02-09,14.9,15.26,14.8,15.22,30658000,14.9,15.26,14.8,15.22,30658000,2020-09-26T01:04:37Z
AMD,2007-02-12,14.69,15.01,14.66,14.96,20484800,14.69,15.01,14.66,14.96,20484800,2020-09-26T01:04:37Z
AMD,2007-02-13,14.6,14.86,14.47,14.75,17829100,14.6,14.86,14.47,14.75,17829100,2020-09-26T01:04:37Z
AMD,2007-02-14,14.95,15.13,14.61,14.65,31915500,14.95,15.13,14.61,14.65,31915500,2020-09-26T01:04:37Z
AMD,2007-02-15,14.83,15.02,14.75,15.01,15887600,14.83,15.02,14.75,15.01,15887600,2020-09-26T01:04:37Z
AMD,2007-02-16,14.94,15,14.7,14.8,15957700,14.94,15,14.7,14.8,15957700,2020-09-26T01:04:37Z
AMD,2007-02-20,14.92,15.01,14.7,14.93,21961400,14.92,15.01,14.7,14.93,21961400,2020-09-26T01:04:37Z
AMD,2007-02-21,14.56,14.85,14.52,14.83,23997100,14.56,14.85,14.52,14.83,23997100,2020-09-26T01:04:37Z
AMD,2007-02-22,14.55,14.7,14.43,14.66,26782000,14.55,14.7,14.43,14.66,26782000,2020-09-26T01:04:37Z
AMD,2007-02-23,14.69,14.76,14.59,14.59,22886100,14.69,14.76,14.59,14.59,22886100,2020-09-26T01:04:37Z
AMD,2007-02-26,15.68,15.73,14.8,14.84,65845500,15.68,15.73,14.8,14.84,65845500,2020-09-26T01:04:37Z
AMD,2007-02-27,15.08,15.44,14.86,15.35,43285200,15.08,15.44,14.86,15.35,43285200,2020-09-26T01:04:37Z
AMD,2007-02-28,15.07,15.3,14.96,15.3,32608000,15.07,15.3,14.96,15.3,32608000,2020-09-26T01:04:37Z
AMD,2007-03-01,14.79,14.98,14.76,14.76,25738100,14.79,14.98,14.76,14.76,25738100,2020-09-26T01:04:37Z
AMD,2007-03-02,14.18,14.74,14.13,14.69,49785100,14.18,14.74,14.13,14.69,49785100,2020-09-26T01:04:37Z
AMD,2007-03-05,13.95,14,13.53,13.6,32210400,13.95,14,13.53,13.6,32210400,2020-09-26T01:04:37Z
AMD,2007-03-06,14.09,14.35,14.02,14.18,17978300,14.09,14.35,14.02,14.18,17978300,2020-09-26T01:04:37Z
AMD,2007-03-07,14.1,14.22,13.9,14.02,21573400,14.1,14.22,13.9,14.02,21573400,2020-09-26T01:04:37Z
AMD,2007-03-08,14.19,14.27,13.96,14.2,21161800,14.19,14.27,13.96,14.2,21161800,2020-09-26T01:04:37Z
AMD,2007-03-09,14.2,14.33,14.13,14.26,19114600,14.2,14.33,14.13,14.26,19114600,2020-09-26T01:04:37Z
AMD,2007-03-12,14.17,14.27,14.04,14.09,14613200,14.17,14.27,14.04,14.09,14613200,2020-09-26T01:04:37Z
AMD,2007-03-13,13.94,14.12,13.76,14.04,23147000,13.94,14.12,13.76,14.04,23147000,2020-09-26T01:04:37Z
AMD,2007-03-14,14.13,14.17,13.7,13.82,25333500,14.13,14.17,13.7,13.82,25333500,2020-09-26T01:04:37Z
AMD,2007-03-15,13.93,14.23,13.92,14.09,14536100,13.93,14.23,13.92,14.09,14536100,2020-09-26T01:04:37Z
AMD,2007-03-16,14.01,14.16,13.84,14,20088400,14.01,14.16,13.84,14,20088400,2020-09-26T01:04:37Z
AMD,2007-03-19,13.72,14.01,13.66,14.01,16428100,13.72,14.01,13.66,14.01,16428100,2020-09-26T01:04:37Z
AMD,2007-03-20,13.41,13.74,13.36,13.7,25385500,13.41,13.74,13.36,13.7,25385500,2020-09-26T01:04:37Z
AMD,2007-03-21,13.6,14.05,13.37,13.45,48985200,13.6,14.05,13.37,13.45,48985200,2020-09-26T01:04:37Z
AMD,2007-03-22,13.35,13.76,13.32,13.65,28467800,13.35,13.76,13.32,13.65,28467800,2020-09-26T01:04:37Z
AMD,2007-03-23,13.5,13.62,13.35,13.35,14157700,13.5,13.62,13.35,13.35,14157700,2020-09-26T01:04:37Z
AMD,2007-03-26,13.55,13.73,13.41,13.55,14074300,13.55,13.73,13.41,13.55,14074300,2020-09-26T01:04:37Z
AMD,2007-03-27,13.5,13.66,13.47,13.56,13308700,13.5,13.66,13.47,13.56,13308700,2020-09-26T01:04:37Z
AMD,2007-03-28,13.38,13.5,13.38,13.45,17692100,13.38,13.5,13.38,13.45,17692100,2020-09-26T01:04:37Z
AMD,2007-03-29,13.08,13.46,12.96,13.45,28358400,13.08,13.46,12.96,13.45,28358400,2020-09-26T01:04:37Z
AMD,2007-03-30,13.06,13.18,12.97,13.09,18153800,13.06,13.18,12.97,13.09,18153800,2020-09-26T01:04:37Z
AMD,2007-04-02,12.83,13.09,12.81,13.08,16600800,12.83,13.09,12.81,13.08,16600800,2020-09-26T01:04:37Z
AMD,2007-04-03,12.9,13,12.71,12.86,18180300,12.9,13,12.71,12.86,18180300,2020-09-26T01:04:37Z
AMD,2007-04-04,12.71,12.87,12.67,12.81,15559300,12.71,12.87,12.67,12.81,15559300,2020-09-26T01:04:37Z
AMD,2007-04-05,12.86,12.87,12.6,12.68,13957400,12.86,12.87,12.6,12.68,13957400,2020-09-26T01:04:37Z
AMD,2007-04-09,13.35,13.61,13.13,13.4,52578200,13.35,13.61,13.13,13.4,52578200,2020-09-26T01:04:37Z
AMD,2007-04-10,13.27,13.54,13.2,13.41,31497300,13.27,13.54,13.2,13.41,31497300,2020-09-26T01:04:37Z
AMD,2007-04-11,13.19,13.38,13.15,13.26,26200300,13.19,13.38,13.15,13.26,26200300,2020-09-26T01:04:37Z
AMD,2007-04-12,13.66,13.69,13.24,13.25,30977600,13.66,13.69,13.24,13.25,30977600,2020-09-26T01:04:37Z
AMD,2007-04-13,13.57,13.79,13.35,13.78,29146700,13.57,13.79,13.35,13.78,29146700,2020-09-26T01:04:37Z
AMD,2007-04-16,13.52,13.65,13.37,13.6,22927900,13.52,13.65,13.37,13.6,22927900,2020-09-26T01:04:37Z
AMD,2007-04-17,13.47,13.62,13.41,13.48,15416000,13.47,13.62,13.41,13.48,15416000,2020-09-26T01:04:37Z
AMD,2007-04-18,13.91,14.13,13.41,13.42,36490500,13.91,14.13,13.41,13.42,36490500,2020-09-26T01:04:37Z
AMD,2007-04-19,14.28,14.67,13.87,13.91,58618200,14.28,14.67,13.87,13.91,58618200,2020-09-26T01:04:37Z
AMD,2007-04-20,14.16,14.75,13.68,14.57,51118500,14.16,14.75,13.68,14.57,51118500,2020-09-26T01:04:37Z
AMD,2007-04-23,14.04,14.23,13.97,14.03,28005200,14.04,14.23,13.97,14.03,28005200,2020-09-26T01:04:37Z
AMD,2007-04-24,14.57,14.66,13.6,13.76,137932304,14.57,14.66,13.6,13.76,137932304,2020-09-26T01:04:37Z
AMD,2007-04-25,14.65,14.73,14.4,14.59,38745600,14.65,14.73,14.4,14.59,38745600,2020-09-26T01:04:37Z
AMD,2007-04-26,14.5,14.7,14.38,14.7,25737700,14.5,14.7,14.38,14.7,25737700,2020-09-26T01:04:37Z
AMD,2007-04-27,14.32,14.45,14.21,14.33,23398300,14.32,14.45,14.21,14.33,23398300,2020-09-26T01:04:37Z
AMD,2007-04-30,13.82,14.28,13.81,14.27,20981500,13.82,14.28,13.81,14.27,20981500,2020-09-26T01:04:37Z
AMD,2007-05-01,13.54,13.96,13.45,13.86,31751700,13.54,13.96,13.45,13.86,31751700,2020-09-26T01:04:37Z
AMD,2007-05-02,13.63,13.74,13.35,13.62,31637800,13.63,13.74,13.35,13.62,31637800,2020-09-26T01:04:37Z
AMD,2007-05-03,13.69,14.06,13.65,13.93,23650900,13.69,14.06,13.65,13.93,23650900,2020-09-26T01:04:37Z
AMD,2007-05-04,13.53,13.8,13.48,13.79,15291800,13.53,13.8,13.48,13.79,15291800,2020-09-26T01:04:37Z
AMD,2007-05-07,13.28,13.65,13.27,13.58,20104200,13.28,13.65,13.27,13.58,20104200,2020-09-26T01:04:37Z
AMD,2007-05-08,13.18,13.3,13,13.27,25049400,13.18,13.3,13,13.27,25049400,2020-09-26T01:04:37Z
AMD,2007-05-09,13.57,13.59,13.03,13.11,24983800,13.57,13.59,13.03,13.11,24983800,2020-09-26T01:04:37Z
AMD,2007-05-10,14.05,14.14,13.42,13.48,52900500,14.05,14.14,13.42,13.48,52900500,2020-09-26T01:04:37Z
AMD,2007-05-11,14.68,14.69,14.1,14.16,43427200,14.68,14.69,14.1,14.16,43427200,2020-09-26T01:04:37Z
AMD,2007-05-14,15.36,15.43,14.84,14.94,49419700,15.36,15.43,14.84,14.94,49419700,2020-09-26T01:04:37Z
AMD,2007-05-15,15.4,15.75,15.26,15.55,41456400,15.4,15.75,15.26,15.55,41456400,2020-09-26T01:04:37Z
AMD,2007-05-16,15.58,15.63,15.17,15.36,28054100,15.58,15.63,15.17,15.36,28054100,2020-09-26T01:04:37Z
AMD,2007-05-17,15.43,15.95,15.4,15.62,29236400,15.43,15.95,15.4,15.62,29236400,2020-09-26T01:04:37Z
AMD,2007-05-18,15.59,15.75,15.29,15.54,26442500,15.59,15.75,15.29,15.54,26442500,2020-09-26T01:04:37Z
AMD,2007-05-21,15.43,15.77,15.39,15.63,24536800,15.43,15.77,15.39,15.63,24536800,2020-09-26T01:04:37Z
AMD,2007-05-22,15.42,15.6,15.1,15.48,22972400,15.42,15.6,15.1,15.48,22972400,2020-09-26T01:04:37Z
AMD,2007-05-23,15.21,15.46,15.16,15.31,17846100,15.21,15.46,15.16,15.31,17846100,2020-09-26T01:04:37Z
AMD,2007-05-24,14.88,15.25,14.81,15.16,20698700,14.88,15.25,14.81,15.16,20698700,2020-09-26T01:04:37Z
AMD,2007-05-25,14.76,15.03,14.59,15.01,22945900,14.76,15.03,14.59,15.01,22945900,2020-09-26T01:04:37Z
AMD,2007-05-29,14.6,15,14.41,14.97,23397500,14.6,15,14.41,14.97,23397500,2020-09-26T01:04:37Z
AMD,2007-05-30,14.37,14.48,14.22,14.36,19122700,14.37,14.48,14.22,14.36,19122700,2020-09-26T01:04:37Z
AMD,2007-05-31,14.27,14.43,14.24,14.43,14034400,14.27,14.43,14.24,14.43,14034400,2020-09-26T01:04:37Z
AMD,2007-06-01,14.31,14.62,14.27,14.56,17753700,14.31,14.62,14.27,14.56,17753700,2020-09-26T01:04:37Z
AMD,2007-06-04,14.17,14.4,14.11,14.25,19526700,14.17,14.4,14.11,14.25,19526700,2020-09-26T01:04:37Z
AMD,2007-06-05,13.98,14.15,13.84,14.07,25921900,13.98,14.15,13.84,14.07,25921900,2020-09-26T01:04:37Z
AMD,2007-06-06,13.63,13.86,13.59,13.86,25628000,13.63,13.86,13.59,13.86,25628000,2020-09-26T01:04:37Z
AMD,2007-06-07,13.68,14.02,13.56,13.56,34516100,13.68,14.02,13.56,13.56,34516100,2020-09-26T01:04:37Z
AMD,2007-06-08,14.07,14.17,13.73,13.77,42605000,14.07,14.17,13.73,13.77,42605000,2020-09-26T01:04:37Z
AMD,2007-06-11,13.91,14.25,13.82,14.12,22634900,13.91,14.25,13.82,14.12,22634900,2020-09-26T01:04:37Z
AMD,2007-06-12,13.8,14.1,13.73,13.75,25685400,13.8,14.1,13.73,13.75,25685400,2020-09-26T01:04:37Z
AMD,2007-06-13,13.96,14.05,13.75,13.86,20365100,13.96,14.05,13.75,13.86,20365100,2020-09-26T01:04:37Z
AMD,2007-06-14,13.78,14.03,13.71,13.97,21393400,13.78,14.03,13.71,13.97,21393400,2020-09-26T01:04:37Z
AMD,2007-06-15,13.63,13.95,13.53,13.85,24798400,13.63,13.95,13.53,13.85,24798400,2020-09-26T01:04:37Z
AMD,2007-06-18,13.51,13.65,13.5,13.65,18454000,13.51,13.65,13.5,13.65,18454000,2020-09-26T01:04:37Z
AMD,2007-06-19,13.57,13.63,13.28,13.48,24862700,13.57,13.63,13.28,13.48,24862700,2020-09-26T01:04:37Z
AMD,2007-06-20,13.64,13.82,13.51,13.55,31041100,13.64,13.82,13.51,13.55,31041100,2020-09-26T01:04:37Z
AMD,2007-06-21,14.72,14.88,13.83,13.89,57718000,14.72,14.88,13.83,13.89,57718000,2020-09-26T01:04:37Z
AMD,2007-06-22,14.57,14.84,14.39,14.69,28477900,14.57,14.84,14.39,14.69,28477900,2020-09-26T01:04:37Z
AMD,2007-06-25,14.28,14.75,14.2,14.68,21725100,14.28,14.75,14.2,14.68,21725100,2020-09-26T01:04:37Z
AMD,2007-06-26,14.18,14.44,14.05,14.38,17509000,14.18,14.44,14.05,14.38,17509000,2020-09-26T01:04:37Z
AMD,2007-06-27,14.58,14.64,14.07,14.09,25102900,14.58,14.64,14.07,14.09,25102900,2020-09-26T01:04:37Z
AMD,2007-06-28,14.49,14.83,14.49,14.74,18196100,14.49,14.83,14.49,14.74,18196100,2020-09-26T01:04:37Z
AMD,2007-06-29,14.3,14.61,14.26,14.57,21018300,14.3,14.61,14.26,14.57,21018300,2020-09-26T01:04:37Z
AMD,2007-07-02,14.36,14.41,14.12,14.26,17225500,14.36,14.41,14.12,14.26,17225500,2020-09-26T01:04:37Z
AMD,2007-07-03,14.36,14.49,14.24,14.38,7601700,14.36,14.49,14.24,14.38,7601700,2020-09-26T01:04:37Z
AMD,2007-07-05,14.19,14.45,14.11,14.42,16619700,14.19,14.45,14.11,14.42,16619700,2020-09-26T01:04:37Z
AMD,2007-07-06,14.39,14.48,14.18,14.24,20037400,14.39,14.48,14.18,14.24,20037400,2020-09-26T01:04:37Z
AMD,2007-07-09,14.57,14.76,14.42,14.53,19785600,14.57,14.76,14.42,14.53,19785600,2020-09-26T01:04:37Z
AMD,2007-07-10,14.43,14.65,14.42,14.5,18284600,14.43,14.65,14.42,14.5,18284600,2020-09-26T01:04:37Z
AMD,2007-07-11,14.65,14.74,14.34,14.46,24003300,14.65,14.74,14.34,14.46,24003300,2020-09-26T01:04:37Z
AMD,2007-07-12,15.36,15.4,14.65,14.85,40922700,15.36,15.4,14.65,14.85,40922700,2020-09-26T01:04:37Z
AMD,2007-07-13,15.43,15.5,15.15,15.42,20538000,15.43,15.5,15.15,15.42,20538000,2020-09-26T01:04:37Z
AMD,2007-07-16,15.72,15.94,15.4,15.45,32997500,15.72,15.94,15.4,15.45,32997500,2020-09-26T01:04:37Z
AMD,2007-07-17,15.84,15.96,15.61,15.85,25757500,15.84,15.96,15.61,15.85,25757500,2020-09-26T01:04:37Z
AMD,2007-07-18,15.46,15.66,15.02,15.45,39565400,15.46,15.66,15.02,15.45,39565400,2020-09-26T01:04:37Z
AMD,2007-07-19,15.78,15.85,15.45,15.68,49329700,15.78,15.85,15.45,15.68,49329700,2020-09-26T01:04:37Z
AMD,2007-07-20,15.5,16.19,15.41,16.15,42593400,15.5,16.19,15.41,16.15,42593400,2020-09-26T01:04:37Z
AMD,2007-07-23,15.36,15.65,15.12,15.51,21794100,15.36,15.65,15.12,15.51,21794100,2020-09-26T01:04:37Z
AMD,2007-07-24,15.21,15.41,15.05,15.23,30930200,15.21,15.41,15.05,15.23,30930200,2020-09-26T01:04:37Z
AMD,2007-07-25,15.58,15.69,15.26,15.38,39462800,15.58,15.69,15.26,15.38,39462800,2020-09-26T01:04:37Z
AMD,2007-07-26,14.73,15.61,14.33,15.44,56375500,14.73,15.61,14.33,15.44,56375500,2020-09-26T01:04:37Z
AMD,2007-07-27,13.87,14.76,13.84,14.76,51087000,13.87,14.76,13.84,14.76,51087000,2020-09-26T01:04:37Z
AMD,2007-07-30,13.79,14.08,13.56,14.02,28869800,13.79,14.08,13.56,14.02,28869800,2020-09-26T01:04:37Z
AMD,2007-07-31,13.54,13.99,13.39,13.97,38821100,13.54,13.99,13.39,13.97,38821100,2020-09-26T01:04:37Z
AMD,2007-08-01,13.41,13.63,13.03,13.48,28453900,13.41,13.63,13.03,13.48,28453900,2020-09-26T01:04:37Z
AMD,2007-08-02,13.4,13.6,13.3,13.49,20628700,13.4,13.6,13.3,13.49,20628700,2020-09-26T01:04:37Z
AMD,2007-08-03,12.85,13.43,12.85,13.36,25615000,12.85,13.43,12.85,13.36,25615000,2020-09-26T01:04:37Z
AMD,2007-08-06,12.77,12.92,12.38,12.91,39627600,12.77,12.92,12.38,12.91,39627600,2020-09-26T01:04:37Z
AMD,2007-08-07,12.63,12.8,12.38,12.66,27117100,12.63,12.8,12.38,12.66,27117100,2020-09-26T01:04:37Z
AMD,2007-08-08,13.42,13.6,12.7,12.82,33973200,13.42,13.6,12.7,12.82,33973200,2020-09-26T01:04:37Z
AMD,2007-08-09,13.08,13.36,12.86,12.9,61830100,13.08,13.36,12.86,12.9,61830100,2020-09-26T01:04:37Z
AMD,2007-08-10,13.01,13.19,12.77,12.96,26565900,13.01,13.19,12.77,12.96,26565900,2020-09-26T01:04:37Z
AMD,2007-08-13,12.84,13.22,12.76,13.22,21435300,12.84,13.22,12.76,13.22,21435300,2020-09-26T01:04:37Z
AMD,2007-08-14,12.54,12.92,12.45,12.87,21886300,12.54,12.92,12.45,12.87,21886300,2020-09-26T01:04:37Z
AMD,2007-08-15,11.95,12.54,11.85,12.45,47127900,11.95,12.54,11.85,12.45,47127900,2020-09-26T01:04:37Z
AMD,2007-08-16,11.64,11.9,11.27,11.86,36553200,11.64,11.9,11.27,11.86,36553200,2020-09-26T01:04:37Z
AMD,2007-08-17,11.89,12.17,11.71,12.04,29195600,11.89,12.17,11.71,12.04,29195600,2020-09-26T01:04:37Z
AMD,2007-08-20,12.1,12.26,11.84,12.05,23966400,12.1,12.26,11.84,12.05,23966400,2020-09-26T01:04:37Z
AMD,2007-08-21,12.17,12.26,12.07,12.17,15148400,12.17,12.26,12.07,12.17,15148400,2020-09-26T01:04:37Z
AMD,2007-08-22,12.01,12.44,11.96,12.25,27545800,12.01,12.44,11.96,12.25,27545800,2020-09-26T01:04:37Z
AMD,2007-08-23,12.06,12.24,11.82,11.98,24604300,12.06,12.24,11.82,11.98,24604300,2020-09-26T01:04:37Z
AMD,2007-08-24,12.13,12.13,11.92,11.96,12587200,12.13,12.13,11.92,11.96,12587200,2020-09-26T01:04:37Z
AMD,2007-08-27,11.98,12.25,11.95,12.08,14464900,11.98,12.25,11.95,12.08,14464900,2020-09-26T01:04:37Z
AMD,2007-08-28,11.66,12.05,11.66,11.9,14794300,11.66,12.05,11.66,11.9,14794300,2020-09-26T01:04:37Z
AMD,2007-08-29,12.3,12.32,11.73,11.76,24718700,12.3,12.32,11.73,11.76,24718700,2020-09-26T01:04:37Z
AMD,2007-08-30,12.42,12.78,12.02,12.13,30304700,12.42,12.78,12.02,12.13,30304700,2020-09-26T01:04:37Z
AMD,2007-08-31,13,13.04,12.56,12.72,27650300,13,13.04,12.56,12.72,27650300,2020-09-26T01:04:37Z
AMD,2007-09-04,13.17,13.44,13.06,13.17,29039100,13.17,13.44,13.06,13.17,29039100,2020-09-26T01:04:37Z
AMD,2007-09-05,12.9,13.23,12.75,13.15,18673800,12.9,13.23,12.75,13.15,18673800,2020-09-26T01:04:37Z
AMD,2007-09-06,12.94,13.1,12.75,12.95,12502200,12.94,13.1,12.75,12.95,12502200,2020-09-26T01:04:37Z
AMD,2007-09-07,12.61,12.81,12.55,12.75,13352500,12.61,12.81,12.55,12.75,13352500,2020-09-26T01:04:37Z
AMD,2007-09-10,12.94,13.11,12.68,12.92,32129400,12.94,13.11,12.68,12.92,32129400,2020-09-26T01:04:37Z
AMD,2007-09-11,12.97,13.09,12.86,13.06,20300600,12.97,13.09,12.86,13.06,20300600,2020-09-26T01:04:37Z
AMD,2007-09-12,12.83,13.13,12.76,12.95,19225700,12.83,13.13,12.76,12.95,19225700,2020-09-26T01:04:37Z
AMD,2007-09-13,12.73,12.92,12.65,12.91,14593000,12.73,12.92,12.65,12.91,14593000,2020-09-26T01:04:37Z
AMD,2007-09-14,12.69,12.79,12.57,12.6,12684000,12.69,12.79,12.57,12.6,12684000,2020-09-26T01:04:37Z
AMD,2007-09-17,12.84,12.96,12.7,12.85,14869000,12.84,12.96,12.7,12.85,14869000,2020-09-26T01:04:37Z
AMD,2007-09-18,13.3,13.36,12.85,12.92,28628700,13.3,13.36,12.85,12.92,28628700,2020-09-26T01:04:37Z
AMD,2007-09-19,13.1,13.53,13.01,13.41,28031500,13.1,13.53,13.01,13.41,28031500,2020-09-26T01:04:37Z
AMD,2007-09-20,13.35,13.52,13.05,13.09,22660400,13.35,13.52,13.05,13.09,22660400,2020-09-26T01:04:37Z
AMD,2007-09-21,13.24,13.48,13.19,13.44,15340300,13.24,13.48,13.19,13.44,15340300,2020-09-26T01:04:37Z
AMD,2007-09-24,13.48,13.55,13.25,13.34,28906700,13.48,13.55,13.25,13.34,28906700,2020-09-26T01:04:37Z
AMD,2007-09-25,13.81,13.9,13.34,13.4,21341100,13.81,13.9,13.34,13.4,21341100,2020-09-26T01:04:37Z
AMD,2007-09-26,13.75,13.92,13.69,13.9,16109900,13.75,13.92,13.69,13.9,16109900,2020-09-26T01:04:37Z
AMD,2007-09-27,13.28,13.77,13.22,13.76,29038600,13.28,13.77,13.22,13.76,29038600,2020-09-26T01:04:37Z
AMD,2007-09-28,13.2,13.39,13.12,13.25,16158000,13.2,13.39,13.12,13.25,16158000,2020-09-26T01:04:37Z
AMD,2007-10-01,13.23,13.45,13.15,13.25,18374300,13.23,13.45,13.15,13.25,18374300,2020-09-26T01:04:37Z
AMD,2007-10-02,13.2,13.22,13,13.08,19156200,13.2,13.22,13,13.08,19156200,2020-09-26T01:04:37Z
AMD,2007-10-03,13.23,13.29,12.8,12.97,32014500,13.23,13.29,12.8,12.97,32014500,2020-09-26T01:04:37Z
AMD,2007-10-04,13.35,13.42,13.13,13.26,16181700,13.35,13.42,13.13,13.26,16181700,2020-09-26T01:04:37Z
AMD,2007-10-05,13.63,13.9,13.37,13.41,21873100,13.63,13.9,13.37,13.41,21873100,2020-09-26T01:04:37Z
AMD,2007-10-08,13.63,13.84,13.52,13.55,9863600,13.63,13.84,13.52,13.55,9863600,2020-09-26T01:04:37Z
AMD,2007-10-09,13.79,13.82,13.5,13.67,15170500,13.79,13.82,13.5,13.67,15170500,2020-09-26T01:04:37Z
AMD,2007-10-10,14.02,14.06,13.69,13.84,32141600,14.02,14.06,13.69,13.84,32141600,2020-09-26T01:04:37Z
AMD,2007-10-11,13.8,14.23,13.62,14.1,28398200,13.8,14.23,13.62,14.1,28398200,2020-09-26T01:04:37Z
AMD,2007-10-12,13.94,14.15,13.71,13.71,16003800,13.94,14.15,13.71,13.71,16003800,2020-09-26T01:04:37Z
AMD,2007-10-15,13.98,14.06,13.81,13.9,13329800,13.98,14.06,13.81,13.9,13329800,2020-09-26T01:04:37Z
AMD,2007-10-16,13.96,14.24,13.84,13.9,19926200,13.96,14.24,13.84,13.9,19926200,2020-09-26T01:04:37Z
AMD,2007-10-17,14.11,14.47,13.98,14.37,23024800,14.11,14.47,13.98,14.37,23024800,2020-09-26T01:04:37Z
AMD,2007-10-18,14.55,14.73,13.95,14.02,43950600,14.55,14.73,13.95,14.02,43950600,2020-09-26T01:04:37Z
AMD,2007-10-19,13.8,14.5,13.62,14.49,45686300,13.8,14.5,13.62,14.49,45686300,2020-09-26T01:04:37Z
AMD,2007-10-22,13.75,13.9,13.5,13.6,17900900,13.75,13.9,13.5,13.6,17900900,2020-09-26T01:04:37Z
AMD,2007-10-23,13.73,13.85,13.52,13.81,14955400,13.73,13.85,13.52,13.81,14955400,2020-09-26T01:04:37Z
AMD,2007-10-24,13.12,13.58,12.9,13.5,28091800,13.12,13.58,12.9,13.5,28091800,2020-09-26T01:04:37Z
AMD,2007-10-25,12.75,13.22,12.55,13.22,22463200,12.75,13.22,12.55,13.22,22463200,2020-09-26T01:04:37Z
AMD,2007-10-26,12.89,13.09,12.76,12.94,12884200,12.89,13.09,12.76,12.94,12884200,2020-09-26T01:04:37Z
AMD,2007-10-29,12.88,13.15,12.86,12.98,9567700,12.88,13.15,12.86,12.98,9567700,2020-09-26T01:04:37Z
AMD,2007-10-30,13,13.15,12.9,12.9,10555400,13,13.15,12.9,12.9,10555400,2020-09-26T01:04:37Z
AMD,2007-10-31,13.08,13.14,12.95,13.08,10164100,13.08,13.14,12.95,13.08,10164100,2020-09-26T01:04:37Z
AMD,2007-11-01,12.8,13.04,12.75,12.99,13239100,12.8,13.04,12.75,12.99,13239100,2020-09-26T01:04:37Z
AMD,2007-11-02,13.17,13.22,12.68,12.96,14414700,13.17,13.22,12.68,12.96,14414700,2020-09-26T01:04:37Z
AMD,2007-11-05,13.42,13.56,12.96,13.06,21881600,13.42,13.56,12.96,13.06,21881600,2020-09-26T01:04:37Z
AMD,2007-11-06,13.43,13.8,13.34,13.55,18329200,13.43,13.8,13.34,13.55,18329200,2020-09-26T01:04:37Z
AMD,2007-11-07,13.01,13.45,13,13.14,18293800,13.01,13.45,13,13.14,18293800,2020-09-26T01:04:37Z
AMD,2007-11-08,12.51,13.39,12.05,13.04,28908300,12.51,13.39,12.05,13.04,28908300,2020-09-26T01:04:37Z
AMD,2007-11-09,12.37,12.65,12.08,12.18,17233000,12.37,12.65,12.08,12.18,17233000,2020-09-26T01:04:37Z
AMD,2007-11-12,11.95,12.43,11.92,12.32,17281900,11.95,12.43,11.92,12.32,17281900,2020-09-26T01:04:37Z
AMD,2007-11-13,12.4,12.45,12.01,12.11,14464500,12.4,12.45,12.01,12.11,14464500,2020-09-26T01:04:37Z
AMD,2007-11-14,12.28,12.57,12.22,12.45,16333800,12.28,12.57,12.22,12.45,16333800,2020-09-26T01:04:37Z
AMD,2007-11-15,12.7,12.92,12.16,12.24,22434900,12.7,12.92,12.16,12.24,22434900,2020-09-26T01:04:37Z
AMD,2007-11-16,12.64,13.27,12.35,12.89,28143500,12.64,13.27,12.35,12.89,28143500,2020-09-26T01:04:37Z
AMD,2007-11-19,12.07,12.61,12.03,12.54,18319800,12.07,12.61,12.03,12.54,18319800,2020-09-26T01:04:37Z
AMD,2007-11-20,11.28,12.25,11.18,12.17,43142900,11.28,12.25,11.18,12.17,43142900,2020-09-26T01:04:37Z
AMD,2007-11-21,10.83,11.5,10.52,11.15,34575500,10.83,11.5,10.52,11.15,34575500,2020-09-26T01:04:37Z
AMD,2007-11-23,10.78,11.02,10.6,11,10341700,10.78,11.02,10.6,11,10341700,2020-09-26T01:04:37Z
AMD,2007-11-26,10.27,10.92,10.21,10.83,26668500,10.27,10.92,10.21,10.83,26668500,2020-09-26T01:04:37Z
AMD,2007-11-27,10.15,10.36,9.8,10.35,37829100,10.15,10.36,9.8,10.35,37829100,2020-09-26T01:04:37Z
AMD,2007-11-28,10.35,10.49,10.15,10.24,15045600,10.35,10.49,10.15,10.24,15045600,2020-09-26T01:04:37Z
AMD,2007-11-29,10.14,10.39,10,10.34,50740400,10.14,10.39,10,10.34,50740400,2020-09-26T01:04:37Z
AMD,2007-11-30,9.76,10.3,9.65,10.24,35619200,9.76,10.3,9.65,10.24,35619200,2020-09-26T01:04:37Z
AMD,2007-12-03,9.66,9.9,9.62,9.82,23780800,9.66,9.9,9.62,9.82,23780800,2020-09-26T01:04:37Z
AMD,2007-12-04,9.25,9.64,9.22,9.6,28679300,9.25,9.64,9.22,9.6,28679300,2020-09-26T01:04:37Z
AMD,2007-12-05,8.91,9.49,8.83,9.27,70370400,8.91,9.49,8.83,9.27,70370400,2020-09-26T01:04:37Z
AMD,2007-12-06,9.07,9.13,8.86,8.95,30124300,9.07,9.13,8.86,8.95,30124300,2020-09-26T01:04:37Z
AMD,2007-12-07,9.05,9.08,8.79,9.08,27074100,9.05,9.08,8.79,9.08,27074100,2020-09-26T01:04:37Z
AMD,2007-12-10,9.18,9.34,9.05,9.12,23953500,9.18,9.34,9.05,9.12,23953500,2020-09-26T01:04:37Z
AMD,2007-12-11,9.07,9.53,9.04,9.26,39713900,9.07,9.53,9.04,9.26,39713900,2020-09-26T01:04:37Z
AMD,2007-12-12,8.97,9.39,8.83,9.24,39029900,8.97,9.39,8.83,9.24,39029900,2020-09-26T01:04:37Z
AMD,2007-12-13,8.84,9.01,8.42,8.91,45749400,8.84,9.01,8.42,8.91,45749400,2020-09-26T01:04:37Z
AMD,2007-12-14,8.43,8.85,8.42,8.85,26739900,8.43,8.85,8.42,8.85,26739900,2020-09-26T01:04:37Z
AMD,2007-12-17,7.95,8.42,7.93,8.4,29902800,7.95,8.42,7.93,8.4,29902800,2020-09-26T01:04:37Z
AMD,2007-12-18,7.68,8.1,7.62,8.07,39258200,7.68,8.1,7.62,8.07,39258200,2020-09-26T01:04:37Z
AMD,2007-12-19,7.98,8.04,7.54,7.7,45775100,7.98,8.04,7.54,7.7,45775100,2020-09-26T01:04:37Z
AMD,2007-12-20,7.97,8.11,7.91,8.1,25326000,7.97,8.11,7.91,8.1,25326000,2020-09-26T01:04:37Z
AMD,2007-12-21,7.79,8.05,7.66,8.04,26838600,7.79,8.05,7.66,8.04,26838600,2020-09-26T01:04:37Z
AMD,2007-12-24,7.77,7.88,7.68,7.78,9193700,7.77,7.88,7.68,7.78,9193700,2020-09-26T01:04:37Z
AMD,2007-12-26,7.77,7.88,7.68,7.81,12431700,7.77,7.88,7.68,7.81,12431700,2020-09-26T01:04:37Z
AMD,2007-12-27,7.53,7.78,7.51,7.74,16492200,7.53,7.78,7.51,7.74,16492200,2020-09-26T01:04:37Z
AMD,2007-12-28,7.32,7.58,7.3,7.55,18337800,7.32,7.58,7.3,7.55,18337800,2020-09-26T01:04:37Z
AMD,2007-12-31,7.5,7.6,7.26,7.26,19671500,7.5,7.6,7.26,7.26,19671500,2020-09-26T01:04:37Z
AMD,2008-01-02,7.14,7.4,7.02,7.4,46058000,7.14,7.4,7.02,7.4,46058000,2020-09-26T01:04:37Z
AMD,2008-01-03,6.77,7.18,6.75,7.15,34779200,6.77,7.18,6.75,7.15,34779200,2020-09-26T01:04:37Z
AMD,2008-01-04,6.25,6.64,6.1,6.64,51465500,6.25,6.64,6.1,6.64,51465500,2020-09-26T01:04:37Z
AMD,2008-01-07,6.08,6.41,6.02,6.37,32105400,6.08,6.41,6.02,6.37,32105400,2020-09-26T01:04:37Z
AMD,2008-01-08,6,6.38,5.97,6.18,37265400,6,6.38,5.97,6.18,37265400,2020-09-26T01:04:37Z
AMD,2008-01-09,5.53,6.06,5.31,6.06,50990600,5.53,6.06,5.31,6.06,50990600,2020-09-26T01:04:37Z
AMD,2008-01-10,5.96,6,5.42,5.52,55610200,5.96,6,5.42,5.52,55610200,2020-09-26T01:04:37Z
AMD,2008-01-11,6.25,6.44,6.02,6.07,41434800,6.25,6.44,6.02,6.07,41434800,2020-09-26T01:04:37Z
AMD,2008-01-14,6.41,6.54,6.25,6.48,30013900,6.41,6.54,6.25,6.48,30013900,2020-09-26T01:04:37Z
AMD,2008-01-15,6.12,6.35,6.01,6.28,30369400,6.12,6.35,6.01,6.28,30369400,2020-09-26T01:04:37Z
AMD,2008-01-16,6.57,6.91,5.8,5.89,52430900,6.57,6.91,5.8,5.89,52430900,2020-09-26T01:04:37Z
AMD,2008-01-17,6.34,6.92,6.22,6.7,40501600,6.34,6.92,6.22,6.7,40501600,2020-09-26T01:04:37Z
AMD,2008-01-18,7.07,7.15,6.8,6.85,60461300,7.07,7.15,6.8,6.85,60461300,2020-09-26T01:04:37Z
AMD,2008-01-22,6.83,7.09,6.57,6.57,28518100,6.83,7.09,6.57,6.57,28518100,2020-09-26T01:04:37Z
AMD,2008-01-23,7.56,7.59,6.6,6.65,46002100,7.56,7.59,6.6,6.65,46002100,2020-09-26T01:04:37Z
AMD,2008-01-24,7.58,7.79,7.43,7.73,33618800,7.58,7.79,7.43,7.73,33618800,2020-09-26T01:04:37Z
AMD,2008-01-25,7.15,7.78,7.07,7.73,30005900,7.15,7.78,7.07,7.73,30005900,2020-09-26T01:04:37Z
AMD,2008-01-28,7.46,7.49,6.98,7.1,20428400,7.46,7.49,6.98,7.1,20428400,2020-09-26T01:04:37Z
AMD,2008-01-29,7.61,7.65,7.25,7.49,20650500,7.61,7.65,7.25,7.49,20650500,2020-09-26T01:04:37Z
AMD,2008-01-30,7.61,7.75,7.45,7.6,21508300,7.61,7.75,7.45,7.6,21508300,2020-09-26T01:04:37Z
AMD,2008-01-31,7.59,7.69,7.38,7.5,21177800,7.59,7.69,7.38,7.5,21177800,2020-09-26T01:04:37Z
AMD,2008-02-01,8,8.03,7.6,7.78,26269400,8,8.03,7.6,7.78,26269400,2020-09-26T01:04:37Z
AMD,2008-02-04,7.92,8.08,7.8,8.07,16687800,7.92,8.08,7.8,8.07,16687800,2020-09-26T01:04:37Z
AMD,2008-02-05,7.21,7.86,7.21,7.84,28509300,7.21,7.86,7.21,7.84,28509300,2020-09-26T01:04:37Z
AMD,2008-02-06,6.74,7.38,6.68,7.38,29743200,6.74,7.38,6.68,7.38,29743200,2020-09-26T01:04:37Z
AMD,2008-02-07,6.59,6.76,6.43,6.64,36182300,6.59,6.76,6.43,6.64,36182300,2020-09-26T01:04:37Z
AMD,2008-02-08,6.34,6.63,6.22,6.58,30761200,6.34,6.63,6.22,6.58,30761200,2020-09-26T01:04:37Z
AMD,2008-02-11,6.28,6.42,6.23,6.36,23923400,6.28,6.42,6.23,6.36,23923400,2020-09-26T01:04:37Z
AMD,2008-02-12,6.41,6.61,6.31,6.4,25265800,6.41,6.61,6.31,6.4,25265800,2020-09-26T01:04:37Z
AMD,2008-02-13,6.7,6.72,6.47,6.49,21779000,6.7,6.72,6.47,6.49,21779000,2020-09-26T01:04:37Z
AMD,2008-02-14,6.53,6.93,6.52,6.78,20940900,6.53,6.93,6.52,6.78,20940900,2020-09-26T01:04:37Z
AMD,2008-02-15,6.45,6.61,6.36,6.53,14207900,6.45,6.61,6.36,6.53,14207900,2020-09-26T01:04:37Z
AMD,2008-02-19,6.5,6.74,6.49,6.64,16216600,6.5,6.74,6.49,6.64,16216600,2020-09-26T01:04:37Z
AMD,2008-02-20,6.83,6.96,6.5,6.5,22683800,6.83,6.96,6.5,6.5,22683800,2020-09-26T01:04:37Z
AMD,2008-02-21,6.96,7.18,6.88,6.88,26369600,6.96,7.18,6.88,6.88,26369600,2020-09-26T01:04:37Z
AMD,2008-02-22,6.71,7.03,6.45,7.03,26512500,6.71,7.03,6.45,7.03,26512500,2020-09-26T01:04:37Z
AMD,2008-02-25,6.97,6.99,6.64,6.64,17599900,6.97,6.99,6.64,6.64,17599900,2020-09-26T01:04:37Z
AMD,2008-02-26,7.13,7.19,6.86,6.95,21404700,7.13,7.19,6.86,6.95,21404700,2020-09-26T01:04:37Z
AMD,2008-02-27,7.28,7.48,6.97,7.05,19431500,7.28,7.48,6.97,7.05,19431500,2020-09-26T01:04:37Z
AMD,2008-02-28,7.02,7.25,6.91,7.17,17271200,7.02,7.25,6.91,7.17,17271200,2020-09-26T01:04:37Z
AMD,2008-02-29,7.21,7.34,6.97,6.98,27386200,7.21,7.34,6.97,6.98,27386200,2020-09-26T01:04:37Z
AMD,2008-03-03,6.76,7.21,6.63,7.21,33123000,6.76,7.21,6.63,7.21,33123000,2020-09-26T01:04:37Z
AMD,2008-03-04,6.76,6.78,6.38,6.66,31549900,6.76,6.78,6.38,6.66,31549900,2020-09-26T01:04:37Z
AMD,2008-03-05,6.84,7.04,6.75,6.85,22643700,6.84,7.04,6.75,6.85,22643700,2020-09-26T01:04:37Z
AMD,2008-03-06,6.49,6.85,6.45,6.85,21414200,6.49,6.85,6.45,6.85,21414200,2020-09-26T01:04:37Z
AMD,2008-03-07,6.49,6.75,6.31,6.44,28821700,6.49,6.75,6.31,6.44,28821700,2020-09-26T01:04:37Z
AMD,2008-03-10,6.16,6.6,6.13,6.6,19875000,6.16,6.6,6.13,6.6,19875000,2020-09-26T01:04:37Z
AMD,2008-03-11,6.48,6.49,6.13,6.28,25511900,6.48,6.49,6.13,6.28,25511900,2020-09-26T01:04:37Z
AMD,2008-03-12,6.43,6.65,6.31,6.49,19030900,6.43,6.65,6.31,6.49,19030900,2020-09-26T01:04:37Z
AMD,2008-03-13,6.73,6.78,6.31,6.33,23736800,6.73,6.78,6.31,6.33,23736800,2020-09-26T01:04:37Z
AMD,2008-03-14,6.38,6.83,6.35,6.83,25335900,6.38,6.83,6.35,6.83,25335900,2020-09-26T01:04:37Z
AMD,2008-03-17,6.34,6.41,6.16,6.21,19284500,6.34,6.41,6.16,6.21,19284500,2020-09-26T01:04:37Z
AMD,2008-03-18,6.39,6.54,6.27,6.43,21990600,6.39,6.54,6.27,6.43,21990600,2020-09-26T01:04:37Z
AMD,2008-03-19,6.15,6.45,6.11,6.43,19810100,6.15,6.45,6.11,6.43,19810100,2020-09-26T01:04:37Z
AMD,2008-03-20,6.11,6.22,6.07,6.17,25882000,6.11,6.22,6.07,6.17,25882000,2020-09-26T01:04:37Z
AMD,2008-03-24,6.21,6.34,6.13,6.2,18020400,6.21,6.34,6.13,6.2,18020400,2020-09-26T01:04:37Z
AMD,2008-03-25,6.3,6.34,6.15,6.29,16347600,6.3,6.34,6.15,6.29,16347600,2020-09-26T01:04:37Z
AMD,2008-03-26,6.22,6.3,6.12,6.27,16274300,6.22,6.3,6.12,6.27,16274300,2020-09-26T01:04:37Z
AMD,2008-03-27,6.16,6.33,6.16,6.33,11455100,6.16,6.33,6.16,6.33,11455100,2020-09-26T01:04:37Z
AMD,2008-03-28,5.91,6.22,5.76,6.22,35745200,5.91,6.22,5.76,6.22,35745200,2020-09-26T01:04:37Z
AMD,2008-03-31,5.89,6.02,5.78,5.85,18966400,5.89,6.02,5.78,5.85,18966400,2020-09-26T01:04:37Z
AMD,2008-04-01,6.07,6.11,5.89,5.93,16212300,6.07,6.11,5.89,5.93,16212300,2020-09-26T01:04:37Z
AMD,2008-04-02,6.19,6.37,6.08,6.08,30142800,6.19,6.37,6.08,6.08,30142800,2020-09-26T01:04:37Z
AMD,2008-04-03,6.26,6.29,6.15,6.16,39532900,6.26,6.29,6.15,6.16,39532900,2020-09-26T01:04:37Z
AMD,2008-04-04,6.23,6.33,6.16,6.24,21188100,6.23,6.33,6.16,6.24,21188100,2020-09-26T01:04:37Z
AMD,2008-04-07,6.34,6.47,6.27,6.31,26068800,6.34,6.47,6.27,6.31,26068800,2020-09-26T01:04:37Z
AMD,2008-04-08,6.03,6.18,5.95,6.11,61781000,6.03,6.18,5.95,6.11,61781000,2020-09-26T01:04:37Z
AMD,2008-04-09,6.26,6.3,5.98,6.09,26890900,6.26,6.3,5.98,6.09,26890900,2020-09-26T01:04:37Z
AMD,2008-04-10,6.27,6.48,6.23,6.27,21685500,6.27,6.48,6.23,6.27,21685500,2020-09-26T01:04:37Z
AMD,2008-04-11,6.01,6.29,5.97,6.21,22148800,6.01,6.29,5.97,6.21,22148800,2020-09-26T01:04:37Z
AMD,2008-04-14,5.86,6.09,5.83,6.06,19333200,5.86,6.09,5.83,6.06,19333200,2020-09-26T01:04:37Z
AMD,2008-04-15,5.78,5.91,5.61,5.91,22749300,5.78,5.91,5.61,5.91,22749300,2020-09-26T01:04:37Z
AMD,2008-04-16,6.07,6.17,5.83,5.93,26658500,6.07,6.17,5.83,5.93,26658500,2020-09-26T01:04:37Z
AMD,2008-04-17,6.19,6.3,6,6.06,23820600,6.19,6.3,6,6.06,23820600,2020-09-26T01:04:37Z
AMD,2008-04-18,6.11,6.39,5.98,6.38,34379700,6.11,6.39,5.98,6.38,34379700,2020-09-26T01:04:37Z
AMD,2008-04-21,6.14,6.14,5.95,6.09,14601100,6.14,6.14,5.95,6.09,14601100,2020-09-26T01:04:37Z
AMD,2008-04-22,5.96,6.14,5.93,6.14,14778500,5.96,6.14,5.93,6.14,14778500,2020-09-26T01:04:37Z
AMD,2008-04-23,5.92,6.07,5.86,6.03,23279000,5.92,6.07,5.86,6.03,23279000,2020-09-26T01:04:37Z
AMD,2008-04-24,6.03,6.13,5.83,5.94,20104500,6.03,6.13,5.83,5.94,20104500,2020-09-26T01:04:37Z
AMD,2008-04-25,6.06,6.1,5.93,6.09,11079500,6.06,6.1,5.93,6.09,11079500,2020-09-26T01:04:37Z
AMD,2008-04-28,6,6.11,6,6.06,8006800,6,6.11,6,6.06,8006800,2020-09-26T01:04:37Z
AMD,2008-04-29,6.02,6.07,5.95,5.98,10696900,6.02,6.07,5.95,5.98,10696900,2020-09-26T01:04:37Z
AMD,2008-04-30,5.96,6.07,5.93,6.03,14031600,5.96,6.07,5.93,6.03,14031600,2020-09-26T01:04:37Z
AMD,2008-05-01,6.22,6.29,5.97,5.98,19593500,6.22,6.29,5.97,5.98,19593500,2020-09-26T01:04:37Z
AMD,2008-05-02,6.16,6.34,6.09,6.28,16101700,6.16,6.34,6.09,6.28,16101700,2020-09-26T01:04:37Z
AMD,2008-05-05,6.53,6.59,6.11,6.16,41537000,6.53,6.59,6.11,6.16,41537000,2020-09-26T01:04:37Z
AMD,2008-05-06,7.12,7.41,6.44,6.45,75526800,7.12,7.41,6.44,6.45,75526800,2020-09-26T01:04:37Z
AMD,2008-05-07,6.91,7.27,6.86,7.15,26783500,6.91,7.27,6.86,7.15,26783500,2020-09-26T01:04:37Z
AMD,2008-05-08,6.93,7.24,6.67,6.99,30115400,6.93,7.24,6.67,6.99,30115400,2020-09-26T01:04:37Z
AMD,2008-05-09,6.94,7.06,6.73,6.89,15497900,6.94,7.06,6.73,6.89,15497900,2020-09-26T01:04:37Z
AMD,2008-05-12,7.16,7.3,6.97,6.98,24087300,7.16,7.3,6.97,6.98,24087300,2020-09-26T01:04:37Z
AMD,2008-05-13,7.19,7.32,7.11,7.19,15153500,7.19,7.32,7.11,7.19,15153500,2020-09-26T01:04:37Z
AMD,2008-05-14,7.16,7.42,7.1,7.25,24841000,7.16,7.42,7.1,7.25,24841000,2020-09-26T01:04:37Z
AMD,2008-05-15,7.41,7.42,7.16,7.17,16959200,7.41,7.42,7.16,7.17,16959200,2020-09-26T01:04:37Z
AMD,2008-05-16,7.26,7.48,7.17,7.48,18008500,7.26,7.48,7.17,7.48,18008500,2020-09-26T01:04:37Z
AMD,2008-05-19,7.1,7.48,7.06,7.31,23536900,7.1,7.48,7.06,7.31,23536900,2020-09-26T01:04:37Z
AMD,2008-05-20,7.12,7.23,7,7.07,18485600,7.12,7.23,7,7.07,18485600,2020-09-26T01:04:37Z
AMD,2008-05-21,7.08,7.26,7.05,7.16,13447200,7.08,7.26,7.05,7.16,13447200,2020-09-26T01:04:37Z
AMD,2008-05-22,7.07,7.19,7.01,7.13,11538200,7.07,7.19,7.01,7.13,11538200,2020-09-26T01:04:37Z
AMD,2008-05-23,6.88,7.06,6.76,7.02,13380400,6.88,7.06,6.76,7.02,13380400,2020-09-26T01:04:37Z
AMD,2008-05-27,6.92,7,6.79,6.91,13118500,6.92,7,6.79,6.91,13118500,2020-09-26T01:04:37Z
AMD,2008-05-28,6.82,7.07,6.74,7.01,18160900,6.82,7.07,6.74,7.01,18160900,2020-09-26T01:04:37Z
AMD,2008-05-29,6.77,6.9,6.75,6.82,12629200,6.77,6.9,6.75,6.82,12629200,2020-09-26T01:04:37Z
AMD,2008-05-30,6.88,6.95,6.71,6.86,20871800,6.88,6.95,6.71,6.86,20871800,2020-09-26T01:04:37Z
AMD,2008-06-02,6.8,6.88,6.74,6.88,10825700,6.8,6.88,6.74,6.88,10825700,2020-09-26T01:04:37Z
AMD,2008-06-03,6.81,6.87,6.72,6.84,15575500,6.81,6.87,6.72,6.84,15575500,2020-09-26T01:04:37Z
AMD,2008-06-04,7.19,7.3,6.81,6.85,33427000,7.19,7.3,6.81,6.85,33427000,2020-09-26T01:04:37Z
AMD,2008-06-05,7.78,7.79,7.29,7.31,40470500,7.78,7.79,7.29,7.31,40470500,2020-09-26T01:04:37Z
AMD,2008-06-06,7.43,7.7,7.42,7.68,29836500,7.43,7.7,7.42,7.68,29836500,2020-09-26T01:04:37Z
AMD,2008-06-09,7.68,7.98,7.44,7.56,26741400,7.68,7.98,7.44,7.56,26741400,2020-09-26T01:04:37Z
AMD,2008-06-10,7.43,7.65,7.38,7.58,23481000,7.43,7.65,7.38,7.58,23481000,2020-09-26T01:04:37Z
AMD,2008-06-11,6.96,7.43,6.92,7.38,26584600,6.96,7.43,6.92,7.38,26584600,2020-09-26T01:04:37Z
AMD,2008-06-12,7.14,7.36,7.09,7.09,22172300,7.14,7.36,7.09,7.09,22172300,2020-09-26T01:04:37Z
AMD,2008-06-13,7.52,7.55,7.23,7.23,19404000,7.52,7.55,7.23,7.23,19404000,2020-09-26T01:04:37Z
AMD,2008-06-16,7.71,7.77,7.41,7.48,18116000,7.71,7.77,7.41,7.48,18116000,2020-09-26T01:04:37Z
AMD,2008-06-17,7.72,7.94,7.58,7.88,24980800,7.72,7.94,7.58,7.88,24980800,2020-09-26T01:04:37Z
AMD,2008-06-18,7.29,7.7,7.27,7.67,22954100,7.29,7.7,7.27,7.67,22954100,2020-09-26T01:04:37Z
AMD,2008-06-19,7.33,7.4,7.02,7.3,20549700,7.33,7.4,7.02,7.3,20549700,2020-09-26T01:04:37Z
AMD,2008-06-20,6.99,7.25,6.96,7.24,22396000,6.99,7.25,6.96,7.24,22396000,2020-09-26T01:04:37Z
AMD,2008-06-23,6.55,7.17,6.51,7.13,29669400,6.55,7.17,6.51,7.13,29669400,2020-09-26T01:04:37Z
AMD,2008-06-24,6.24,6.49,6.22,6.49,37493200,6.24,6.49,6.22,6.49,37493200,2020-09-26T01:04:37Z
AMD,2008-06-25,6.43,6.58,6.33,6.36,26969800,6.43,6.58,6.33,6.36,26969800,2020-09-26T01:04:37Z
AMD,2008-06-26,6.13,6.33,6,6.33,29127500,6.13,6.33,6,6.33,29127500,2020-09-26T01:04:37Z
AMD,2008-06-27,5.95,6.22,5.85,6.15,23605300,5.95,6.22,5.85,6.15,23605300,2020-09-26T01:04:37Z
AMD,2008-06-30,5.83,6.04,5.67,6.01,27349100,5.83,6.04,5.67,6.01,27349100,2020-09-26T01:04:37Z
AMD,2008-07-01,5.65,5.82,5.4,5.71,32866100,5.65,5.82,5.4,5.71,32866100,2020-09-26T01:04:37Z
AMD,2008-07-02,5.44,5.84,5.42,5.77,24071200,5.44,5.84,5.42,5.77,24071200,2020-09-26T01:04:37Z
AMD,2008-07-03,5.3,5.55,5.01,5.48,24327000,5.3,5.55,5.01,5.48,24327000,2020-09-26T01:04:37Z
AMD,2008-07-07,5.38,5.67,5.22,5.47,25814200,5.38,5.67,5.22,5.47,25814200,2020-09-26T01:04:37Z
AMD,2008-07-08,5.53,5.54,5.29,5.38,29251100,5.53,5.54,5.29,5.38,29251100,2020-09-26T01:04:37Z
AMD,2008-07-09,5.06,5.59,5.01,5.55,35716700,5.06,5.59,5.01,5.55,35716700,2020-09-26T01:04:37Z
AMD,2008-07-10,4.96,5.12,4.75,5.11,45744900,4.96,5.12,4.75,5.11,45744900,2020-09-26T01:04:37Z
AMD,2008-07-11,4.84,4.93,4.6,4.75,29950600,4.84,4.93,4.6,4.75,29950600,2020-09-26T01:04:37Z
AMD,2008-07-14,4.82,4.95,4.72,4.95,22366000,4.82,4.95,4.72,4.95,22366000,2020-09-26T01:04:37Z
AMD,2008-07-15,4.72,4.88,4.53,4.68,26936000,4.72,4.88,4.53,4.68,26936000,2020-09-26T01:04:37Z
AMD,2008-07-16,5.06,5.09,4.68,4.9,24063600,5.06,5.09,4.68,4.9,24063600,2020-09-26T01:04:37Z
AMD,2008-07-17,5.3,5.32,4.82,5.25,36029200,5.3,5.32,4.82,5.25,36029200,2020-09-26T01:04:37Z
AMD,2008-07-18,4.65,5,4.58,4.91,58900100,4.65,5,4.58,4.91,58900100,2020-09-26T01:04:37Z
AMD,2008-07-21,4.59,4.75,4.56,4.73,23287200,4.59,4.75,4.56,4.73,23287200,2020-09-26T01:04:37Z
AMD,2008-07-22,4.41,4.59,4.32,4.52,29387100,4.41,4.59,4.32,4.52,29387100,2020-09-26T01:04:37Z
AMD,2008-07-23,4.67,4.69,4.44,4.44,22648700,4.67,4.69,4.44,4.44,22648700,2020-09-26T01:04:37Z
AMD,2008-07-24,4.37,4.73,4.33,4.68,18566100,4.37,4.73,4.33,4.68,18566100,2020-09-26T01:04:37Z
AMD,2008-07-25,4.36,4.44,4.27,4.42,14940100,4.36,4.44,4.27,4.42,14940100,2020-09-26T01:04:37Z
AMD,2008-07-28,4.19,4.39,4.18,4.38,17168300,4.19,4.39,4.18,4.38,17168300,2020-09-26T01:04:37Z
AMD,2008-07-29,4.21,4.25,4.11,4.2,18713800,4.21,4.25,4.11,4.2,18713800,2020-09-26T01:04:37Z
AMD,2008-07-30,4.23,4.28,4.11,4.25,18960700,4.23,4.28,4.11,4.25,18960700,2020-09-26T01:04:37Z
AMD,2008-07-31,4.21,4.37,4.13,4.18,14905600,4.21,4.37,4.13,4.18,14905600,2020-09-26T01:04:37Z
AMD,2008-08-01,4.28,4.32,4.05,4.26,25927900,4.28,4.32,4.05,4.26,25927900,2020-09-26T01:04:37Z
AMD,2008-08-04,4.48,4.52,4.29,4.31,15988300,4.48,4.52,4.29,4.31,15988300,2020-09-26T01:04:37Z
AMD,2008-08-05,4.6,4.65,4.47,4.63,14195500,4.6,4.65,4.47,4.63,14195500,2020-09-26T01:04:37Z
AMD,2008-08-06,4.8,4.8,4.48,4.62,14525000,4.8,4.8,4.48,4.62,14525000,2020-09-26T01:04:37Z
AMD,2008-08-07,5.03,5.17,4.66,4.73,32593500,5.03,5.17,4.66,4.73,32593500,2020-09-26T01:04:37Z
AMD,2008-08-08,5.13,5.26,5.05,5.19,22306300,5.13,5.26,5.05,5.19,22306300,2020-09-26T01:04:37Z
AMD,2008-08-11,5.11,5.2,5.03,5.1,15653300,5.11,5.2,5.03,5.1,15653300,2020-09-26T01:04:37Z
AMD,2008-08-12,5.21,5.35,5.12,5.2,30840000,5.21,5.35,5.12,5.2,30840000,2020-09-26T01:04:37Z
AMD,2008-08-13,5.15,5.23,5,5.2,19108600,5.15,5.23,5,5.2,19108600,2020-09-26T01:04:37Z
AMD,2008-08-14,5.3,5.37,5.14,5.15,18960600,5.3,5.37,5.14,5.15,18960600,2020-09-26T01:04:37Z
AMD,2008-08-15,5.64,5.87,5.25,5.37,33370600,5.64,5.87,5.25,5.37,33370600,2020-09-26T01:04:37Z
AMD,2008-08-18,5.91,5.91,5.58,5.7,36902900,5.91,5.91,5.58,5.7,36902900,2020-09-26T01:04:37Z
AMD,2008-08-19,5.58,5.9,5.54,5.72,21241900,5.58,5.9,5.54,5.72,21241900,2020-09-26T01:04:37Z
AMD,2008-08-20,5.7,5.85,5.52,5.7,20661700,5.7,5.85,5.52,5.7,20661700,2020-09-26T01:04:37Z
AMD,2008-08-21,5.76,5.82,5.54,5.58,14840500,5.76,5.82,5.54,5.58,14840500,2020-09-26T01:04:37Z
AMD,2008-08-22,5.81,6,5.7,5.86,16999900,5.81,6,5.7,5.86,16999900,2020-09-26T01:04:37Z
AMD,2008-08-25,5.93,6.18,5.82,5.93,24523800,5.93,6.18,5.82,5.93,24523800,2020-09-26T01:04:37Z
AMD,2008-08-26,5.93,6.02,5.87,5.98,17470800,5.93,6.02,5.87,5.98,17470800,2020-09-26T01:04:37Z
AMD,2008-08-27,6.07,6.14,5.9,5.91,14544300,6.07,6.14,5.9,5.91,14544300,2020-09-26T01:04:37Z
AMD,2008-08-28,6.25,6.25,6.1,6.12,11442200,6.25,6.25,6.1,6.12,11442200,2020-09-26T01:04:37Z
AMD,2008-08-29,6.29,6.35,6.1,6.14,16256900,6.29,6.35,6.1,6.14,16256900,2020-09-26T01:04:37Z
AMD,2008-09-02,6.34,6.47,6.15,6.36,25165900,6.34,6.47,6.15,6.36,25165900,2020-09-26T01:04:37Z
AMD,2008-09-03,6.15,6.45,6.07,6.34,24979400,6.15,6.45,6.07,6.34,24979400,2020-09-26T01:04:37Z
AMD,2008-09-04,5.84,6.18,5.77,6.12,24817500,5.84,6.18,5.77,6.12,24817500,2020-09-26T01:04:37Z
AMD,2008-09-05,5.96,5.99,5.34,5.63,23032500,5.96,5.99,5.34,5.63,23032500,2020-09-26T01:04:37Z
AMD,2008-09-08,6.07,6.3,5.93,6.23,19521100,6.07,6.3,5.93,6.23,19521100,2020-09-26T01:04:37Z
AMD,2008-09-09,5.77,6.1,5.62,6.07,21404100,5.77,6.1,5.62,6.07,21404100,2020-09-26T01:04:37Z
AMD,2008-09-10,5.78,5.88,5.61,5.78,15144400,5.78,5.88,5.61,5.78,15144400,2020-09-26T01:04:37Z
AMD,2008-09-11,5.71,5.85,5.51,5.61,17954800,5.71,5.85,5.51,5.61,17954800,2020-09-26T01:04:37Z
AMD,2008-09-12,5.75,5.84,5.61,5.7,22598600,5.75,5.84,5.61,5.7,22598600,2020-09-26T01:04:37Z
AMD,2008-09-15,5.18,5.63,5.18,5.31,16324200,5.18,5.63,5.18,5.31,16324200,2020-09-26T01:04:37Z
AMD,2008-09-16,5.26,5.27,4.8,4.96,24656400,5.26,5.27,4.8,4.96,24656400,2020-09-26T01:04:37Z
AMD,2008-09-17,4.9,5.29,4.85,5.13,25855600,4.9,5.29,4.85,5.13,25855600,2020-09-26T01:04:37Z
AMD,2008-09-18,5.3,5.39,4.8,4.95,30989400,5.3,5.39,4.8,4.95,30989400,2020-09-26T01:04:37Z
AMD,2008-09-19,5.42,5.68,5.23,5.66,21879100,5.42,5.68,5.23,5.66,21879100,2020-09-26T01:04:37Z
AMD,2008-09-22,4.99,5.42,4.96,5.4,14716300,4.99,5.42,4.96,5.4,14716300,2020-09-26T01:04:37Z
AMD,2008-09-23,4.94,5.17,4.89,5.05,21581100,4.94,5.17,4.89,5.05,21581100,2020-09-26T01:04:37Z
AMD,2008-09-24,4.88,5.05,4.85,5.03,13284400,4.88,5.05,4.85,5.03,13284400,2020-09-26T01:04:37Z
AMD,2008-09-25,5.23,5.29,4.91,4.95,26067900,5.23,5.29,4.91,4.95,26067900,2020-09-26T01:04:37Z
AMD,2008-09-26,5.16,5.21,4.96,5.01,19267200,5.16,5.21,4.96,5.01,19267200,2020-09-26T01:04:37Z
AMD,2008-09-29,4.29,6,3,5,32198900,4.29,6,3,5,32198900,2020-09-26T01:04:37Z
AMD,2008-09-30,5.25,5.25,4.22,4.49,18803100,5.25,5.25,4.22,4.49,18803100,2020-09-26T01:04:37Z
AMD,2008-10-01,4.74,5,4.53,4.55,27343100,4.74,5,4.53,4.55,27343100,2020-09-26T01:04:37Z
AMD,2008-10-02,4.14,4.85,4.13,4.6,24979200,4.14,4.85,4.13,4.6,24979200,2020-09-26T01:04:37Z
AMD,2008-10-03,4.53,4.81,4.21,4.32,38171900,4.53,4.81,4.21,4.32,38171900,2020-09-26T01:04:37Z
AMD,2008-10-06,4.23,4.36,4.01,4.25,26603600,4.23,4.36,4.01,4.25,26603600,2020-09-26T01:04:37Z
AMD,2008-10-07,4.59,5.56,4.23,5.25,79708304,4.59,5.56,4.23,5.25,79708304,2020-09-26T01:04:37Z
AMD,2008-10-08,4.05,4.74,3.99,4.44,46040000,4.05,4.74,3.99,4.44,46040000,2020-09-26T01:04:37Z
AMD,2008-10-09,4.04,4.44,4.04,4.22,29099100,4.04,4.44,4.04,4.22,29099100,2020-09-26T01:04:37Z
AMD,2008-10-10,3.81,4.3,3.51,3.85,32999000,3.81,4.3,3.51,3.85,32999000,2020-09-26T01:04:37Z
AMD,2008-10-13,4.21,4.25,3.91,4.24,16134300,4.21,4.25,3.91,4.24,16134300,2020-09-26T01:04:37Z
AMD,2008-10-14,4.27,4.52,4.15,4.5,27717300,4.27,4.52,4.15,4.5,27717300,2020-09-26T01:04:37Z
AMD,2008-10-15,3.91,4.27,3.91,4.25,23162400,3.91,4.27,3.91,4.25,23162400,2020-09-26T01:04:37Z
AMD,2008-10-16,4.12,4.23,3.65,4.04,29066900,4.12,4.23,3.65,4.04,29066900,2020-09-26T01:04:37Z
AMD,2008-10-17,4.21,4.52,4.09,4.36,38907600,4.21,4.52,4.09,4.36,38907600,2020-09-26T01:04:37Z
AMD,2008-10-20,4.11,4.31,4,4.25,22553700,4.11,4.31,4,4.25,22553700,2020-09-26T01:04:37Z
AMD,2008-10-21,3.91,4.08,3.88,4.01,13700500,3.91,4.08,3.88,4.01,13700500,2020-09-26T01:04:37Z
AMD,2008-10-22,3.62,3.91,3.59,3.86,15933100,3.62,3.91,3.59,3.86,15933100,2020-09-26T01:04:37Z
AMD,2008-10-23,3.28,3.68,3.2,3.62,23883200,3.28,3.68,3.2,3.62,23883200,2020-09-26T01:04:37Z
AMD,2008-10-24,3.03,3.19,2.78,2.99,25569900,3.03,3.19,2.78,2.99,25569900,2020-09-26T01:04:37Z
AMD,2008-10-27,2.94,3.02,2.84,2.93,16610800,2.94,3.02,2.84,2.93,16610800,2020-09-26T01:04:37Z
AMD,2008-10-28,2.84,3.14,2.65,3.11,24932300,2.84,3.14,2.65,3.11,24932300,2020-09-26T01:04:37Z
AMD,2008-10-29,2.98,3.15,2.86,3,19947200,2.98,3.15,2.86,3,19947200,2020-09-26T01:04:37Z
AMD,2008-10-30,3.56,3.59,3.15,3.2,24322900,3.56,3.59,3.15,3.2,24322900,2020-09-26T01:04:37Z
AMD,2008-10-31,3.5,3.71,3.36,3.36,16624600,3.5,3.71,3.36,3.36,16624600,2020-09-26T01:04:37Z
AMD,2008-11-03,3.61,3.87,3.54,3.58,17847400,3.61,3.87,3.54,3.58,17847400,2020-09-26T01:04:37Z
AMD,2008-11-04,3.8,3.84,3.6,3.82,20903600,3.8,3.84,3.6,3.82,20903600,2020-09-26T01:04:37Z
AMD,2008-11-05,3.55,3.79,3.54,3.69,13400600,3.55,3.79,3.54,3.69,13400600,2020-09-26T01:04:37Z
AMD,2008-11-06,3.17,3.5,3.09,3.5,20680800,3.17,3.5,3.09,3.5,20680800,2020-09-26T01:04:37Z
AMD,2008-11-07,3.16,3.41,3.06,3.24,15561600,3.16,3.41,3.06,3.24,15561600,2020-09-26T01:04:37Z
AMD,2008-11-10,3.04,3.29,3.01,3.27,8365000,3.04,3.29,3.01,3.27,8365000,2020-09-26T01:04:37Z
AMD,2008-11-11,2.96,3.06,2.83,3.02,10508300,2.96,3.06,2.83,3.02,10508300,2020-09-26T01:04:37Z
AMD,2008-11-12,2.57,2.89,2.57,2.87,20534000,2.57,2.89,2.57,2.87,20534000,2020-09-26T01:04:37Z
AMD,2008-11-13,2.7,2.75,2.3,2.71,28109500,2.7,2.75,2.3,2.71,28109500,2020-09-26T01:04:37Z
AMD,2008-11-14,2.43,2.66,2.37,2.65,23779000,2.43,2.66,2.37,2.65,23779000,2020-09-26T01:04:37Z
AMD,2008-11-17,2.5,2.65,2.47,2.49,14350400,2.5,2.65,2.47,2.49,14350400,2020-09-26T01:04:37Z
AMD,2008-11-18,2.5,2.69,2.4,2.69,13315100,2.5,2.69,2.4,2.69,13315100,2020-09-26T01:04:37Z
AMD,2008-11-19,2.12,2.54,2.11,2.51,17266900,2.12,2.54,2.11,2.51,17266900,2020-09-26T01:04:37Z
AMD,2008-11-20,1.91,2.15,1.88,2.14,22730800,1.91,2.15,1.88,2.14,22730800,2020-09-26T01:04:37Z
AMD,2008-11-21,1.82,2.02,1.62,1.99,22930700,1.82,2.02,1.62,1.99,22930700,2020-09-26T01:04:37Z
AMD,2008-11-24,1.86,1.94,1.75,1.9,22664400,1.86,1.94,1.75,1.9,22664400,2020-09-26T01:04:37Z
AMD,2008-11-25,1.8,1.96,1.78,1.91,16335400,1.8,1.96,1.78,1.91,16335400,2020-09-26T01:04:37Z
AMD,2008-11-26,2.13,2.17,1.8,1.89,23965400,2.13,2.17,1.8,1.89,23965400,2020-09-26T01:04:37Z
AMD,2008-11-28,2.36,2.37,2.15,2.18,8960100,2.36,2.37,2.15,2.18,8960100,2020-09-26T01:04:37Z
AMD,2008-12-01,2,2.33,1.98,2.3,17180000,2,2.33,1.98,2.3,17180000,2020-09-26T01:04:37Z
AMD,2008-12-02,2.03,2.15,1.96,2.11,13840000,2.03,2.15,1.96,2.11,13840000,2020-09-26T01:04:37Z
AMD,2008-12-03,2.2,2.37,1.92,1.95,31256600,2.2,2.37,1.92,1.95,31256600,2020-09-26T01:04:37Z
AMD,2008-12-04,2.08,2.35,1.92,2,32671500,2.08,2.35,1.92,2,32671500,2020-09-26T01:04:37Z
AMD,2008-12-05,2.13,2.22,2,2.05,18832100,2.13,2.22,2,2.05,18832100,2020-09-26T01:04:37Z
AMD,2008-12-08,2.1,2.3,2.02,2.25,22646900,2.1,2.3,2.02,2.25,22646900,2020-09-26T01:04:37Z
AMD,2008-12-09,2.27,2.29,2.01,2.05,22853700,2.27,2.29,2.01,2.05,22853700,2020-09-26T01:04:37Z
AMD,2008-12-10,2.2,2.3,2.19,2.27,11249300,2.2,2.3,2.19,2.27,11249300,2020-09-26T01:04:37Z
AMD,2008-12-11,2.2,2.28,2.1,2.17,10983600,2.2,2.28,2.1,2.17,10983600,2020-09-26T01:04:37Z
AMD,2008-12-12,2.28,2.32,2.05,2.11,14426600,2.28,2.32,2.05,2.11,14426600,2020-09-26T01:04:37Z
AMD,2008-12-15,2.21,2.35,2.15,2.26,6393900,2.21,2.35,2.15,2.26,6393900,2020-09-26T01:04:37Z
AMD,2008-12-16,2.25,2.28,2.15,2.28,10893400,2.25,2.28,2.15,2.28,10893400,2020-09-26T01:04:37Z
AMD,2008-12-17,2.29,2.3,2.18,2.21,8435000,2.29,2.3,2.18,2.21,8435000,2020-09-26T01:04:37Z
AMD,2008-12-18,2.23,2.34,2.2,2.26,12655900,2.23,2.34,2.2,2.26,12655900,2020-09-26T01:04:37Z
AMD,2008-12-19,2.27,2.33,2.18,2.33,13525500,2.27,2.33,2.18,2.33,13525500,2020-09-26T01:04:37Z
AMD,2008-12-22,2.02,2.26,1.93,2.26,16352200,2.02,2.26,1.93,2.26,16352200,2020-09-26T01:04:37Z
AMD,2008-12-23,1.96,2.08,1.95,2.07,10140200,1.96,2.08,1.95,2.07,10140200,2020-09-26T01:04:37Z
AMD,2008-12-24,1.99,2.03,1.97,1.98,2912300,1.99,2.03,1.97,1.98,2912300,2020-09-26T01:04:37Z
AMD,2008-12-26,2.18,2.21,2.04,2.1,9527500,2.18,2.21,2.04,2.1,9527500,2020-09-26T01:04:37Z
AMD,2008-12-29,2.1,2.27,2.06,2.26,11002800,2.1,2.27,2.06,2.26,11002800,2020-09-26T01:04:37Z
AMD,2008-12-30,2.21,2.21,2.1,2.13,10269700,2.21,2.21,2.1,2.13,10269700,2020-09-26T01:04:37Z
AMD,2008-12-31,2.16,2.2,2.11,2.2,10233700,2.16,2.2,2.11,2.2,10233700,2020-09-26T01:04:37Z
AMD,2009-01-02,2.38,2.43,2.17,2.19,13832000,2.38,2.43,2.17,2.19,13832000,2020-09-26T01:04:37Z
AMD,2009-01-05,2.67,2.68,2.35,2.37,19330000,2.67,2.68,2.35,2.37,19330000,2020-09-26T01:04:37Z
AMD,2009-01-06,2.78,2.85,2.55,2.75,23866500,2.78,2.85,2.55,2.75,23866500,2020-09-26T01:04:37Z
AMD,2009-01-07,2.66,2.72,2.55,2.72,14026900,2.66,2.72,2.55,2.72,14026900,2020-09-26T01:04:37Z
AMD,2009-01-08,2.74,2.74,2.51,2.64,13407400,2.74,2.74,2.51,2.64,13407400,2020-09-26T01:04:37Z
AMD,2009-01-09,2.69,2.83,2.63,2.79,9733100,2.69,2.83,2.63,2.79,9733100,2020-09-26T01:04:37Z
AMD,2009-01-12,2.52,2.69,2.45,2.69,13087700,2.52,2.69,2.45,2.69,13087700,2020-09-26T01:04:37Z
AMD,2009-01-13,2.38,2.47,2.3,2.42,21158800,2.38,2.47,2.3,2.42,21158800,2020-09-26T01:04:37Z
AMD,2009-01-14,2.15,2.3,2.11,2.29,14823100,2.15,2.3,2.11,2.29,14823100,2020-09-26T01:04:37Z
AMD,2009-01-15,2.26,2.3,2.05,2.15,16104300,2.26,2.3,2.05,2.15,16104300,2020-09-26T01:04:37Z
AMD,2009-01-16,2.29,2.4,2.2,2.32,15182500,2.29,2.4,2.2,2.32,15182500,2020-09-26T01:04:37Z
AMD,2009-01-20,2,2.29,2,2.23,12988600,2,2.29,2,2.23,12988600,2020-09-26T01:04:37Z
AMD,2009-01-21,2.25,2.25,2.03,2.05,11916700,2.25,2.25,2.03,2.05,11916700,2020-09-26T01:04:37Z
AMD,2009-01-22,2.02,2.18,1.97,2.15,21425700,2.02,2.18,1.97,2.15,21425700,2020-09-26T01:04:37Z
AMD,2009-01-23,2.07,2.23,1.86,1.86,26601500,2.07,2.23,1.86,1.86,26601500,2020-09-26T01:04:37Z
AMD,2009-01-26,2.01,2.14,2,2.08,15748700,2.01,2.14,2,2.08,15748700,2020-09-26T01:04:37Z
AMD,2009-01-27,2.14,2.19,2.04,2.06,12917200,2.14,2.19,2.04,2.06,12917200,2020-09-26T01:04:37Z
AMD,2009-01-28,2.35,2.45,2.17,2.23,19554800,2.35,2.45,2.17,2.23,19554800,2020-09-26T01:04:37Z
AMD,2009-01-29,2.2,2.29,2.18,2.29,8306000,2.2,2.29,2.18,2.29,8306000,2020-09-26T01:04:37Z
AMD,2009-01-30,2.19,2.29,2.16,2.22,11038100,2.19,2.29,2.16,2.22,11038100,2020-09-26T01:04:37Z
AMD,2009-02-02,2.15,2.22,2.07,2.15,8110300,2.15,2.22,2.07,2.15,8110300,2020-09-26T01:04:37Z
AMD,2009-02-03,2.21,2.23,2.11,2.16,8595100,2.21,2.23,2.11,2.16,8595100,2020-09-26T01:04:37Z
AMD,2009-02-04,2.27,2.51,2.15,2.22,15477400,2.27,2.51,2.15,2.22,15477400,2020-09-26T01:04:37Z
AMD,2009-02-05,2.36,2.44,2.21,2.26,17011500,2.36,2.44,2.21,2.26,17011500,2020-09-26T01:04:37Z
AMD,2009-02-06,2.41,2.47,2.33,2.42,12617200,2.41,2.47,2.33,2.42,12617200,2020-09-26T01:04:37Z
AMD,2009-02-09,2.36,2.41,2.33,2.36,9916500,2.36,2.41,2.33,2.36,9916500,2020-09-26T01:04:37Z
AMD,2009-02-10,2.11,2.4,2,2.36,24517600,2.11,2.4,2,2.36,24517600,2020-09-26T01:04:37Z
AMD,2009-02-11,2.15,2.21,2.09,2.16,11796800,2.15,2.21,2.09,2.16,11796800,2020-09-26T01:04:37Z
AMD,2009-02-12,2.28,2.3,2.11,2.18,12085100,2.28,2.3,2.11,2.18,12085100,2020-09-26T01:04:37Z
AMD,2009-02-13,2.42,2.46,2.25,2.3,15057800,2.42,2.46,2.25,2.3,15057800,2020-09-26T01:04:37Z
AMD,2009-02-17,2.37,2.4,2.28,2.3,15592800,2.37,2.4,2.28,2.3,15592800,2020-09-26T01:04:37Z
AMD,2009-02-18,2.2,2.5,2.12,2.35,18635200,2.2,2.5,2.12,2.35,18635200,2020-09-26T01:04:37Z
AMD,2009-02-19,2.12,2.3,2.11,2.3,12271600,2.12,2.3,2.11,2.3,12271600,2020-09-26T01:04:37Z
AMD,2009-02-20,2.03,2.13,2,2.07,12688800,2.03,2.13,2,2.07,12688800,2020-09-26T01:04:37Z
AMD,2009-02-23,2.02,2.09,2.01,2.09,10436400,2.02,2.09,2.01,2.09,10436400,2020-09-26T01:04:37Z
AMD,2009-02-24,2.12,2.18,2.02,2.05,12778100,2.12,2.18,2.02,2.05,12778100,2020-09-26T01:04:37Z
AMD,2009-02-25,2.22,2.28,2.07,2.13,13086300,2.22,2.28,2.07,2.13,13086300,2020-09-26T01:04:37Z
AMD,2009-02-26,2.09,2.28,2.09,2.26,11036800,2.09,2.28,2.09,2.26,11036800,2020-09-26T01:04:37Z
AMD,2009-02-27,2.18,2.2,2.05,2.08,14342200,2.18,2.2,2.05,2.08,14342200,2020-09-26T01:04:37Z
AMD,2009-03-02,2.01,2.21,2.01,2.13,15337700,2.01,2.21,2.01,2.13,15337700,2020-09-26T01:04:37Z
AMD,2009-03-03,2.07,2.19,2.07,2.14,18597800,2.07,2.19,2.07,2.14,18597800,2020-09-26T01:04:37Z
AMD,2009-03-04,2.3,2.33,2.14,2.15,21187400,2.3,2.33,2.14,2.15,21187400,2020-09-26T01:04:37Z
AMD,2009-03-05,2.16,2.3,2.14,2.21,10533400,2.16,2.3,2.14,2.21,10533400,2020-09-26T01:04:37Z
AMD,2009-03-06,2.14,2.22,2.09,2.19,9511100,2.14,2.22,2.09,2.19,9511100,2020-09-26T01:04:37Z
AMD,2009-03-09,2.14,2.26,2.1,2.11,9490100,2.14,2.26,2.1,2.11,9490100,2020-09-26T01:04:37Z
AMD,2009-03-10,2.32,2.35,2.19,2.21,14928400,2.32,2.35,2.19,2.21,14928400,2020-09-26T01:04:37Z
AMD,2009-03-11,2.31,2.35,2.25,2.33,11985700,2.31,2.35,2.25,2.33,11985700,2020-09-26T01:04:37Z
AMD,2009-03-12,2.4,2.44,2.27,2.3,14599500,2.4,2.44,2.27,2.3,14599500,2020-09-26T01:04:37Z
AMD,2009-03-13,2.52,2.6,2.35,2.39,14898400,2.52,2.6,2.35,2.39,14898400,2020-09-26T01:04:37Z
AMD,2009-03-16,2.48,2.72,2.44,2.51,22781300,2.48,2.72,2.44,2.51,22781300,2020-09-26T01:04:37Z
AMD,2009-03-17,2.76,2.88,2.43,2.48,22843300,2.76,2.88,2.43,2.48,22843300,2020-09-26T01:04:37Z
AMD,2009-03-18,2.97,2.97,2.73,2.76,14556200,2.97,2.97,2.73,2.76,14556200,2020-09-26T01:04:37Z
AMD,2009-03-19,2.96,3.19,2.84,3.04,18554200,2.96,3.19,2.84,3.04,18554200,2020-09-26T01:04:37Z
AMD,2009-03-20,2.67,3.1,2.67,2.97,17891300,2.67,3.1,2.67,2.97,17891300,2020-09-26T01:04:37Z
AMD,2009-03-23,3.02,3.03,2.83,2.87,13725500,3.02,3.03,2.83,2.87,13725500,2020-09-26T01:04:37Z
AMD,2009-03-24,3.14,3.2,2.88,2.96,19895400,3.14,3.2,2.88,2.96,19895400,2020-09-26T01:04:37Z
AMD,2009-03-25,3.17,3.78,2.93,3.21,33616100,3.17,3.78,2.93,3.21,33616100,2020-09-26T01:04:37Z
AMD,2009-03-26,3.56,3.59,3.21,3.3,24280800,3.56,3.59,3.21,3.3,24280800,2020-09-26T01:04:37Z
AMD,2009-03-27,3.37,3.55,3.35,3.43,11206500,3.37,3.55,3.35,3.43,11206500,2020-09-26T01:04:37Z
AMD,2009-03-30,3.19,3.29,3.1,3.2,12112500,3.19,3.29,3.1,3.2,12112500,2020-09-26T01:04:37Z
AMD,2009-03-31,3.05,3.36,3.04,3.31,20775500,3.05,3.36,3.04,3.31,20775500,2020-09-26T01:04:37Z
AMD,2009-04-01,3.02,3.21,2.92,3,31540600,3.02,3.21,2.92,3,31540600,2020-09-26T01:04:37Z
AMD,2009-04-02,3.16,3.25,3.04,3.16,22517900,3.16,3.25,3.04,3.16,22517900,2020-09-26T01:04:37Z
AMD,2009-04-03,3.43,3.43,3.07,3.13,16141600,3.43,3.43,3.07,3.13,16141600,2020-09-26T01:04:37Z
AMD,2009-04-06,3.53,3.56,3.25,3.3,15236800,3.53,3.56,3.25,3.3,15236800,2020-09-26T01:04:37Z
AMD,2009-04-07,3.44,3.49,3.39,3.41,11659200,3.44,3.49,3.39,3.41,11659200,2020-09-26T01:04:37Z
AMD,2009-04-08,3.68,3.73,3.43,3.5,16874500,3.68,3.73,3.43,3.5,16874500,2020-09-26T01:04:37Z
AMD,2009-04-09,3.75,3.92,3.68,3.78,19027400,3.75,3.92,3.68,3.78,19027400,2020-09-26T01:04:37Z
AMD,2009-04-13,3.61,3.78,3.54,3.75,16022300,3.61,3.78,3.54,3.75,16022300,2020-09-26T01:04:37Z
AMD,2009-04-14,3.63,3.85,3.53,3.59,14701700,3.63,3.85,3.53,3.59,14701700,2020-09-26T01:04:37Z
AMD,2009-04-15,3.44,3.59,3.32,3.53,15601800,3.44,3.59,3.32,3.53,15601800,2020-09-26T01:04:37Z
AMD,2009-04-16,3.57,3.6,3.47,3.52,10108300,3.57,3.6,3.47,3.52,10108300,2020-09-26T01:04:37Z
AMD,2009-04-17,3.56,3.6,3.49,3.58,12225600,3.56,3.6,3.49,3.58,12225600,2020-09-26T01:04:37Z
AMD,2009-04-20,3.31,3.45,3.26,3.43,10503300,3.31,3.45,3.26,3.43,10503300,2020-09-26T01:04:37Z
AMD,2009-04-21,3.36,3.36,3.2,3.23,14214700,3.36,3.36,3.2,3.23,14214700,2020-09-26T01:04:37Z
AMD,2009-04-22,3.33,3.45,3.17,3.2,23888800,3.33,3.45,3.17,3.2,23888800,2020-09-26T01:04:37Z
AMD,2009-04-23,3.53,3.55,3.26,3.37,18625400,3.53,3.55,3.26,3.37,18625400,2020-09-26T01:04:37Z
AMD,2009-04-24,3.51,3.75,3.48,3.56,18539200,3.51,3.75,3.48,3.56,18539200,2020-09-26T01:04:37Z
AMD,2009-04-27,3.47,3.61,3.42,3.43,11960800,3.47,3.61,3.42,3.43,11960800,2020-09-26T01:04:37Z
AMD,2009-04-28,3.41,3.55,3.35,3.41,12109400,3.41,3.55,3.35,3.41,12109400,2020-09-26T01:04:37Z
AMD,2009-04-29,3.51,3.56,3.38,3.4,11547900,3.51,3.56,3.38,3.4,11547900,2020-09-26T01:04:37Z
AMD,2009-04-30,3.61,3.73,3.53,3.55,18198000,3.61,3.73,3.53,3.55,18198000,2020-09-26T01:04:37Z
AMD,2009-05-01,3.82,3.9,3.55,3.55,16236500,3.82,3.9,3.55,3.55,16236500,2020-09-26T01:04:37Z
AMD,2009-05-04,4.26,4.3,3.83,3.9,21250700,4.26,4.3,3.83,3.9,21250700,2020-09-26T01:04:37Z
AMD,2009-05-05,4.32,4.39,4.11,4.36,16369800,4.32,4.39,4.11,4.36,16369800,2020-09-26T01:04:37Z
AMD,2009-05-06,4.31,4.45,4.12,4.45,15082000,4.31,4.45,4.12,4.45,15082000,2020-09-26T01:04:37Z
AMD,2009-05-07,4.01,4.35,3.91,4.22,23392600,4.01,4.35,3.91,4.22,23392600,2020-09-26T01:04:37Z
AMD,2009-05-08,3.93,4.15,3.84,4.12,14317800,3.93,4.15,3.84,4.12,14317800,2020-09-26T01:04:37Z
AMD,2009-05-11,4.22,4.37,3.87,3.9,25360500,4.22,4.37,3.87,3.9,25360500,2020-09-26T01:04:37Z
AMD,2009-05-12,4.35,4.5,4.13,4.41,29742800,4.35,4.5,4.13,4.41,29742800,2020-09-26T01:04:37Z
AMD,2009-05-13,4.38,4.67,4.33,4.36,35473700,4.38,4.67,4.33,4.36,35473700,2020-09-26T01:04:37Z
AMD,2009-05-14,4.24,4.57,4.07,4.35,33864100,4.24,4.57,4.07,4.35,33864100,2020-09-26T01:04:37Z
AMD,2009-05-15,4.01,4.37,3.93,4.26,30098200,4.01,4.37,3.93,4.26,30098200,2020-09-26T01:04:37Z
AMD,2009-05-18,4.14,4.25,4.06,4.19,19660600,4.14,4.25,4.06,4.19,19660600,2020-09-26T01:04:37Z
AMD,2009-05-19,4.39,4.5,4.24,4.3,23177900,4.39,4.5,4.24,4.3,23177900,2020-09-26T01:04:37Z
AMD,2009-05-20,4.5,4.76,4.44,4.57,25219200,4.5,4.76,4.44,4.57,25219200,2020-09-26T01:04:37Z
AMD,2009-05-21,4.34,4.46,4.25,4.45,14488700,4.34,4.46,4.25,4.45,14488700,2020-09-26T01:04:37Z
AMD,2009-05-22,4.26,4.43,4.25,4.43,8275800,4.26,4.43,4.25,4.43,8275800,2020-09-26T01:04:37Z
AMD,2009-05-26,4.53,4.57,4.23,4.26,16120500,4.53,4.57,4.23,4.26,16120500,2020-09-26T01:04:37Z
AMD,2009-05-27,4.71,4.8,4.55,4.57,21517300,4.71,4.8,4.55,4.57,21517300,2020-09-26T01:04:37Z
AMD,2009-05-28,4.7,4.84,4.54,4.75,18376700,4.7,4.84,4.54,4.75,18376700,2020-09-26T01:04:37Z
AMD,2009-05-29,4.54,4.78,4.38,4.71,24526900,4.54,4.78,4.38,4.71,24526900,2020-09-26T01:04:37Z
AMD,2009-06-01,4.73,4.9,4.64,4.69,26625800,4.73,4.9,4.64,4.69,26625800,2020-09-26T01:04:37Z
AMD,2009-06-02,4.56,4.7,4.55,4.7,24954500,4.56,4.7,4.55,4.7,24954500,2020-09-26T01:04:37Z
AMD,2009-06-03,4.48,4.6,4.34,4.55,19094600,4.48,4.6,4.34,4.55,19094600,2020-09-26T01:04:37Z
AMD,2009-06-04,4.65,4.74,4.54,4.57,19715200,4.65,4.74,4.54,4.57,19715200,2020-09-26T01:04:37Z
AMD,2009-06-05,4.63,4.87,4.61,4.84,18776800,4.63,4.87,4.61,4.84,18776800,2020-09-26T01:04:37Z
AMD,2009-06-08,4.61,4.67,4.5,4.58,12336200,4.61,4.67,4.5,4.58,12336200,2020-09-26T01:04:37Z
AMD,2009-06-09,4.75,4.8,4.68,4.7,18770500,4.75,4.8,4.68,4.7,18770500,2020-09-26T01:04:37Z
AMD,2009-06-10,4.82,4.86,4.7,4.81,18329100,4.82,4.86,4.7,4.81,18329100,2020-09-26T01:04:37Z
AMD,2009-06-11,4.7,4.87,4.68,4.83,15849600,4.7,4.87,4.68,4.83,15849600,2020-09-26T01:04:37Z
AMD,2009-06-12,4.47,4.79,4.33,4.75,39915600,4.47,4.79,4.33,4.75,39915600,2020-09-26T01:04:37Z
AMD,2009-06-15,4.26,4.45,4.21,4.39,27466100,4.26,4.45,4.21,4.39,27466100,2020-09-26T01:04:37Z
AMD,2009-06-16,4.13,4.35,4.1,4.3,27521600,4.13,4.35,4.1,4.3,27521600,2020-09-26T01:04:37Z
AMD,2009-06-17,4.08,4.17,3.86,4.13,32796500,4.08,4.17,3.86,4.13,32796500,2020-09-26T01:04:37Z
AMD,2009-06-18,3.85,4.07,3.81,4.03,29208600,3.85,4.07,3.81,4.03,29208600,2020-09-26T01:04:37Z
AMD,2009-06-19,3.87,3.98,3.86,3.92,20843100,3.87,3.98,3.86,3.92,20843100,2020-09-26T01:04:37Z
AMD,2009-06-22,3.62,3.86,3.61,3.84,21564800,3.62,3.86,3.61,3.84,21564800,2020-09-26T01:04:37Z
AMD,2009-06-23,3.55,3.69,3.43,3.67,21411800,3.55,3.69,3.43,3.67,21411800,2020-09-26T01:04:37Z
AMD,2009-06-24,3.66,3.78,3.6,3.63,19674100,3.66,3.78,3.6,3.63,19674100,2020-09-26T01:04:37Z
AMD,2009-06-25,3.64,3.68,3.53,3.62,14595000,3.64,3.68,3.53,3.62,14595000,2020-09-26T01:04:37Z
AMD,2009-06-26,3.62,3.71,3.62,3.69,16782500,3.62,3.71,3.62,3.69,16782500,2020-09-26T01:04:37Z
AMD,2009-06-29,3.72,3.78,3.65,3.72,14896100,3.72,3.78,3.65,3.72,14896100,2020-09-26T01:04:37Z
AMD,2009-06-30,3.87,3.98,3.74,3.77,24138000,3.87,3.98,3.74,3.77,24138000,2020-09-26T01:04:37Z
AMD,2009-07-01,3.91,4.05,3.88,3.93,25980200,3.91,4.05,3.88,3.93,25980200,2020-09-26T01:04:37Z
AMD,2009-07-02,3.78,3.89,3.76,3.84,13415200,3.78,3.89,3.76,3.84,13415200,2020-09-26T01:04:37Z
AMD,2009-07-06,3.55,3.77,3.5,3.74,26789300,3.55,3.77,3.5,3.74,26789300,2020-09-26T01:04:37Z
AMD,2009-07-07,3.43,3.63,3.35,3.63,20511700,3.43,3.63,3.35,3.63,20511700,2020-09-26T01:04:37Z
AMD,2009-07-08,3.36,3.49,3.22,3.44,32724900,3.36,3.49,3.22,3.44,32724900,2020-09-26T01:04:37Z
AMD,2009-07-09,3.48,3.56,3.38,3.43,20002900,3.48,3.56,3.38,3.43,20002900,2020-09-26T01:04:37Z
AMD,2009-07-10,3.49,3.56,3.42,3.43,13017000,3.49,3.56,3.42,3.43,13017000,2020-09-26T01:04:37Z
AMD,2009-07-13,3.56,3.6,3.36,3.53,15488600,3.56,3.6,3.36,3.53,15488600,2020-09-26T01:04:37Z
AMD,2009-07-14,3.55,3.61,3.49,3.59,14482200,3.55,3.61,3.49,3.59,14482200,2020-09-26T01:04:37Z
AMD,2009-07-15,3.86,3.97,3.8,3.8,35984600,3.86,3.97,3.8,3.8,35984600,2020-09-26T01:04:37Z
AMD,2009-07-16,3.92,3.95,3.76,3.9,18804400,3.92,3.95,3.76,3.9,18804400,2020-09-26T01:04:37Z
AMD,2009-07-17,4,4,3.89,3.95,15927800,4,4,3.89,3.95,15927800,2020-09-26T01:04:37Z
AMD,2009-07-20,4.17,4.18,4,4.03,30768800,4.17,4.18,4,4.03,30768800,2020-09-26T01:04:37Z
AMD,2009-07-21,4.08,4.25,3.95,4.25,47575600,4.08,4.25,3.95,4.25,47575600,2020-09-26T01:04:37Z
AMD,2009-07-22,3.55,3.64,3.41,3.54,66623100,3.55,3.64,3.41,3.54,66623100,2020-09-26T01:04:37Z
AMD,2009-07-23,3.59,3.6,3.49,3.54,26307300,3.59,3.6,3.49,3.54,26307300,2020-09-26T01:04:37Z
AMD,2009-07-24,3.77,3.81,3.54,3.56,25206500,3.77,3.81,3.54,3.56,25206500,2020-09-26T01:04:37Z
AMD,2009-07-27,3.8,3.84,3.71,3.82,15802700,3.8,3.84,3.71,3.82,15802700,2020-09-26T01:04:37Z
AMD,2009-07-28,3.77,3.81,3.7,3.77,15671400,3.77,3.81,3.7,3.77,15671400,2020-09-26T01:04:37Z
AMD,2009-07-29,3.71,3.79,3.65,3.77,18390900,3.71,3.79,3.65,3.77,18390900,2020-09-26T01:04:37Z
AMD,2009-07-30,3.66,3.81,3.65,3.78,20837200,3.66,3.81,3.65,3.78,20837200,2020-09-26T01:04:37Z
AMD,2009-07-31,3.66,3.73,3.65,3.66,14288000,3.66,3.73,3.65,3.66,14288000,2020-09-26T01:04:37Z
AMD,2009-08-03,3.74,3.78,3.7,3.75,12850700,3.74,3.78,3.7,3.75,12850700,2020-09-26T01:04:37Z
AMD,2009-08-04,3.76,3.85,3.68,3.75,20097400,3.76,3.85,3.68,3.75,20097400,2020-09-26T01:04:37Z
AMD,2009-08-05,3.75,3.79,3.7,3.77,12174400,3.75,3.79,3.7,3.77,12174400,2020-09-26T01:04:37Z
AMD,2009-08-06,3.71,3.79,3.66,3.75,11660100,3.71,3.79,3.66,3.75,11660100,2020-09-26T01:04:37Z
AMD,2009-08-07,3.7,3.77,3.66,3.77,12272200,3.7,3.77,3.66,3.77,12272200,2020-09-26T01:04:37Z
AMD,2009-08-10,3.68,3.71,3.65,3.71,10704300,3.68,3.71,3.65,3.71,10704300,2020-09-26T01:04:37Z
AMD,2009-08-11,3.59,3.69,3.55,3.68,12670200,3.59,3.69,3.55,3.68,12670200,2020-09-26T01:04:37Z
AMD,2009-08-12,3.59,3.63,3.56,3.6,13472600,3.59,3.63,3.56,3.6,13472600,2020-09-26T01:04:37Z
AMD,2009-08-13,3.68,3.71,3.52,3.61,22053400,3.68,3.71,3.52,3.61,22053400,2020-09-26T01:04:37Z
AMD,2009-08-14,3.69,3.76,3.59,3.66,23178500,3.69,3.76,3.59,3.66,23178500,2020-09-26T01:04:37Z
AMD,2009-08-17,3.55,3.61,3.52,3.55,15706400,3.55,3.61,3.52,3.55,15706400,2020-09-26T01:04:37Z
AMD,2009-08-18,3.56,3.58,3.49,3.55,23278700,3.56,3.58,3.49,3.55,23278700,2020-09-26T01:04:37Z
AMD,2009-08-19,3.52,3.53,3.47,3.49,10937400,3.52,3.53,3.47,3.49,10937400,2020-09-26T01:04:37Z
AMD,2009-08-20,3.52,3.55,3.49,3.53,6537100,3.52,3.55,3.49,3.53,6537100,2020-09-26T01:04:37Z
AMD,2009-08-21,3.7,3.71,3.51,3.53,20139500,3.7,3.71,3.51,3.53,20139500,2020-09-26T01:04:37Z
AMD,2009-08-24,4,4.1,3.88,3.93,49754800,4,4.1,3.88,3.93,49754800,2020-09-26T01:04:37Z
AMD,2009-08-25,4.02,4.14,4.02,4.13,28064900,4.02,4.14,4.02,4.13,28064900,2020-09-26T01:04:37Z
AMD,2009-08-26,4.06,4.08,4,4.03,20686100,4.06,4.08,4,4.03,20686100,2020-09-26T01:04:37Z
AMD,2009-08-27,4.23,4.26,4,4.04,26165400,4.23,4.26,4,4.04,26165400,2020-09-26T01:04:37Z
AMD,2009-08-28,4.47,4.55,4.3,4.45,41971800,4.47,4.55,4.3,4.45,41971800,2020-09-26T01:04:37Z
AMD,2009-08-31,4.36,4.38,4.23,4.32,22133800,4.36,4.38,4.23,4.32,22133800,2020-09-26T01:04:37Z
AMD,2009-09-01,4.22,4.57,4.18,4.36,32602500,4.22,4.57,4.18,4.36,32602500,2020-09-26T01:04:37Z
AMD,2009-09-02,4.28,4.33,4.13,4.19,19010700,4.28,4.33,4.13,4.19,19010700,2020-09-26T01:04:37Z
AMD,2009-09-03,4.53,4.56,4.35,4.39,33189700,4.53,4.56,4.35,4.39,33189700,2020-09-26T01:04:37Z
AMD,2009-09-04,4.53,4.56,4.38,4.55,19625700,4.53,4.56,4.38,4.55,19625700,2020-09-26T01:04:37Z
AMD,2009-09-08,5.19,5.24,4.57,4.6,73416600,5.19,5.24,4.57,4.6,73416600,2020-09-26T01:04:37Z
AMD,2009-09-09,5.2,5.3,5,5.15,44415800,5.2,5.3,5,5.15,44415800,2020-09-26T01:04:37Z
AMD,2009-09-10,5.38,5.45,5.2,5.29,39108300,5.38,5.45,5.2,5.29,39108300,2020-09-26T01:04:37Z
AMD,2009-09-11,5.68,5.75,5.45,5.49,48505600,5.68,5.75,5.45,5.49,48505600,2020-09-26T01:04:37Z
AMD,2009-09-14,5.72,5.78,5.51,5.62,27629000,5.72,5.78,5.51,5.62,27629000,2020-09-26T01:04:37Z
AMD,2009-09-15,5.88,5.94,5.72,5.77,26757200,5.88,5.94,5.72,5.77,26757200,2020-09-26T01:04:37Z
AMD,2009-09-16,5.69,5.87,5.57,5.85,43354600,5.69,5.87,5.57,5.85,43354600,2020-09-26T01:04:37Z
AMD,2009-09-17,5.67,5.78,5.55,5.69,38172300,5.67,5.78,5.55,5.69,38172300,2020-09-26T01:04:37Z
AMD,2009-09-18,5.7,5.75,5.43,5.74,34250700,5.7,5.75,5.43,5.74,34250700,2020-09-26T01:04:37Z
AMD,2009-09-21,5.81,5.89,5.56,5.57,26292600,5.81,5.89,5.56,5.57,26292600,2020-09-26T01:04:37Z
AMD,2009-09-22,6.08,6.3,5.84,5.91,39994200,6.08,6.3,5.84,5.91,39994200,2020-09-26T01:04:37Z
AMD,2009-09-23,6.02,6.28,6,6.18,34497400,6.02,6.28,6,6.18,34497400,2020-09-26T01:04:37Z
AMD,2009-09-24,5.66,6.09,5.57,6.06,36318100,5.66,6.09,5.57,6.06,36318100,2020-09-26T01:04:37Z
AMD,2009-09-25,5.83,5.83,5.51,5.52,29829900,5.83,5.83,5.51,5.52,29829900,2020-09-26T01:04:37Z
AMD,2009-09-28,5.94,6.06,5.79,5.87,20246800,5.94,6.06,5.79,5.87,20246800,2020-09-26T01:04:37Z
AMD,2009-09-29,5.78,6.1,5.72,5.85,31086400,5.78,6.1,5.72,5.85,31086400,2020-09-26T01:04:37Z
AMD,2009-09-30,5.66,5.85,5.59,5.8,37566100,5.66,5.85,5.59,5.8,37566100,2020-09-26T01:04:37Z
AMD,2009-10-01,5.39,5.65,5.27,5.62,42759400,5.39,5.65,5.27,5.62,42759400,2020-09-26T01:04:37Z
AMD,2009-10-02,5.31,5.45,5.05,5.22,31827000,5.31,5.45,5.05,5.22,31827000,2020-09-26T01:04:37Z
AMD,2009-10-05,5.54,5.63,5.12,5.15,29235200,5.54,5.63,5.12,5.15,29235200,2020-09-26T01:04:37Z
AMD,2009-10-06,5.64,5.78,5.53,5.67,21915800,5.64,5.78,5.53,5.67,21915800,2020-09-26T01:04:37Z
AMD,2009-10-07,5.54,5.69,5.52,5.66,16911000,5.54,5.69,5.52,5.66,16911000,2020-09-26T01:04:37Z
AMD,2009-10-08,5.51,5.67,5.46,5.58,20299200,5.51,5.67,5.46,5.58,20299200,2020-09-26T01:04:37Z
AMD,2009-10-09,5.88,5.9,5.51,5.51,27334000,5.88,5.9,5.51,5.51,27334000,2020-09-26T01:04:37Z
AMD,2009-10-12,6.14,6.29,6.08,6.13,38595700,6.14,6.29,6.08,6.13,38595700,2020-09-26T01:04:37Z
AMD,2009-10-13,6.08,6.22,6.06,6.21,29647000,6.08,6.22,6.06,6.21,29647000,2020-09-26T01:04:37Z
AMD,2009-10-14,6.25,6.36,6.16,6.31,32294300,6.25,6.36,6.16,6.31,32294300,2020-09-26T01:04:37Z
AMD,2009-10-15,6.19,6.23,6.05,6.21,37776400,6.19,6.23,6.05,6.21,37776400,2020-09-26T01:04:37Z
AMD,2009-10-16,5.74,5.94,5.65,5.89,62203000,5.74,5.94,5.65,5.89,62203000,2020-09-26T01:04:37Z
AMD,2009-10-19,5.87,5.89,5.68,5.78,20547500,5.87,5.89,5.68,5.78,20547500,2020-09-26T01:04:37Z
AMD,2009-10-20,5.98,6.18,5.92,5.94,35585700,5.98,6.18,5.92,5.94,35585700,2020-09-26T01:04:37Z
AMD,2009-10-21,5.77,6.07,5.7,5.89,27058700,5.77,6.07,5.7,5.89,27058700,2020-09-26T01:04:37Z
AMD,2009-10-22,5.83,5.87,5.61,5.76,21176800,5.83,5.87,5.61,5.76,21176800,2020-09-26T01:04:37Z
AMD,2009-10-23,5.6,5.93,5.52,5.93,26662800,5.6,5.93,5.52,5.93,26662800,2020-09-26T01:04:37Z
AMD,2009-10-26,5.42,5.71,5.34,5.62,26803200,5.42,5.71,5.34,5.62,26803200,2020-09-26T01:04:37Z
AMD,2009-10-27,5.15,5.47,5.07,5.42,31154100,5.15,5.47,5.07,5.42,31154100,2020-09-26T01:04:37Z
AMD,2009-10-28,4.85,5.02,4.75,4.98,30672800,4.85,5.02,4.75,4.98,30672800,2020-09-26T01:04:37Z
AMD,2009-10-29,4.93,5.1,4.9,4.95,27195200,4.93,5.1,4.9,4.95,27195200,2020-09-26T01:04:37Z
AMD,2009-10-30,4.6,4.98,4.55,4.98,31600800,4.6,4.98,4.55,4.98,31600800,2020-09-26T01:04:37Z
AMD,2009-11-02,4.6,4.78,4.44,4.68,23897800,4.6,4.78,4.44,4.68,23897800,2020-09-26T01:04:37Z
AMD,2009-11-03,4.64,4.65,4.33,4.49,23043700,4.64,4.65,4.33,4.49,23043700,2020-09-26T01:04:37Z
AMD,2009-11-04,4.69,4.88,4.67,4.71,25223400,4.69,4.88,4.67,4.71,25223400,2020-09-26T01:04:37Z
AMD,2009-11-05,4.83,4.86,4.72,4.81,14731000,4.83,4.86,4.72,4.81,14731000,2020-09-26T01:04:37Z
AMD,2009-11-06,5.04,5.05,4.79,4.84,20953100,5.04,5.05,4.79,4.84,20953100,2020-09-26T01:04:37Z
AMD,2009-11-09,5.21,5.24,5.1,5.12,15821000,5.21,5.24,5.1,5.12,15821000,2020-09-26T01:04:37Z
AMD,2009-11-10,5.14,5.31,5.07,5.2,16308300,5.14,5.31,5.07,5.2,16308300,2020-09-26T01:04:37Z
AMD,2009-11-11,5.32,5.35,5.2,5.23,24533100,5.32,5.35,5.2,5.23,24533100,2020-09-26T01:04:37Z
AMD,2009-11-12,6.48,6.73,6.35,6.64,163101600,6.48,6.73,6.35,6.64,163101600,2020-09-26T01:04:37Z
AMD,2009-11-13,6.53,6.56,6.17,6.26,68142304,6.53,6.56,6.17,6.26,68142304,2020-09-26T01:04:37Z
AMD,2009-11-16,6.43,6.7,6.32,6.56,48804200,6.43,6.7,6.32,6.56,48804200,2020-09-26T01:04:37Z
AMD,2009-11-17,6.62,6.64,6.35,6.37,26742000,6.62,6.64,6.35,6.37,26742000,2020-09-26T01:04:37Z
AMD,2009-11-18,7.32,7.33,6.7,6.71,79142304,7.32,7.33,6.7,6.71,79142304,2020-09-26T01:04:37Z
AMD,2009-11-19,7.05,7.3,6.78,7.2,65901300,7.05,7.3,6.78,7.2,65901300,2020-09-26T01:04:37Z
AMD,2009-11-20,6.95,7,6.8,6.9,28226600,6.95,7,6.8,6.9,28226600,2020-09-26T01:04:37Z
AMD,2009-11-23,7,7.15,6.94,7.03,29284200,7,7.15,6.94,7.03,29284200,2020-09-26T01:04:37Z
AMD,2009-11-24,6.95,7.07,6.83,7.01,18553600,6.95,7.07,6.83,7.01,18553600,2020-09-26T01:04:37Z
AMD,2009-11-25,7.11,7.12,6.97,7.01,16390200,7.11,7.12,6.97,7.01,16390200,2020-09-26T01:04:37Z
AMD,2009-11-27,6.85,7,6.68,6.69,16185000,6.85,7,6.68,6.69,16185000,2020-09-26T01:04:37Z
AMD,2009-11-30,7.01,7.01,6.78,6.9,19388200,7.01,7.01,6.78,6.9,19388200,2020-09-26T01:04:37Z
AMD,2009-12-01,7.2,7.25,7.01,7.11,23139700,7.2,7.25,7.01,7.11,23139700,2020-09-26T01:04:37Z
AMD,2009-12-02,7.3,7.5,7.21,7.21,26906600,7.3,7.5,7.21,7.21,26906600,2020-09-26T01:04:37Z
AMD,2009-12-03,8.03,8.23,7.36,7.37,69019696,8.03,8.23,7.36,7.37,69019696,2020-09-26T01:04:37Z
AMD,2009-12-04,7.86,8.25,7.65,8.09,43885400,7.86,8.25,7.65,8.09,43885400,2020-09-26T01:04:37Z
AMD,2009-12-07,8.52,8.61,8.23,8.25,45635300,8.52,8.61,8.23,8.25,45635300,2020-09-26T01:04:37Z
AMD,2009-12-08,8.67,8.82,8.34,8.42,41626100,8.67,8.82,8.34,8.42,41626100,2020-09-26T01:04:37Z
AMD,2009-12-09,8.71,8.87,8.55,8.81,30330700,8.71,8.87,8.55,8.81,30330700,2020-09-26T01:04:37Z
AMD,2009-12-10,8.58,8.9,8.57,8.82,26101800,8.58,8.9,8.57,8.82,26101800,2020-09-26T01:04:37Z
AMD,2009-12-11,8.64,8.69,8.43,8.61,20052800,8.64,8.69,8.43,8.61,20052800,2020-09-26T01:04:37Z
AMD,2009-12-14,8.68,8.84,8.58,8.81,24243800,8.68,8.84,8.58,8.81,24243800,2020-09-26T01:04:37Z
AMD,2009-12-15,8.82,9.08,8.57,8.65,30516300,8.82,9.08,8.57,8.65,30516300,2020-09-26T01:04:37Z
AMD,2009-12-16,9.15,9.39,8.82,9.14,43168400,9.15,9.39,8.82,9.14,43168400,2020-09-26T01:04:37Z
AMD,2009-12-17,9.12,9.3,9,9.03,19954200,9.12,9.3,9,9.03,19954200,2020-09-26T01:04:37Z
AMD,2009-12-18,9.05,9.12,8.93,9,15956200,9.05,9.12,8.93,9,15956200,2020-09-26T01:04:37Z
AMD,2009-12-21,9.53,9.59,9.01,9.09,30448700,9.53,9.59,9.01,9.09,30448700,2020-09-26T01:04:37Z
AMD,2009-12-22,9.43,9.76,9.29,9.55,26229800,9.43,9.76,9.29,9.55,26229800,2020-09-26T01:04:37Z
AMD,2009-12-23,9.67,9.69,9.42,9.45,19549400,9.67,9.69,9.42,9.45,19549400,2020-09-26T01:04:37Z
AMD,2009-12-24,9.91,9.95,9.78,9.79,11331900,9.91,9.95,9.78,9.79,11331900,2020-09-26T01:04:37Z
AMD,2009-12-28,9.83,10.04,9.71,9.97,17267500,9.83,10.04,9.71,9.97,17267500,2020-09-26T01:04:37Z
AMD,2009-12-29,9.75,9.91,9.44,9.81,20989800,9.75,9.91,9.44,9.81,20989800,2020-09-26T01:04:37Z
AMD,2009-12-30,9.72,9.83,9.58,9.63,14409000,9.72,9.83,9.58,9.63,14409000,2020-09-26T01:04:37Z
AMD,2009-12-31,9.68,9.77,9.63,9.75,9399700,9.68,9.77,9.63,9.75,9399700,2020-09-26T01:04:37Z
AMD,2010-01-04,9.7,9.9,9.68,9.79,18748600,9.7,9.9,9.68,9.79,18748600,2020-09-26T01:04:37Z
AMD,2010-01-05,9.71,9.9,9.68,9.71,22145600,9.71,9.9,9.68,9.71,22145600,2020-09-26T01:04:37Z
AMD,2010-01-06,9.57,9.76,9.55,9.68,18651400,9.57,9.76,9.55,9.68,18651400,2020-09-26T01:04:37Z
AMD,2010-01-07,9.47,9.55,9.18,9.51,26806700,9.47,9.55,9.18,9.51,26806700,2020-09-26T01:04:37Z
AMD,2010-01-08,9.43,9.47,9.29,9.37,13757200,9.43,9.47,9.29,9.37,13757200,2020-09-26T01:04:37Z
AMD,2010-01-11,9.14,9.44,9.08,9.38,23650500,9.14,9.44,9.08,9.38,23650500,2020-09-26T01:04:37Z
AMD,2010-01-12,8.65,8.92,8.52,8.89,33392700,8.65,8.92,8.52,8.89,33392700,2020-09-26T01:04:37Z
AMD,2010-01-13,9.15,9.2,8.55,8.71,32741800,9.15,9.2,8.55,8.71,32741800,2020-09-26T01:04:37Z
AMD,2010-01-14,9,9.26,8.92,9.18,22658700,9,9.26,8.92,9.18,22658700,2020-09-26T01:04:37Z
AMD,2010-01-15,8.84,9.19,8.8,9.13,34336300,8.84,9.19,8.8,9.13,34336300,2020-09-26T01:04:37Z
AMD,2010-01-19,9.01,9.21,8.84,8.84,24875600,9.01,9.21,8.84,8.84,24875600,2020-09-26T01:04:37Z
AMD,2010-01-20,8.87,9,8.75,8.98,22813500,8.87,9,8.75,8.98,22813500,2020-09-26T01:04:37Z
AMD,2010-01-21,8.99,9.1,8.77,9.01,37887700,8.99,9.1,8.77,9.01,37887700,2020-09-26T01:04:37Z
AMD,2010-01-22,7.88,8.56,7.82,8.55,69136304,7.88,8.56,7.82,8.55,69136304,2020-09-26T01:04:37Z
AMD,2010-01-25,8.07,8.14,7.93,8.01,20568100,8.07,8.14,7.93,8.01,20568100,2020-09-26T01:04:37Z
AMD,2010-01-26,8.09,8.19,7.93,8.03,20948300,8.09,8.19,7.93,8.03,20948300,2020-09-26T01:04:37Z
AMD,2010-01-27,8.19,8.22,7.91,8.03,26833000,8.19,8.22,7.91,8.03,26833000,2020-09-26T01:04:37Z
AMD,2010-01-28,7.88,8.25,7.71,8.24,32087000,7.88,8.25,7.71,8.24,32087000,2020-09-26T01:04:37Z
AMD,2010-01-29,7.46,8.1,7.3,8.01,37457600,7.46,8.1,7.3,8.01,37457600,2020-09-26T01:04:37Z
AMD,2010-02-01,7.98,7.98,7.53,7.61,25476300,7.98,7.98,7.53,7.61,25476300,2020-09-26T01:04:37Z
