ticker,tradeDate,clsPx,hiPx,loPx,open,stockVolume,unadjClsPx,unadjHiPx,unadjLoPx,unadjOpen,unadjStockVolume,updatedAt
AMGN,2006-01-03,54.35,54.95,52.83,53.68,13475239,80.36,81.24,78.1,79.36,9114500,2026-02-14T03:45:32Z
AMGN,2006-01-04,54.1,54.45,53.79,54.24,10290674,79.98,80.5,79.52,80.19,6960500,2026-02-14T03:45:32Z
AMGN,2006-01-05,53.31,54.36,53.26,54.05,10474589,78.82,80.36,78.74,79.91,7084900,2026-02-14T03:45:32Z
AMGN,2006-01-06,52.83,53.92,52.68,53.68,12800173,78.1,79.72,77.89,79.36,8657900,2026-02-14T03:45:32Z
AMGN,2006-01-09,53.42,53.5,52.83,52.92,12192540,78.98,79.09,78.11,78.24,8246900,2026-02-14T03:45:32Z
AMGN,2006-01-10,52.74,53.4,52.49,53.17,11684108,77.98,78.95,77.6,78.61,7903000,2026-02-14T03:45:32Z
AMGN,2006-01-11,52.63,53.14,52.33,52.7,10790689,77.81,78.57,77.37,77.92,7298700,2026-02-14T03:45:32Z
AMGN,2006-01-12,52.22,52.42,51.55,52.18,11633844,77.2,77.5,76.21,77.15,7869000,2026-02-14T03:45:32Z
AMGN,2006-01-13,52.49,53.1,52.16,52.39,9001326,77.6,78.51,77.12,77.46,6088400,2026-02-14T03:45:32Z
AMGN,2006-01-17,52.91,53.03,52.14,52.33,7051569,78.22,78.4,77.09,77.37,4769600,2026-02-14T03:45:32Z
AMGN,2006-01-18,53.32,53.54,52.54,52.96,10350561,78.83,79.15,77.68,78.3,7001000,2026-02-14T03:45:32Z
AMGN,2006-01-19,53.02,53.23,52.35,53.23,10267618,78.39,78.7,77.4,78.7,6944900,2026-02-14T03:45:32Z
AMGN,2006-01-20,51.19,53.36,51.06,53.06,14354172,75.68,78.89,75.49,78.45,9709000,2026-02-14T03:45:32Z
AMGN,2006-01-23,50.66,51.41,49.73,51.39,24009130,74.9,76,73.52,75.97,16239500,2026-02-14T03:45:32Z
AMGN,2006-01-24,50.69,51.3,50.61,50.79,13714444,74.94,75.85,74.82,75.09,9276300,2026-02-14T03:45:32Z
AMGN,2006-01-25,51.05,51.59,50.71,51.18,12272518,75.47,76.27,74.97,75.67,8301000,2026-02-14T03:45:32Z
AMGN,2006-01-26,48.63,50.68,48.32,50.29,50795102,71.9,74.93,71.44,74.35,34357200,2026-02-14T03:45:32Z
AMGN,2006-01-27,48.23,48.59,47.79,48.39,32053447,71.31,71.84,70.65,71.54,21680600,2026-02-14T03:45:32Z
AMGN,2006-01-30,48.92,49.61,48.52,48.53,23590887,72.32,73.34,71.73,71.75,15956600,2026-02-14T03:45:32Z
AMGN,2006-01-31,49.3,49.51,48.54,49.15,15495076,72.89,73.19,71.76,72.67,10480700,2026-02-14T03:45:32Z
AMGN,2006-02-01,51.53,54.13,51.13,54.12,50997407,76.19,80.03,75.59,80.01,34494100,2026-02-14T03:45:32Z
AMGN,2006-02-02,50.5,51.71,50.29,51.6,14181929,74.66,76.45,74.35,76.28,9592500,2026-02-14T03:45:32Z
AMGN,2006-02-03,50.47,50.8,49.89,50.4,10118891,74.62,75.1,73.76,74.51,6844300,2026-02-14T03:45:32Z
AMGN,2006-02-06,49.71,50.46,49.65,50.34,9190863,73.5,74.6,73.4,74.42,6216600,2026-02-14T03:45:32Z
AMGN,2006-02-07,49.34,49.87,48.72,49.67,13021209,72.94,73.73,72.03,73.44,8807400,2026-02-14T03:45:32Z
AMGN,2006-02-08,48.73,49.46,48.32,49.31,11602059,72.05,73.13,71.44,72.9,7847500,2026-02-14T03:45:32Z
AMGN,2006-02-09,48.03,48.95,47.88,48.73,16617503,71.01,72.37,70.79,72.05,11239900,2026-02-14T03:45:32Z
AMGN,2006-02-10,48.33,48.64,47.37,48.18,11147430,71.45,71.91,70.03,71.23,7540000,2026-02-14T03:45:32Z
AMGN,2006-02-13,48.12,48.48,47.67,48.33,8746152,71.14,71.67,70.48,71.45,5915800,2026-02-14T03:45:32Z
AMGN,2006-02-14,48.65,49.05,48.6,48.69,20017943,71.93,72.52,71.85,71.99,13539900,2026-02-14T03:45:32Z
AMGN,2006-02-15,49.36,49.72,48.65,48.8,140299619,72.97,73.5,71.93,72.15,94897104,2026-02-14T03:45:32Z
AMGN,2006-02-16,50.03,50.09,49.24,49.52,18405826,73.97,74.05,72.8,73.21,12449500,2026-02-14T03:45:32Z
AMGN,2006-02-17,50.65,50.7,49.99,50.03,13920854,74.89,74.95,73.91,73.97,9415900,2026-02-14T03:45:32Z
AMGN,2006-02-21,50.41,51.14,50.23,50.87,14975723,74.53,75.6,74.26,75.21,10129400,2026-02-14T03:45:32Z
AMGN,2006-02-22,50.78,51.05,50.38,50.69,10711289,75.08,75.48,74.49,74.94,7245000,2026-02-14T03:45:32Z
AMGN,2006-02-23,50.52,50.81,50.27,50.81,11811841,74.69,75.12,74.32,75.12,7989400,2026-02-14T03:45:32Z
AMGN,2006-02-24,50.56,50.64,50.24,50.39,10251344,74.75,74.87,74.27,74.5,6933900,2026-02-14T03:45:32Z
AMGN,2006-02-27,51.05,51.39,50.53,50.53,11433519,75.48,75.97,74.7,74.71,7733500,2026-02-14T03:45:32Z
AMGN,2006-02-28,51.05,51.27,50.69,51.1,10452574,75.48,75.8,74.94,75.55,7070000,2026-02-14T03:45:32Z
AMGN,2006-03-01,51.44,51.64,50.68,51.31,9355855,76.05,76.35,74.92,75.86,6328200,2026-02-14T03:45:32Z
AMGN,2006-03-02,51.72,51.76,51.08,51.24,8760798,76.47,76.53,75.52,75.75,5925700,2026-02-14T03:45:32Z
AMGN,2006-03-03,50.99,52,50.97,51.67,10315379,75.39,76.88,75.36,76.39,6977200,2026-02-14T03:45:32Z
AMGN,2006-03-06,49.75,51.07,49.72,51,10478883,73.55,75.5,73.5,75.4,7087800,2026-02-14T03:45:32Z
AMGN,2006-03-07,49.91,50.22,49.59,49.82,9907177,73.79,74.25,73.31,73.65,6701100,2026-02-14T03:45:32Z
AMGN,2006-03-08,50.19,50.52,49.56,49.64,10001505,74.2,74.69,73.27,73.39,6764900,2026-02-14T03:45:32Z
AMGN,2006-03-09,49.77,50.36,49.77,50.21,10343900,73.58,74.45,73.58,74.23,6996500,2026-02-14T03:45:32Z
AMGN,2006-03-10,49.71,49.92,49.26,49.57,11163552,73.49,73.8,72.82,73.29,7550900,2026-02-14T03:45:32Z
AMGN,2006-03-13,49.78,50.01,49.57,49.88,8872420,73.59,73.94,73.29,73.75,6001200,2026-02-14T03:45:32Z
AMGN,2006-03-14,50.74,50.77,49.59,49.69,12567334,75.01,75.06,73.31,73.47,8500400,2026-02-14T03:45:32Z
AMGN,2006-03-15,50.65,51.05,50.31,50.76,7762112,74.89,75.48,74.38,75.05,5250200,2026-02-14T03:45:32Z
AMGN,2006-03-16,49.94,50.53,49.82,50.41,13196416,73.84,74.71,73.65,74.53,8925900,2026-02-14T03:45:32Z
AMGN,2006-03-17,49.55,49.94,49.05,49.82,29128203,73.25,73.84,72.52,73.66,19702000,2026-02-14T03:45:32Z
AMGN,2006-03-20,49.27,49.68,48.95,49.62,9138387,72.85,73.45,72.37,73.36,6181100,2026-02-14T03:45:32Z
AMGN,2006-03-21,48.68,49.44,48.4,49.4,12865531,71.97,73.09,71.55,73.03,8702100,2026-02-14T03:45:32Z
AMGN,2006-03-22,48.99,49.2,48.26,48.53,9888256,72.43,72.74,71.35,71.75,6688300,2026-02-14T03:45:32Z
AMGN,2006-03-23,49.24,49.3,48.57,48.84,8081595,72.8,72.88,71.8,72.2,5466300,2026-02-14T03:45:32Z
AMGN,2006-03-24,49.5,49.76,49,49.09,6786485,73.18,73.57,72.45,72.57,4590300,2026-02-14T03:45:32Z
AMGN,2006-03-27,49.44,49.62,48.88,49.21,8611766,73.1,73.36,72.26,72.75,5824900,2026-02-14T03:45:32Z
AMGN,2006-03-28,49.11,49.93,48.87,49.66,13747860,72.61,73.82,72.25,73.42,9298900,2026-02-14T03:45:32Z
AMGN,2006-03-29,48.71,49.48,48.57,49.13,9890765,72.02,73.15,71.81,72.63,6690000,2026-02-14T03:45:32Z
AMGN,2006-03-30,49.12,49.59,48.78,48.8,11270896,72.62,73.32,72.12,72.15,7623500,2026-02-14T03:45:32Z
AMGN,2006-03-31,49.21,49.61,49.15,49.3,13086404,72.75,73.35,72.66,72.89,8851500,2026-02-14T03:45:32Z
AMGN,2006-04-03,48.62,49.72,48.48,49.69,15693496,71.88,73.5,71.68,73.46,10614900,2026-02-14T03:45:32Z
AMGN,2006-04-04,48.71,48.89,48.44,48.65,14266800,72.02,72.28,71.61,71.93,9649900,2026-02-14T03:45:32Z
AMGN,2006-04-05,49.28,49.42,48.63,48.77,19015981,72.86,73.07,71.9,72.1,12862200,2026-02-14T03:45:32Z
AMGN,2006-04-06,48.6,49.46,48.3,49.08,14248471,71.85,73.12,71.41,72.56,9637500,2026-02-14T03:45:32Z
AMGN,2006-04-07,48.04,49.03,47.76,48.89,12196091,71.03,72.49,70.61,72.28,8249300,2026-02-14T03:45:32Z
AMGN,2006-04-10,47.85,48.38,47.58,48.26,9064913,70.74,71.53,70.34,71.35,6131400,2026-02-14T03:45:32Z
AMGN,2006-04-11,47.51,48.06,47,47.98,12641410,70.24,71.05,69.48,70.94,8550500,2026-02-14T03:45:32Z
AMGN,2006-04-12,47.33,48.02,47.03,47.37,12431023,69.97,70.99,69.53,70.03,8408200,2026-02-14T03:45:32Z
AMGN,2006-04-13,47.39,47.49,47.05,47.25,11144173,70.07,70.21,69.56,69.85,7537800,2026-02-14T03:45:32Z
AMGN,2006-04-17,47.08,47.7,46.74,47.35,13914193,69.61,70.52,69.1,70,9411400,2026-02-14T03:45:32Z
AMGN,2006-04-18,48,48.16,47.08,47.35,15464778,70.97,71.2,69.6,70,10460200,2026-02-14T03:45:32Z
AMGN,2006-04-19,46.2,47.11,45.62,46.93,33449075,68.3,69.65,67.45,69.38,22624600,2026-02-14T03:45:32Z
AMGN,2006-04-20,46.34,46.68,45.1,46.02,22212075,68.51,69.01,66.67,68.03,15024000,2026-02-14T03:45:32Z
AMGN,2006-04-21,45.2,46.69,45.04,46.34,25996438,66.82,69.03,66.59,68.51,17583700,2026-02-14T03:45:32Z
AMGN,2006-04-24,45.14,45.51,44.64,45.18,19828086,66.74,67.29,65.99,66.8,13411500,2026-02-14T03:45:32Z
AMGN,2006-04-25,45.01,45.17,44.68,45.05,13591140,66.55,66.78,66.05,66.61,9192900,2026-02-14T03:45:32Z
AMGN,2006-04-26,44.97,45.29,44.71,44.99,13388757,66.48,66.96,66.1,66.51,9056000,2026-02-14T03:45:32Z
AMGN,2006-04-27,45.57,45.98,44.91,45.02,16487861,67.37,67.98,66.39,66.56,11152200,2026-02-14T03:45:32Z
AMGN,2006-04-28,45.79,45.93,45.27,45.67,10025599,67.7,67.9,66.93,67.52,6781200,2026-02-14T03:45:32Z
AMGN,2006-05-01,45.22,45.99,45.05,45.94,10660449,66.86,68,66.6,67.92,7210600,2026-02-14T03:45:32Z
AMGN,2006-05-02,44.63,45.43,44.06,45.18,16634514,65.99,67.17,65.14,66.8,11251400,2026-02-14T03:45:32Z
AMGN,2006-05-03,44.91,45.21,44.45,44.47,10314789,66.39,66.84,65.71,65.75,6976800,2026-02-14T03:45:32Z
AMGN,2006-05-04,45.28,45.62,45.05,45.12,11656616,66.95,67.44,66.61,66.71,7884400,2026-02-14T03:45:32Z
AMGN,2006-05-05,45.39,45.81,45.18,45.6,11980402,67.11,67.73,66.8,67.42,8103400,2026-02-14T03:45:32Z
AMGN,2006-05-08,46.03,46.24,45.3,45.35,13178356,68.05,68.36,66.98,67.05,8913700,2026-02-14T03:45:32Z
AMGN,2006-05-09,45.93,46.36,45.45,46.25,8993052,67.9,68.54,67.2,68.37,6082800,2026-02-14T03:45:32Z
AMGN,2006-05-10,45.68,46.37,45.6,45.83,9889134,67.54,68.56,67.41,67.75,6688900,2026-02-14T03:45:32Z
AMGN,2006-05-11,45.51,45.95,45.24,45.79,11452002,67.28,67.94,66.89,67.7,7746000,2026-02-14T03:45:32Z
AMGN,2006-05-12,46.07,46.27,45.28,45.51,15309846,68.11,68.4,66.95,67.28,10355400,2026-02-14T03:45:32Z
AMGN,2006-05-15,47.23,47.29,45.99,46.06,19378215,69.83,69.91,68,68.1,13107200,2026-02-14T03:45:32Z
AMGN,2006-05-16,46.93,47.26,46.71,46.94,8895922,69.39,69.87,69.05,69.39,6017100,2026-02-14T03:45:32Z
AMGN,2006-05-17,46.24,47.08,46.08,46.58,11400248,68.37,69.6,68.13,68.87,7711000,2026-02-14T03:45:32Z
AMGN,2006-05-18,45.39,46.57,45.26,46.21,13630321,67.1,68.85,66.92,68.32,9219400,2026-02-14T03:45:32Z
AMGN,2006-05-19,45.78,45.98,45.26,45.52,16496562,67.69,67.98,66.92,67.3,11158100,2026-02-14T03:45:32Z
AMGN,2006-05-22,45.85,46.39,45.65,45.9,15296230,67.79,68.59,67.49,67.86,10346200,2026-02-14T03:45:32Z
AMGN,2006-05-23,45.22,46.33,45.22,46.12,12684122,66.85,68.5,66.85,68.19,8579400,2026-02-14T03:45:32Z
AMGN,2006-05-24,46.04,46.2,44.83,45.33,15114970,68.07,68.3,66.28,67.01,10223600,2026-02-14T03:45:32Z
AMGN,2006-05-25,46.1,46.2,45.66,46.16,10403771,68.16,68.3,67.5,68.25,7037000,2026-02-14T03:45:32Z
AMGN,2006-05-26,46.54,46.54,45.96,46.04,9107486,68.81,68.81,67.95,68.06,6160200,2026-02-14T03:45:32Z
AMGN,2006-05-30,45.2,46.22,45.2,46.16,12196822,66.83,68.34,66.83,68.24,8249800,2026-02-14T03:45:32Z
AMGN,2006-05-31,45.72,45.88,45.18,45.39,16531622,67.59,67.83,66.8,67.11,11181800,2026-02-14T03:45:32Z
AMGN,2006-06-01,46.53,46.6,45.62,45.7,12798256,68.79,68.9,67.44,67.56,8656600,2026-02-14T03:45:32Z
AMGN,2006-06-02,46.79,46.98,45.99,46.71,12353836,69.18,69.45,68,69.05,8356000,2026-02-14T03:45:32Z
AMGN,2006-06-05,45.64,46.7,45.51,46.44,12853410,67.48,69.04,67.28,68.66,8693900,2026-02-14T03:45:32Z
AMGN,2006-06-06,45.73,45.9,45.22,45.66,12475825,67.61,67.86,66.86,67.5,8438500,2026-02-14T03:45:32Z
AMGN,2006-06-07,45.46,46.09,45.39,45.79,9995136,67.21,68.14,67.1,67.69,6760600,2026-02-14T03:45:32Z
AMGN,2006-06-08,46.27,46.64,45.18,45.41,17636438,68.41,68.95,66.8,67.13,11929100,2026-02-14T03:45:32Z
AMGN,2006-06-09,45.75,46.53,45.74,46.16,8800715,67.64,68.79,67.62,68.25,5952700,2026-02-14T03:45:32Z
AMGN,2006-06-12,45.24,46.07,45.22,45.64,12151603,66.89,68.11,66.86,67.47,8219200,2026-02-14T03:45:32Z
AMGN,2006-06-13,45.28,46.04,45.06,45.3,17301871,66.94,68.06,66.62,66.98,11702800,2026-02-14T03:45:32Z
AMGN,2006-06-14,45.55,45.74,44.93,45.22,16098280,67.35,67.63,66.43,66.85,10888700,2026-02-14T03:45:32Z
AMGN,2006-06-15,45.62,45.72,45.1,45.59,14561879,67.44,67.59,66.68,67.4,9849500,2026-02-14T03:45:32Z
AMGN,2006-06-16,45.2,45.74,45.16,45.45,24637899,66.82,67.62,66.77,67.19,16664800,2026-02-14T03:45:32Z
AMGN,2006-06-19,44.47,45.43,44.24,45.38,13204228,65.75,67.16,65.41,67.09,8931200,2026-02-14T03:45:32Z
AMGN,2006-06-20,43.94,44.49,43.81,44.42,12710740,64.96,65.77,64.77,65.67,8597400,2026-02-14T03:45:32Z
AMGN,2006-06-21,44.34,44.68,43.8,43.93,10782271,65.56,66.06,64.75,64.95,7293000,2026-02-14T03:45:32Z
AMGN,2006-06-22,43.95,44.34,43.65,44.25,8492449,64.97,65.56,64.53,65.42,5744200,2026-02-14T03:45:32Z
AMGN,2006-06-23,43.92,44.36,43.63,43.74,7624465,64.93,65.58,64.5,64.66,5157100,2026-02-14T03:45:32Z
AMGN,2006-06-26,43.86,43.99,43.55,43.89,5618663,64.85,65.04,64.38,64.89,3800400,2026-02-14T03:45:32Z
AMGN,2006-06-27,43.28,43.82,43.24,43.53,12672875,63.98,64.78,63.93,64.35,8571800,2026-02-14T03:45:32Z
AMGN,2006-06-28,43.25,43.73,43.12,43.26,7732534,63.94,64.65,63.75,63.96,5230200,2026-02-14T03:45:32Z
AMGN,2006-06-29,44.03,44.07,43.21,43.28,13925868,65.1,65.16,63.88,63.99,9419300,2026-02-14T03:45:32Z
AMGN,2006-06-30,44.12,44.78,43.9,44.11,17700487,65.23,66.21,64.9,65.22,11972400,2026-02-14T03:45:32Z
AMGN,2006-07-03,44.5,44.66,44.34,44.5,3199936,65.79,66.03,65.56,65.79,2164400,2026-02-14T03:45:32Z
AMGN,2006-07-05,44.3,44.6,44.02,44.05,9237882,65.49,65.94,65.08,65.13,6248400,2026-02-14T03:45:32Z
AMGN,2006-07-06,44.6,44.95,44.36,44.47,8161278,65.94,66.45,65.59,65.74,5520200,2026-02-14T03:45:32Z
AMGN,2006-07-07,44.91,45.44,44.62,44.78,12763679,66.39,67.18,65.97,66.2,8633200,2026-02-14T03:45:32Z
AMGN,2006-07-10,45.05,45.45,44.78,45.03,7537083,66.6,67.2,66.2,66.57,5098000,2026-02-14T03:45:32Z
AMGN,2006-07-11,45.12,45.52,44.76,45.13,8664838,66.71,67.3,66.18,66.72,5860800,2026-02-14T03:45:32Z
AMGN,2006-07-12,44.79,45.39,44.74,45.18,7600208,66.22,67.1,66.14,66.79,5140700,2026-02-14T03:45:32Z
AMGN,2006-07-13,44.38,45,44.38,44.82,11448437,65.61,66.53,65.61,66.27,7743600,2026-02-14T03:45:32Z
AMGN,2006-07-14,43.53,44.41,43.44,44.24,12524014,64.35,65.65,64.23,65.4,8471100,2026-02-14T03:45:32Z
AMGN,2006-07-17,43.67,44.08,43.32,43.32,8230169,64.56,65.17,64.04,64.04,5566800,2026-02-14T03:45:32Z
AMGN,2006-07-18,43.41,43.71,42.96,43.57,11912240,64.18,64.62,63.52,64.42,8057300,2026-02-14T03:45:32Z
AMGN,2006-07-19,43.67,44.22,43.36,43.58,17987565,64.56,65.37,64.11,64.43,12166600,2026-02-14T03:45:32Z
AMGN,2006-07-20,43.23,44.03,43.22,43.42,14880780,63.92,65.09,63.9,64.19,10065200,2026-02-14T03:45:32Z
AMGN,2006-07-21,44.74,45.49,44.25,44.5,31264429,66.15,67.25,65.42,65.79,21146900,2026-02-14T03:45:32Z
AMGN,2006-07-24,45.23,45.51,44.57,44.79,14016501,66.87,67.28,65.9,66.22,9480600,2026-02-14T03:45:32Z
AMGN,2006-07-25,45.88,45.99,44.98,45.05,13872658,67.83,68,66.5,66.6,9383300,2026-02-14T03:45:32Z
AMGN,2006-07-26,47.08,47.44,45.7,46.1,21259529,69.61,70.13,67.57,68.15,14379700,2026-02-14T03:45:32Z
AMGN,2006-07-27,46.86,47.66,46.35,47.31,10934099,69.28,70.46,68.53,69.95,7395700,2026-02-14T03:45:32Z
AMGN,2006-07-28,46.72,47.21,46.53,47.14,10876726,69.07,69.8,68.79,69.69,7356900,2026-02-14T03:45:32Z
AMGN,2006-07-31,47.15,47.33,46.33,46.41,10937340,69.71,69.97,68.5,68.61,7397900,2026-02-14T03:45:32Z
AMGN,2006-08-01,47.39,47.54,46.77,46.81,12173027,70.06,70.28,69.15,69.21,8233700,2026-02-14T03:45:32Z
AMGN,2006-08-02,47.87,48.23,47.2,47.42,13380478,70.77,71.3,69.78,70.1,9050400,2026-02-14T03:45:32Z
AMGN,2006-08-03,47.97,48.36,47.06,47.64,17075234,70.92,71.49,69.57,70.43,11549500,2026-02-14T03:45:32Z
AMGN,2006-08-04,46.53,47.86,45.99,47.64,21379264,68.79,70.75,68,70.43,14460700,2026-02-14T03:45:32Z
AMGN,2006-08-07,45.91,46.64,45.89,46.37,9731386,67.87,68.96,67.85,68.56,6582200,2026-02-14T03:45:32Z
AMGN,2006-08-08,45.33,45.95,45.14,45.88,13179543,67.02,67.94,66.73,67.83,8914500,2026-02-14T03:45:32Z
AMGN,2006-08-09,45.51,46.4,45.47,45.64,9684526,67.28,68.6,67.22,67.48,6550500,2026-02-14T03:45:32Z
AMGN,2006-08-10,45.26,45.56,45.08,45.21,10546000,66.91,67.35,66.65,66.84,7133200,2026-02-14T03:45:32Z
AMGN,2006-08-11,44.91,45.31,44.5,45.1,9564768,66.4,66.99,65.79,66.67,6469500,2026-02-14T03:45:32Z
AMGN,2006-08-14,44.43,45.28,44.34,45.08,10535208,65.69,66.94,65.56,66.65,7125900,2026-02-14T03:45:32Z
AMGN,2006-08-15,44.43,45.16,43.94,44.92,13852086,65.69,66.76,64.96,66.41,9369400,2026-02-14T03:45:32Z
AMGN,2006-08-16,45.05,45.32,44.38,44.7,16011634,66.61,67,65.61,66.08,10830100,2026-02-14T03:45:32Z
AMGN,2006-08-17,45.26,45.77,44.97,45.26,10678482,66.92,67.67,66.49,66.92,7222800,2026-02-14T03:45:32Z
AMGN,2006-08-18,45.53,45.87,45.32,45.51,7669558,67.31,67.81,67,67.28,5187600,2026-02-14T03:45:32Z
AMGN,2006-08-21,45.32,45.81,45.15,45.41,5021669,67.01,67.73,66.75,67.14,3396600,2026-02-14T03:45:32Z
AMGN,2006-08-22,45.14,45.93,45.04,45.27,7057477,66.74,67.9,66.59,66.93,4773600,2026-02-14T03:45:32Z
AMGN,2006-08-23,45.53,45.64,45.19,45.25,7912311,67.32,67.48,66.81,66.9,5351800,2026-02-14T03:45:32Z
AMGN,2006-08-24,45.39,45.84,45.09,45.76,5599744,67.11,67.77,66.66,67.66,3787600,2026-02-14T03:45:32Z
AMGN,2006-08-25,45.67,46.06,45.14,45.2,6920275,67.52,68.1,66.74,66.83,4680800,2026-02-14T03:45:32Z
AMGN,2006-08-28,46.17,46.52,45.66,45.79,7911130,68.26,68.78,67.51,67.69,5351000,2026-02-14T03:45:32Z
AMGN,2006-08-29,46.39,46.52,45.98,46.35,7908477,68.58,68.78,67.98,68.53,5349200,2026-02-14T03:45:32Z
AMGN,2006-08-30,46.16,46.6,45.93,46.58,7432850,68.24,68.9,67.91,68.86,5027500,2026-02-14T03:45:32Z
AMGN,2006-08-31,46.01,46.51,45.9,46.42,6741688,68.03,68.76,67.86,68.63,4560000,2026-02-14T03:45:32Z
AMGN,2006-09-01,46.26,46.62,45.99,46.14,5349441,68.39,68.93,67.99,68.21,3618300,2026-02-14T03:45:32Z
AMGN,2006-09-05,46.85,47.14,46.02,46.56,7899744,69.26,69.7,68.04,68.83,5343300,2026-02-14T03:45:32Z
AMGN,2006-09-06,46.33,46.79,46.22,46.56,7178558,68.49,69.17,68.33,68.84,4855500,2026-02-14T03:45:32Z
AMGN,2006-09-07,46.22,46.48,45.93,46.43,8902876,68.33,68.71,67.9,68.65,6021800,2026-02-14T03:45:32Z
AMGN,2006-09-08,45.95,46.35,45.84,46.29,6742570,67.93,68.53,67.77,68.43,4560600,2026-02-14T03:45:32Z
AMGN,2006-09-11,46.19,46.33,45.49,45.76,10255490,68.29,68.5,67.25,67.66,6936700,2026-02-14T03:45:32Z
AMGN,2006-09-12,46.78,46.93,45.94,46.33,8683772,69.16,69.38,67.92,68.5,5873600,2026-02-14T03:45:32Z
AMGN,2006-09-13,46.77,47.04,46.31,46.55,8214355,69.15,69.54,68.46,68.82,5556100,2026-02-14T03:45:32Z
AMGN,2006-09-14,47.06,47.3,46.5,46.79,8455338,69.57,69.93,68.75,69.18,5719100,2026-02-14T03:45:32Z
AMGN,2006-09-15,47.19,47.36,46.77,47.25,14592656,69.77,70.02,69.14,69.86,9870300,2026-02-14T03:45:32Z
AMGN,2006-09-18,47.18,47.36,46.9,47.1,12243841,69.76,70.02,69.34,69.63,8281600,2026-02-14T03:45:32Z
AMGN,2006-09-19,46.98,47.35,46.87,47.32,15435796,69.45,70,69.3,69.96,10440600,2026-02-14T03:45:32Z
AMGN,2006-09-20,48.01,48.17,47.33,47.39,14952783,70.98,71.22,69.98,70.06,10113900,2026-02-14T03:45:32Z
AMGN,2006-09-21,48.71,49.09,48.06,48.19,19795551,72.01,72.57,71.06,71.25,13389500,2026-02-14T03:45:32Z
AMGN,2006-09-22,47.95,48.96,47.69,48.92,13087591,70.89,72.38,70.51,72.33,8852300,2026-02-14T03:45:32Z
AMGN,2006-09-25,48.17,48.43,47.21,48.12,13817203,71.22,71.6,69.8,71.14,9345800,2026-02-14T03:45:32Z
AMGN,2006-09-26,47.85,48.52,47.53,48.39,10667534,70.75,71.74,70.27,71.54,7215400,2026-02-14T03:45:32Z
AMGN,2006-09-27,48.79,48.95,47.44,47.71,21732464,72.14,72.37,70.13,70.54,14699600,2026-02-14T03:45:32Z
AMGN,2006-09-28,48.4,48.86,48.07,48.26,17977834,71.55,72.23,71.07,71.35,12160000,2026-02-14T03:45:32Z
AMGN,2006-09-29,48.38,48.85,48.02,48.42,9484336,71.53,72.22,70.99,71.58,6415100,2026-02-14T03:45:32Z
AMGN,2006-10-02,47.55,48.61,47.4,48.29,12258491,70.3,71.87,70.08,71.4,8291500,2026-02-14T03:45:32Z
AMGN,2006-10-03,48.25,48.49,47.58,47.69,12764408,71.33,71.69,70.35,70.5,8633700,2026-02-14T03:45:32Z
AMGN,2006-10-04,49.36,49.36,48.19,48.23,18812401,72.97,72.97,71.24,71.31,12724500,2026-02-14T03:45:32Z
AMGN,2006-10-05,50.55,50.68,49.28,49.32,18685272,74.73,74.92,72.85,72.92,12638500,2026-02-14T03:45:32Z
AMGN,2006-10-06,50.06,50.51,49.72,50.49,9964098,74.01,74.67,73.51,74.64,6739600,2026-02-14T03:45:32Z
AMGN,2006-10-09,50,50.18,49.68,49.84,7198516,73.92,74.19,73.45,73.69,4869000,2026-02-14T03:45:32Z
AMGN,2006-10-10,49.87,50.15,49.49,50.01,6899293,73.73,74.14,73.16,73.93,4666600,2026-02-14T03:45:32Z
AMGN,2006-10-11,49.69,49.99,49.07,49.56,10454930,73.47,73.9,72.54,73.27,7071600,2026-02-14T03:45:32Z
AMGN,2006-10-12,50.11,50.13,49.55,49.81,8600681,74.09,74.12,73.26,73.64,5817400,2026-02-14T03:45:32Z
AMGN,2006-10-13,49.53,50.11,49.23,49.91,10653633,73.22,74.09,72.78,73.79,7206000,2026-02-14T03:45:32Z
AMGN,2006-10-16,48.99,49.23,48.57,49.13,14152818,72.43,72.79,71.8,72.63,9572800,2026-02-14T03:45:32Z
AMGN,2006-10-17,48.56,48.75,48.13,48.6,14273019,71.79,72.07,71.16,71.85,9654100,2026-02-14T03:45:32Z
AMGN,2006-10-18,48.96,49.25,48.25,48.71,11592893,72.38,72.81,71.33,72.01,7841300,2026-02-14T03:45:32Z
AMGN,2006-10-19,49.41,49.49,48.89,49.33,13071329,73.05,73.16,72.28,72.93,8841300,2026-02-14T03:45:32Z
AMGN,2006-10-20,50.02,50.05,49.03,49.58,16530596,73.95,74,72.49,73.3,11181100,2026-02-14T03:45:32Z
AMGN,2006-10-23,49.63,49.97,49.04,49.66,15885406,73.37,73.87,72.5,73.42,10744700,2026-02-14T03:45:32Z
AMGN,2006-10-24,50.69,51.02,50.4,50.93,28021297,74.94,75.43,74.52,75.3,18953300,2026-02-14T03:45:32Z
AMGN,2006-10-25,51.02,51.02,50.61,50.65,10643879,75.43,75.43,74.82,74.88,7199400,2026-02-14T03:45:32Z
AMGN,2006-10-26,51.39,51.62,50.55,50.84,10700212,75.98,76.32,74.73,75.16,7237500,2026-02-14T03:45:32Z
AMGN,2006-10-27,51.08,52.08,50.96,51.32,9985229,75.52,77,75.34,75.87,6753900,2026-02-14T03:45:32Z
AMGN,2006-10-30,51.74,52.04,50.95,50.98,9764215,76.5,76.93,75.32,75.37,6604400,2026-02-14T03:45:32Z
AMGN,2006-10-31,51.34,51.74,50.99,51.6,11117417,75.91,76.5,75.39,76.28,7519700,2026-02-14T03:45:32Z
AMGN,2006-11-01,50.92,51.47,50.44,51.41,10267181,75.28,76.09,74.57,76,6944600,2026-02-14T03:45:32Z
AMGN,2006-11-02,50.93,50.95,50.58,50.67,7141308,75.29,75.33,74.78,74.91,4830300,2026-02-14T03:45:32Z
AMGN,2006-11-03,50.64,50.94,50.2,50.9,7193648,74.87,75.31,74.21,75.25,4865700,2026-02-14T03:45:32Z
AMGN,2006-11-06,50.8,51.18,50.73,50.79,6002016,75.11,75.66,75,75.09,4059700,2026-02-14T03:45:32Z
AMGN,2006-11-07,50.87,51.3,50.56,50.78,7256773,75.21,75.84,74.75,75.07,4908400,2026-02-14T03:45:32Z
AMGN,2006-11-08,50.57,50.85,49.86,50.51,9793632,74.76,75.18,73.72,74.68,6624300,2026-02-14T03:45:32Z
AMGN,2006-11-09,49.73,50.9,49.58,50.45,10198860,73.53,75.25,73.3,74.58,6898400,2026-02-14T03:45:32Z
AMGN,2006-11-10,49.69,50.46,49.27,49.58,11810076,73.46,74.6,72.84,73.3,7988200,2026-02-14T03:45:32Z
AMGN,2006-11-13,49.17,49.63,49.08,49.22,20077934,72.7,73.38,72.56,72.77,13580500,2026-02-14T03:45:32Z
AMGN,2006-11-14,49.47,49.61,48.63,49.09,15926335,73.14,73.34,71.9,72.58,10772400,2026-02-14T03:45:32Z
AMGN,2006-11-15,49.79,50.06,49.34,49.61,11245303,73.61,74.01,72.94,73.35,7606200,2026-02-14T03:45:32Z
AMGN,2006-11-16,49,50.14,48.69,49.65,15838969,72.44,74.13,71.99,73.41,10713300,2026-02-14T03:45:32Z
AMGN,2006-11-17,49.04,49.24,48.57,48.63,11444022,72.51,72.8,71.8,71.9,7740600,2026-02-14T03:45:32Z
AMGN,2006-11-20,49.32,49.7,48.7,48.72,9322591,72.92,73.48,72,72.03,6305700,2026-02-14T03:45:32Z
AMGN,2006-11-21,49.36,49.58,48.96,49.51,9533433,72.98,73.3,72.38,73.2,6448300,2026-02-14T03:45:32Z
AMGN,2006-11-22,49.16,49.57,49.09,49.51,7253526,72.68,73.29,72.58,73.2,4906200,2026-02-14T03:45:32Z
AMGN,2006-11-24,49.04,49.37,48.85,48.92,2752705,72.5,72.99,72.22,72.32,1861900,2026-02-14T03:45:32Z
AMGN,2006-11-27,48.62,49.03,48.37,48.81,7406838,71.88,72.49,71.51,72.16,5009900,2026-02-14T03:45:32Z
AMGN,2006-11-28,48.54,48.91,48.32,48.43,10666933,71.76,72.31,71.44,71.6,7215000,2026-02-14T03:45:32Z
AMGN,2006-11-29,48.98,49.05,48.52,48.63,8562822,72.42,72.52,71.73,71.9,5791800,2026-02-14T03:45:32Z
AMGN,2006-11-30,48.05,48.93,47.81,48.82,15256005,71.04,72.34,70.68,72.17,10319000,2026-02-14T03:45:32Z
AMGN,2006-12-01,46.93,48.02,46.59,47.9,23971596,69.38,71,68.88,70.81,16214100,2026-02-14T03:45:32Z
AMGN,2006-12-04,46.77,47.01,46.47,46.64,16633475,69.15,69.5,68.7,68.95,11250700,2026-02-14T03:45:32Z
AMGN,2006-12-05,46.71,46.94,46.33,46.91,14075339,69.06,69.4,68.5,69.35,9520400,2026-02-14T03:45:32Z
AMGN,2006-12-06,47.27,47.34,46.79,47.28,15399282,69.89,69.99,69.18,69.9,10415900,2026-02-14T03:45:32Z
AMGN,2006-12-07,46.81,47.32,46.57,47.31,13874417,69.2,69.96,68.85,69.94,9384500,2026-02-14T03:45:32Z
AMGN,2006-12-08,47.27,47.65,46.6,46.67,14120739,69.88,70.45,68.9,69,9551100,2026-02-14T03:45:32Z
AMGN,2006-12-11,47.27,47.65,47,47.3,8750147,69.89,70.45,69.48,69.93,5918500,2026-02-14T03:45:32Z
AMGN,2006-12-12,47.12,47.3,46.74,47.2,9316832,69.67,69.93,69.1,69.78,6301800,2026-02-14T03:45:32Z
AMGN,2006-12-13,47.24,47.6,46.77,47.19,10733322,69.84,70.37,69.15,69.76,7259900,2026-02-14T03:45:32Z
AMGN,2006-12-14,47.38,47.8,47.29,47.37,12235723,70.05,70.67,69.92,70.03,8276100,2026-02-14T03:45:32Z
AMGN,2006-12-15,47.5,48.69,47.43,48.56,23450724,70.22,71.99,70.12,71.79,15861800,2026-02-14T03:45:32Z
AMGN,2006-12-18,47.38,47.92,47.25,47.49,7668967,70.05,70.84,69.85,70.21,5187200,2026-02-14T03:45:32Z
AMGN,2006-12-19,47.55,47.69,46.99,47.2,8863991,70.3,70.5,69.47,69.78,5995500,2026-02-14T03:45:32Z
AMGN,2006-12-20,46.98,47.62,46.92,47.6,7721003,69.45,70.4,69.37,70.37,5222400,2026-02-14T03:45:32Z
AMGN,2006-12-21,46.82,47.2,46.59,46.87,7367957,69.22,69.78,68.88,69.3,4983600,2026-02-14T03:45:32Z
AMGN,2006-12-22,46.47,46.85,46.4,46.67,6584079,68.71,69.27,68.6,69,4453400,2026-02-14T03:45:32Z
AMGN,2006-12-26,46.46,46.76,46.16,46.48,4401023,68.69,69.13,68.25,68.71,2976800,2026-02-14T03:45:32Z
AMGN,2006-12-27,46.31,46.82,46.17,46.67,6466247,68.46,69.22,68.26,69,4373700,2026-02-14T03:45:32Z
AMGN,2006-12-28,46.36,46.41,45.91,46.2,7899300,68.54,68.61,67.88,68.31,5343000,2026-02-14T03:45:32Z
AMGN,2006-12-29,46.2,46.58,46.04,46.04,8341211,68.31,68.87,68.06,68.07,5641900,2026-02-14T03:45:32Z
AMGN,2007-01-03,46.27,47,45.89,46.29,18395630,68.4,69.48,67.85,68.43,12442600,2026-02-14T03:45:32Z
AMGN,2007-01-04,48.25,48.61,46.65,47,23690819,71.33,71.87,68.97,69.48,16024200,2026-02-14T03:45:32Z
AMGN,2007-01-05,48.36,48.75,48.03,48.25,15467435,71.5,72.08,71.01,71.34,10462000,2026-02-14T03:45:32Z
AMGN,2007-01-08,47.98,48.63,47.88,48.45,9971475,70.93,71.89,70.79,71.63,6744600,2026-02-14T03:45:32Z
AMGN,2007-01-09,48.21,48.48,47.8,48.14,10575432,71.27,71.68,70.67,71.17,7153100,2026-02-14T03:45:32Z
AMGN,2007-01-10,48.05,48.19,47.82,47.96,8546260,71.04,71.24,70.7,70.9,5780600,2026-02-14T03:45:32Z
AMGN,2007-01-11,48.64,48.84,47.85,48.13,10160580,71.91,72.21,70.74,71.16,6872500,2026-02-14T03:45:32Z
AMGN,2007-01-12,49.56,49.76,48.7,48.71,14954271,73.27,73.57,72,72.02,10114900,2026-02-14T03:45:32Z
AMGN,2007-01-16,49.71,49.77,49.22,49.65,8058674,73.5,73.58,72.77,73.4,5450800,2026-02-14T03:45:32Z
AMGN,2007-01-17,50.01,50.11,49.51,49.72,9644605,73.93,74.08,73.2,73.5,6523500,2026-02-14T03:45:32Z
AMGN,2007-01-18,49.84,50.29,49.62,50.12,11153346,73.69,74.35,73.36,74.1,7544000,2026-02-14T03:45:32Z
AMGN,2007-01-19,50.22,50.43,49.88,50.01,10035937,74.25,74.56,73.75,73.94,6788200,2026-02-14T03:45:32Z
AMGN,2007-01-22,51.3,52.05,51.07,51.24,24837041,75.85,76.95,75.51,75.75,16799500,2026-02-14T03:45:32Z
AMGN,2007-01-23,50.46,51.3,50.29,50.89,16590163,74.6,75.85,74.35,75.24,11221400,2026-02-14T03:45:32Z
AMGN,2007-01-24,50.82,50.82,50.05,50.36,10640637,75.14,75.14,74,74.45,7197200,2026-02-14T03:45:32Z
AMGN,2007-01-25,50.63,50.74,50.27,50.61,16276880,74.85,75.01,74.32,74.83,11009500,2026-02-14T03:45:32Z
AMGN,2007-01-26,48.36,48.63,47.97,48.49,44760790,71.5,71.89,70.92,71.69,30275700,2026-02-14T03:45:32Z
AMGN,2007-01-29,47.33,48.23,47.25,48.16,20449195,69.97,71.3,69.86,71.2,13831600,2026-02-14T03:45:32Z
AMGN,2007-01-30,47.57,48.11,47.5,47.81,17274984,70.33,71.13,70.23,70.68,11684600,2026-02-14T03:45:32Z
AMGN,2007-01-31,47.6,47.73,47.28,47.62,12613302,70.37,70.57,69.9,70.4,8531500,2026-02-14T03:45:32Z
AMGN,2007-02-01,47,47.52,46.68,47.48,20261447,69.49,70.25,69.02,70.19,13704600,2026-02-14T03:45:32Z
AMGN,2007-02-02,46.98,47.35,46.94,47.13,14508519,69.45,70.01,69.4,69.68,9813400,2026-02-14T03:45:32Z
AMGN,2007-02-05,47.24,47.49,46.71,46.97,13572960,69.84,70.21,69.05,69.44,9180600,2026-02-14T03:45:32Z
AMGN,2007-02-06,47.12,47.68,46.83,47.57,14221273,69.66,70.49,69.23,70.33,9619100,2026-02-14T03:45:32Z
AMGN,2007-02-07,47.35,47.52,46.87,46.87,11052522,70,70.25,69.3,69.3,7475800,2026-02-14T03:45:32Z
AMGN,2007-02-08,47.2,47.61,47.04,47.07,13115093,69.78,70.39,69.55,69.59,8870900,2026-02-14T03:45:32Z
AMGN,2007-02-09,46.7,47.41,46.67,47.31,15337052,69.05,70.09,69,69.95,10373800,2026-02-14T03:45:32Z
AMGN,2007-02-12,46.33,47.03,46.28,46.95,10061217,68.49,69.53,68.42,69.41,6805300,2026-02-14T03:45:32Z
AMGN,2007-02-13,46.54,46.66,46.33,46.49,9159831,68.8,68.98,68.5,68.73,6195600,2026-02-14T03:45:32Z
AMGN,2007-02-14,46.54,46.75,46.45,46.48,15599181,68.8,69.11,68.68,68.72,10551100,2026-02-14T03:45:32Z
AMGN,2007-02-15,46.18,46.62,45.93,46.47,17108661,68.28,68.92,67.91,68.7,11572100,2026-02-14T03:45:32Z
AMGN,2007-02-16,45.14,46.33,44.6,46.14,44739533,66.73,68.49,65.94,68.22,30261300,2026-02-14T03:45:32Z
AMGN,2007-02-20,44.88,45.44,44.81,45.08,25878752,66.35,67.18,66.25,66.65,17504100,2026-02-14T03:45:32Z
AMGN,2007-02-21,45.6,45.74,44.45,44.65,24629012,67.41,67.62,65.72,66.01,16658800,2026-02-14T03:45:32Z
AMGN,2007-02-22,45.14,45.6,45.06,45.21,21292333,66.74,67.41,66.62,66.84,14401900,2026-02-14T03:45:32Z
AMGN,2007-02-23,44.8,45.66,44.62,44.98,28712057,66.23,67.5,65.96,66.5,19420500,2026-02-14T03:45:32Z
AMGN,2007-02-26,44.78,44.98,44.62,44.74,15990963,66.2,66.5,65.96,66.15,10816100,2026-02-14T03:45:32Z
AMGN,2007-02-27,43.46,44.32,43.19,44.2,33568696,64.25,65.52,63.86,65.35,22705500,2026-02-14T03:45:32Z
AMGN,2007-02-28,43.46,44.11,43.39,43.97,24368407,64.26,65.22,64.15,65,16482500,2026-02-14T03:45:32Z
AMGN,2007-03-01,41.73,42.54,41.54,42.21,56694302,61.7,62.89,61.41,62.4,38347400,2026-02-14T03:45:32Z
AMGN,2007-03-02,41.77,42.24,41.53,42.01,31249046,61.75,62.45,61.4,62.11,21136500,2026-02-14T03:45:32Z
AMGN,2007-03-05,42.04,42.71,41.33,41.68,25841662,62.16,63.15,61.1,61.62,17479000,2026-02-14T03:45:32Z
AMGN,2007-03-06,42.14,42.38,41.73,42.11,18471486,62.3,62.66,61.7,62.25,12493900,2026-02-14T03:45:32Z
AMGN,2007-03-07,41.95,42.31,41.75,41.99,19051483,62.02,62.55,61.72,62.08,12886200,2026-02-14T03:45:32Z
AMGN,2007-03-08,42.05,42.21,41.69,42.08,16347988,62.17,62.41,61.63,62.21,11057600,2026-02-14T03:45:32Z
AMGN,2007-03-09,41.17,42.15,40.62,42.05,36391513,60.86,62.32,60.05,62.17,24614800,2026-02-14T03:45:32Z
AMGN,2007-03-12,41.04,41.07,39.93,40.47,41622187,60.68,60.72,59.03,59.83,28152800,2026-02-14T03:45:32Z
AMGN,2007-03-13,40.85,41.68,40.59,40.61,32191412,60.39,61.62,60.01,60.04,21773900,2026-02-14T03:45:32Z
AMGN,2007-03-14,41.05,41.05,40.34,40.83,21084046,60.69,60.69,59.64,60.36,14261000,2026-02-14T03:45:32Z
AMGN,2007-03-15,40.59,41.22,40.44,40.96,16690249,60.01,60.94,59.79,60.55,11289100,2026-02-14T03:45:32Z
AMGN,2007-03-16,40.11,40.9,40.05,40.6,21273593,59.3,60.46,59.21,60.02,14389200,2026-02-14T03:45:32Z
AMGN,2007-03-19,40,40.41,39.91,40.41,18262884,59.14,59.75,59,59.75,12352800,2026-02-14T03:45:32Z
AMGN,2007-03-20,40.2,40.4,39.93,39.93,16883627,59.43,59.73,59.03,59.04,11419900,2026-02-14T03:45:32Z
AMGN,2007-03-21,40.99,41.02,40.06,40.26,19161002,60.6,60.64,59.23,59.52,12960300,2026-02-14T03:45:32Z
AMGN,2007-03-22,40.9,41.19,40.79,40.99,14701763,60.47,60.9,60.31,60.6,9944100,2026-02-14T03:45:32Z
AMGN,2007-03-23,39.24,39.56,38.63,39.37,52217426,58.02,58.48,57.11,58.2,35319300,2026-02-14T03:45:32Z
AMGN,2007-03-26,38.65,39.46,38.58,39.44,23781562,57.14,58.34,57.04,58.31,16085600,2026-02-14T03:45:32Z
AMGN,2007-03-27,38.02,38.83,38.02,38.68,29587579,56.21,57.41,56.21,57.18,20012700,2026-02-14T03:45:32Z
AMGN,2007-03-28,37.69,38.03,37.55,37.96,28185996,55.72,56.23,55.52,56.12,19064700,2026-02-14T03:45:32Z
AMGN,2007-03-29,37.76,38.15,37.29,37.92,24807322,55.83,56.4,55.13,56.06,16779400,2026-02-14T03:45:32Z
AMGN,2007-03-30,37.8,37.95,37.4,37.88,15892785,55.88,56.11,55.3,56,10749700,2026-02-14T03:45:32Z
AMGN,2007-04-02,37.57,38.25,37.51,38.01,16386432,55.55,56.55,55.45,56.2,11083600,2026-02-14T03:45:32Z
AMGN,2007-04-03,37.7,38.05,37.6,37.76,15613376,55.73,56.25,55.59,55.83,10560700,2026-02-14T03:45:32Z
AMGN,2007-04-04,38.34,38.55,37.71,37.78,18929210,56.68,57,55.75,55.85,12803500,2026-02-14T03:45:32Z
AMGN,2007-04-05,39.45,39.78,38.45,38.51,28668836,58.33,58.81,56.85,56.94,19391300,2026-02-14T03:45:32Z
AMGN,2007-04-09,38.68,39.57,38.66,39.49,16213592,57.19,58.5,57.15,58.38,10966700,2026-02-14T03:45:32Z
AMGN,2007-04-10,38.64,39.01,38.32,38.84,17672983,57.12,57.67,56.66,57.42,11953800,2026-02-14T03:45:32Z
AMGN,2007-04-11,38.11,38.67,38.08,38.54,25651253,56.34,57.17,56.3,56.98,17350200,2026-02-14T03:45:32Z
AMGN,2007-04-12,38.99,39.09,38.21,38.21,25783281,57.64,57.79,56.49,56.49,17439500,2026-02-14T03:45:32Z
AMGN,2007-04-13,39.93,40.33,39.25,39.35,31469498,59.03,59.62,58.03,58.18,21285600,2026-02-14T03:45:32Z
AMGN,2007-04-16,40.35,40.74,40.24,40.47,27715417,59.65,60.23,59.49,59.83,18746400,2026-02-14T03:45:32Z
AMGN,2007-04-17,40.65,40.69,40.35,40.65,18194252,60.1,60.15,59.66,60.1,12306400,2026-02-14T03:45:32Z
AMGN,2007-04-18,40.59,40.89,40.46,40.51,16803202,60.01,60.45,59.81,59.89,11365500,2026-02-14T03:45:32Z
AMGN,2007-04-19,42.15,43.56,42.03,42.61,72258823,62.32,64.4,62.14,63,48875000,2026-02-14T03:45:32Z
AMGN,2007-04-20,41.92,42.52,41.64,42.42,21628693,61.97,62.86,61.56,62.72,14629400,2026-02-14T03:45:32Z
AMGN,2007-04-23,42.06,42.61,41.84,42.09,28131760,62.19,63,61.85,62.23,19028000,2026-02-14T03:45:32Z
AMGN,2007-04-24,41.41,42.16,41,41.97,27739683,61.22,62.33,60.61,62.05,18762800,2026-02-14T03:45:32Z
AMGN,2007-04-25,41.73,42.18,41.02,41.67,23777906,61.69,62.36,60.65,61.61,16083100,2026-02-14T03:45:32Z
AMGN,2007-04-26,42.31,42.43,41.93,41.94,20601473,62.55,62.73,61.99,62,13934600,2026-02-14T03:45:32Z
AMGN,2007-04-27,42.8,42.84,42.15,42.46,21361392,63.27,63.33,62.32,62.78,14448600,2026-02-14T03:45:32Z
AMGN,2007-04-30,43.38,43.51,42.86,43.01,29311380,64.14,64.33,63.36,63.59,19825900,2026-02-14T03:45:32Z
AMGN,2007-05-01,44.03,44.11,43.4,43.56,25626390,65.1,65.21,64.17,64.4,17333400,2026-02-14T03:45:32Z
AMGN,2007-05-02,44.01,44.68,43.96,44.39,28124368,65.07,66.06,64.99,65.62,19023000,2026-02-14T03:45:32Z
AMGN,2007-05-03,43.23,44.41,43.12,44.35,19467060,63.91,65.65,63.75,65.57,13167300,2026-02-14T03:45:32Z
AMGN,2007-05-04,43.11,43.15,42.67,43.13,16900053,63.74,63.8,63.08,63.76,11431000,2026-02-14T03:45:32Z
AMGN,2007-05-07,43.13,43.52,43.09,43.28,9625096,63.76,64.34,63.7,63.99,6510300,2026-02-14T03:45:32Z
AMGN,2007-05-08,42.38,43.01,42.38,42.96,20785688,62.66,63.59,62.65,63.51,14059200,2026-02-14T03:45:32Z
AMGN,2007-05-09,42.68,42.76,42.08,42.11,14167010,63.1,63.22,62.21,62.25,9582400,2026-02-14T03:45:32Z
AMGN,2007-05-10,38.78,42.42,38.68,42,67935578,57.33,62.72,57.18,62.1,45950900,2026-02-14T03:45:32Z
AMGN,2007-05-11,38.08,38.09,36.22,36.69,76263808,56.3,56.32,53.55,54.25,51584000,2026-02-14T03:45:32Z
AMGN,2007-05-14,37.93,38.53,37.6,38.01,28456282,56.07,56.96,55.59,56.2,19247500,2026-02-14T03:45:32Z
AMGN,2007-05-15,36.53,36.54,35.42,35.42,100514125,54.01,54.02,52.36,52.36,67986704,2026-02-14T03:45:32Z
AMGN,2007-05-16,36.75,37.45,36.6,36.65,26492015,54.33,55.37,54.11,54.18,17918900,2026-02-14T03:45:32Z
AMGN,2007-05-17,36.31,36.83,36.1,36.63,20969035,53.68,54.45,53.37,54.16,14183200,2026-02-14T03:45:32Z
AMGN,2007-05-18,36.55,36.86,36.19,36.2,21922925,54.04,54.5,53.5,53.52,14828400,2026-02-14T03:45:32Z
AMGN,2007-05-21,36.65,37.3,36.55,37.24,20028593,54.18,55.15,54.04,55.05,13547100,2026-02-14T03:45:32Z
AMGN,2007-05-22,36.5,36.85,36.32,36.72,16876998,53.96,54.48,53.69,54.29,11415400,2026-02-14T03:45:32Z
AMGN,2007-05-23,37.03,37.28,36.72,36.95,25425480,54.74,55.11,54.29,54.63,17197500,2026-02-14T03:45:32Z
AMGN,2007-05-24,36.91,37.33,36.73,37.26,21351645,54.57,55.19,54.3,55.08,14442000,2026-02-14T03:45:32Z
AMGN,2007-05-25,36.9,36.9,36.54,36.56,16960662,54.55,54.56,54.02,54.05,11472000,2026-02-14T03:45:32Z
AMGN,2007-05-29,36.94,37.03,36.66,37.03,11203317,54.61,54.75,54.2,54.75,7577800,2026-02-14T03:45:32Z
AMGN,2007-05-30,37.38,37.44,36.86,36.88,18385008,55.26,55.35,54.5,54.53,12435400,2026-02-14T03:45:32Z
AMGN,2007-05-31,38.18,38.5,37.24,37.32,27946389,56.45,56.92,55.06,55.17,18902600,2026-02-14T03:45:32Z
AMGN,2007-06-01,38.51,38.78,38.22,38.68,17844756,56.94,57.33,56.5,57.18,12070000,2026-02-14T03:45:32Z
AMGN,2007-06-04,38.49,38.58,38.05,38.26,17098886,56.91,57.04,56.25,56.56,11565500,2026-02-14T03:45:32Z
AMGN,2007-06-05,38.97,39.1,38.28,38.46,19846552,57.61,57.8,56.6,56.86,13424000,2026-02-14T03:45:32Z
AMGN,2007-06-06,38.75,38.91,38.39,38.83,15307177,57.29,57.53,56.76,57.4,10353600,2026-02-14T03:45:32Z
AMGN,2007-06-07,38.31,38.75,38.27,38.55,26075213,56.64,57.29,56.58,57,17637000,2026-02-14T03:45:32Z
AMGN,2007-06-08,38.8,38.91,38.03,38.05,15981497,57.37,57.52,56.22,56.26,10809700,2026-02-14T03:45:32Z
AMGN,2007-06-11,38.83,39.15,38.46,38.55,12231420,57.41,57.88,56.86,57,8273200,2026-02-14T03:45:32Z
AMGN,2007-06-12,38.87,39.05,38.62,38.74,17958902,57.46,57.73,57.1,57.28,12147200,2026-02-14T03:45:32Z
AMGN,2007-06-13,39.33,39.37,38.74,38.76,17145188,58.14,58.2,57.28,57.3,11596800,2026-02-14T03:45:32Z
AMGN,2007-06-14,39.39,39.59,39.33,39.42,19235691,58.23,58.53,58.14,58.28,13010800,2026-02-14T03:45:32Z
AMGN,2007-06-15,39.93,40.12,39.62,39.66,21285553,59.03,59.31,58.57,58.64,14397300,2026-02-14T03:45:32Z
AMGN,2007-06-18,39.64,39.78,39.13,39.77,16786815,58.61,58.81,57.85,58.8,11354400,2026-02-14T03:45:32Z
AMGN,2007-06-19,39.32,39.7,39.11,39.64,17079961,58.13,58.69,57.82,58.61,11552700,2026-02-14T03:45:32Z
AMGN,2007-06-20,39.03,39.7,38.95,39.3,17778991,57.7,58.7,57.58,58.1,12025500,2026-02-14T03:45:32Z
AMGN,2007-06-21,38.74,39.37,38.54,38.95,20849686,57.27,58.2,56.98,57.58,14102500,2026-02-14T03:45:32Z
AMGN,2007-06-22,37.85,38.66,37.85,38.36,26572597,55.96,57.15,55.96,56.71,17973400,2026-02-14T03:45:32Z
AMGN,2007-06-25,37.78,38,37.47,37.48,18354373,55.86,56.18,55.4,55.41,12414700,2026-02-14T03:45:32Z
AMGN,2007-06-26,37.27,37.82,37.17,37.75,19684842,55.1,55.91,54.95,55.81,13314600,2026-02-14T03:45:32Z
AMGN,2007-06-27,37.54,37.58,36.94,37.09,17747770,55.5,55.56,54.62,54.83,12004400,2026-02-14T03:45:32Z
AMGN,2007-06-28,37.41,37.91,37.26,37.36,12208648,55.31,56.04,55.08,55.23,8257800,2026-02-14T03:45:32Z
AMGN,2007-06-29,37.4,37.74,37.08,37.68,14187417,55.29,55.79,54.82,55.71,9596200,2026-02-14T03:45:32Z
AMGN,2007-07-02,37.36,37.76,37.05,37.54,15937437,55.24,55.83,54.78,55.5,10779900,2026-02-14T03:45:32Z
AMGN,2007-07-03,37.33,37.52,37.19,37.34,6598867,55.19,55.47,54.98,55.21,4463400,2026-02-14T03:45:32Z
AMGN,2007-07-05,37.11,37.23,36.97,37.07,16444382,54.86,55.04,54.65,54.8,11122800,2026-02-14T03:45:32Z
AMGN,2007-07-06,37.08,37.13,36.86,37.01,8636016,54.82,54.9,54.49,54.71,5841300,2026-02-14T03:45:32Z
AMGN,2007-07-09,36.9,37.24,36.81,36.92,10255346,54.55,55.06,54.42,54.58,6936600,2026-02-14T03:45:32Z
AMGN,2007-07-10,36.72,37.13,36.72,36.86,20906938,54.29,54.89,54.29,54.5,14141200,2026-02-14T03:45:32Z
AMGN,2007-07-11,37.29,37.35,36.76,36.88,18069348,55.13,55.22,54.34,54.53,12221900,2026-02-14T03:45:32Z
AMGN,2007-07-12,37.84,37.85,37.2,37.26,13602403,55.95,55.96,54.99,55.08,9200500,2026-02-14T03:45:32Z
AMGN,2007-07-13,38.51,39.01,38.39,38.55,19498259,56.93,57.67,56.75,56.99,13188400,2026-02-14T03:45:32Z
AMGN,2007-07-16,37.9,38.72,37.78,38.41,13536431,56.03,57.25,55.86,56.79,9155900,2026-02-14T03:45:32Z
AMGN,2007-07-17,37.6,37.7,37.28,37.42,17799799,55.59,55.74,55.12,55.33,12039600,2026-02-14T03:45:32Z
AMGN,2007-07-18,37.74,37.92,37.47,37.5,13340845,55.8,56.07,55.39,55.44,9023600,2026-02-14T03:45:32Z
AMGN,2007-07-19,37.59,37.99,37.02,37.76,11086531,55.57,56.16,54.73,55.82,7498800,2026-02-14T03:45:32Z
AMGN,2007-07-20,38,38.37,37.36,37.66,20554906,56.18,56.73,55.23,55.67,13903100,2026-02-14T03:45:32Z
AMGN,2007-07-23,38.42,38.72,38.32,38.51,15267395,56.8,57.25,56.65,56.94,10326700,2026-02-14T03:45:32Z
AMGN,2007-07-24,38.18,38.93,38.05,38.32,16142631,56.44,57.55,56.25,56.65,10918700,2026-02-14T03:45:32Z
AMGN,2007-07-25,38.66,39.05,38.01,38.34,17155954,57.16,57.73,56.2,56.68,11604100,2026-02-14T03:45:32Z
AMGN,2007-07-26,37.99,38.74,37.72,38.22,24557321,56.16,57.28,55.76,56.51,16610300,2026-02-14T03:45:32Z
AMGN,2007-07-27,37.62,38.44,37.36,38.42,19324411,55.62,56.83,55.23,56.8,13070800,2026-02-14T03:45:32Z
AMGN,2007-07-30,38.01,38.28,37.47,37.48,11870830,56.19,56.6,55.4,55.41,8029300,2026-02-14T03:45:32Z
AMGN,2007-07-31,36.35,37.82,36.31,37.71,41452234,53.74,55.92,53.68,55.75,28037800,2026-02-14T03:45:32Z
AMGN,2007-08-01,35.23,35.63,34.02,35.48,40912552,52.09,52.67,50.3,52.46,27672800,2026-02-14T03:45:32Z
AMGN,2007-08-02,34.79,35.53,34.69,35.23,16362796,51.44,52.53,51.28,52.09,11067600,2026-02-14T03:45:32Z
AMGN,2007-08-03,34.43,34.92,34.38,34.67,14691841,50.9,51.62,50.83,51.26,9937400,2026-02-14T03:45:32Z
AMGN,2007-08-06,35.02,35.17,34.43,34.43,15092819,51.77,51.99,50.9,50.9,10208600,2026-02-14T03:45:32Z
AMGN,2007-08-07,34.76,35.17,34.47,34.63,17221612,51.39,51.99,50.96,51.2,11648500,2026-02-14T03:45:32Z
AMGN,2007-08-08,35.17,35.17,34.33,34.85,15845037,52,52,50.75,51.53,10717400,2026-02-14T03:45:32Z
AMGN,2007-08-09,34.49,35.51,34.48,34.9,16588371,50.99,52.5,50.98,51.6,11220200,2026-02-14T03:45:32Z
AMGN,2007-08-10,33.87,34.44,33.62,34.07,21309668,50.08,50.92,49.71,50.37,14413600,2026-02-14T03:45:32Z
AMGN,2007-08-13,34.67,35.16,34.42,34.53,15274198,51.26,51.98,50.89,51.05,10331300,2026-02-14T03:45:32Z
AMGN,2007-08-14,34.71,35.14,34.6,34.67,12328846,51.32,51.95,51.15,51.26,8339100,2026-02-14T03:45:32Z
AMGN,2007-08-15,34.22,34.94,34.15,34.44,31366141,50.59,51.65,50.49,50.91,21215700,2026-02-14T03:45:32Z
AMGN,2007-08-16,33.42,33.83,32.83,33.47,25506610,49.41,50.01,48.54,49.49,17252400,2026-02-14T03:45:32Z
AMGN,2007-08-17,33.87,33.89,32.67,33.54,26018212,50.08,50.1,48.3,49.59,17598400,2026-02-14T03:45:32Z
AMGN,2007-08-20,33.68,34.16,33.14,33.69,13968593,49.79,50.51,49,49.81,9448200,2026-02-14T03:45:32Z
AMGN,2007-08-21,33.31,33.81,33.2,33.31,12138279,49.24,49.98,49.09,49.25,8210200,2026-02-14T03:45:32Z
AMGN,2007-08-22,33.35,33.54,33.01,33.52,15865267,49.3,49.59,48.8,49.56,10731100,2026-02-14T03:45:32Z
AMGN,2007-08-23,33.99,34.5,33.25,33.25,16451650,50.25,51,49.16,49.16,11127700,2026-02-14T03:45:32Z
AMGN,2007-08-24,34,34.14,33.82,33.94,12315388,50.27,50.47,50,50.18,8330000,2026-02-14T03:45:32Z
AMGN,2007-08-27,33.77,34.35,33.48,33.69,7925920,49.92,50.78,49.5,49.81,5361000,2026-02-14T03:45:32Z
AMGN,2007-08-28,33.15,33.77,33.15,33.54,14070463,49.01,49.92,49.01,49.59,9517100,2026-02-14T03:45:32Z
AMGN,2007-08-29,33.95,33.99,33.18,33.74,20740704,50.19,50.26,49.06,49.88,14028800,2026-02-14T03:45:32Z
AMGN,2007-08-30,33.87,34.14,33.48,33.48,12827552,50.08,50.48,49.5,49.5,8676400,2026-02-14T03:45:32Z
AMGN,2007-08-31,33.89,34.16,33.82,33.88,13193316,50.11,50.5,50,50.09,8923800,2026-02-14T03:45:32Z
AMGN,2007-09-04,34.73,34.81,33.89,34,13320297,51.34,51.46,50.11,50.27,9009700,2026-02-14T03:45:32Z
AMGN,2007-09-05,35.39,36.11,35.25,36,30185860,52.32,53.39,52.11,53.23,20417400,2026-02-14T03:45:32Z
AMGN,2007-09-06,35.18,35.71,35.04,35.61,16188608,52.01,52.79,51.8,52.65,10949800,2026-02-14T03:45:32Z
AMGN,2007-09-07,34.43,35.31,34.27,34.61,20405270,50.9,52.2,50.67,51.17,13801900,2026-02-14T03:45:32Z
AMGN,2007-09-10,34.52,35.01,34.39,34.39,10032686,51.04,51.76,50.85,50.85,6786000,2026-02-14T03:45:32Z
AMGN,2007-09-11,36.44,36.78,34.5,34.55,32985344,53.88,54.38,51,51.08,22310900,2026-02-14T03:45:32Z
AMGN,2007-09-12,37.63,38.43,36.97,37.35,41355472,55.64,56.82,54.65,55.22,27972400,2026-02-14T03:45:32Z
AMGN,2007-09-13,38.64,38.74,37.71,37.74,27436753,57.12,57.27,55.75,55.8,18557900,2026-02-14T03:45:32Z
AMGN,2007-09-14,38.09,38.47,37.8,38.47,13145995,56.32,56.88,55.89,56.88,8891800,2026-02-14T03:45:32Z
AMGN,2007-09-17,37.51,37.87,36.87,37.64,14970983,55.46,55.99,54.51,55.65,10126200,2026-02-14T03:45:32Z
AMGN,2007-09-18,37.88,37.92,36.78,37.48,17024248,56.01,56.07,54.38,55.41,11515000,2026-02-14T03:45:32Z
AMGN,2007-09-19,37.74,38.28,37.54,37.88,14659317,55.8,56.59,55.5,56,9915400,2026-02-14T03:45:32Z
AMGN,2007-09-20,37.41,37.68,37.28,37.39,10289191,55.31,55.71,55.12,55.28,6959500,2026-02-14T03:45:32Z
AMGN,2007-09-21,37.49,37.86,37.41,37.51,13875586,55.42,55.98,55.31,55.45,9385300,2026-02-14T03:45:32Z
AMGN,2007-09-24,37.4,37.71,37.05,37.17,12113607,55.29,55.75,54.77,54.95,8193500,2026-02-14T03:45:32Z
AMGN,2007-09-25,37.12,37.56,36.9,37.26,12005378,54.88,55.53,54.55,55.08,8120300,2026-02-14T03:45:32Z
AMGN,2007-09-26,37.93,38.4,37.26,37.28,15296521,56.08,56.77,55.08,55.12,10346400,2026-02-14T03:45:32Z
AMGN,2007-09-27,38.26,38.49,37.91,38.23,10483038,56.56,56.9,56.04,56.52,7090600,2026-02-14T03:45:32Z
AMGN,2007-09-28,38.26,39.06,37.59,38.53,17311054,56.57,57.74,55.58,56.96,11709000,2026-02-14T03:45:32Z
AMGN,2007-10-01,38.16,38.37,37.96,38.14,8619448,56.41,56.72,56.12,56.38,5830100,2026-02-14T03:45:32Z
AMGN,2007-10-02,37.9,38.16,37.57,38.11,7603916,56.04,56.42,55.55,56.34,5143200,2026-02-14T03:45:32Z
AMGN,2007-10-03,37.55,38.14,37.32,37.82,13022246,55.52,56.38,55.18,55.92,8808100,2026-02-14T03:45:32Z
AMGN,2007-10-04,37.47,37.67,37.24,37.5,11402014,55.39,55.7,55.06,55.44,7712200,2026-02-14T03:45:32Z
AMGN,2007-10-05,38.45,38.7,37.74,37.78,14489314,56.84,57.21,55.8,55.85,9800400,2026-02-14T03:45:32Z
AMGN,2007-10-08,38.27,38.55,38.05,38.16,7368834,56.58,57,56.25,56.42,4984200,2026-02-14T03:45:32Z
AMGN,2007-10-09,38.61,38.67,38.08,38.24,12656322,57.08,57.17,56.3,56.53,8560600,2026-02-14T03:45:32Z
AMGN,2007-10-10,38.97,39.16,38.55,38.58,13801389,57.62,57.9,57,57.04,9335100,2026-02-14T03:45:32Z
AMGN,2007-10-11,39.12,39.44,38.98,39.12,13247102,57.83,58.31,57.63,57.84,8960200,2026-02-14T03:45:32Z
AMGN,2007-10-12,39.35,39.83,38.75,39.16,11973449,58.17,58.88,57.29,57.9,8098700,2026-02-14T03:45:32Z
AMGN,2007-10-15,39.01,39.96,38.86,39.87,15355681,57.67,59.08,57.45,58.95,10386400,2026-02-14T03:45:32Z
AMGN,2007-10-16,38.41,39.1,38.32,38.88,13348816,56.78,57.81,56.66,57.48,9029000,2026-02-14T03:45:32Z
AMGN,2007-10-17,38.16,38.76,37.38,38.76,12041296,56.41,57.31,55.27,57.31,8144600,2026-02-14T03:45:32Z
AMGN,2007-10-18,38.36,38.53,37.89,38.07,9815805,56.71,56.96,56.02,56.28,6639300,2026-02-14T03:45:32Z
AMGN,2007-10-19,37.84,38.43,37.73,38.3,16213923,55.95,56.82,55.78,56.62,10966900,2026-02-14T03:45:32Z
AMGN,2007-10-22,37.96,38.08,37.54,37.7,9853071,56.12,56.3,55.5,55.74,6664500,2026-02-14T03:45:32Z
AMGN,2007-10-23,39.03,39.22,37.59,37.99,27008306,57.7,57.99,55.57,56.17,18268100,2026-02-14T03:45:32Z
AMGN,2007-10-24,39.32,39.62,38.55,39.1,20887679,58.13,58.57,56.99,57.8,14128200,2026-02-14T03:45:32Z
AMGN,2007-10-25,38.76,39.79,38.36,39.37,15889842,57.31,58.83,56.71,58.21,10747700,2026-02-14T03:45:32Z
AMGN,2007-10-26,38.68,39.29,38.26,38.85,11023988,57.18,58.09,56.57,57.44,7456500,2026-02-14T03:45:32Z
AMGN,2007-10-29,38.41,38.78,37.78,38.42,13577848,56.79,57.34,55.86,56.8,9183900,2026-02-14T03:45:32Z
AMGN,2007-10-30,38.59,38.64,38.05,38.1,12776247,57.06,57.12,56.25,56.33,8641700,2026-02-14T03:45:32Z
AMGN,2007-10-31,39.3,39.35,38.41,38.45,15011651,58.11,58.18,56.78,56.85,10153700,2026-02-14T03:45:32Z
AMGN,2007-11-01,38.72,39.56,38.53,39.16,15135819,57.24,58.48,56.96,57.89,10237700,2026-02-14T03:45:32Z
AMGN,2007-11-02,38.3,38.89,38.03,38.89,20281103,56.62,57.5,56.22,57.5,13717900,2026-02-14T03:45:32Z
AMGN,2007-11-05,38.87,38.94,37.67,38.05,14566179,57.46,57.57,55.69,56.26,9852400,2026-02-14T03:45:32Z
AMGN,2007-11-06,39.16,39.16,38.54,38.54,10469286,57.89,57.9,56.98,56.98,7081300,2026-02-14T03:45:32Z
AMGN,2007-11-07,38.01,39.13,37.98,38.7,14517113,56.2,57.85,56.15,57.22,9819200,2026-02-14T03:45:32Z
AMGN,2007-11-08,37.9,38.6,37.86,38.53,17406391,56.03,57.07,55.98,56.96,11773500,2026-02-14T03:45:32Z
AMGN,2007-11-09,36.71,37.84,36.53,37.81,17416009,54.28,55.95,54.01,55.9,11780000,2026-02-14T03:45:32Z
AMGN,2007-11-12,36.86,37.42,36.38,36.51,12681755,54.5,55.32,53.78,53.98,8577800,2026-02-14T03:45:32Z
AMGN,2007-11-13,36.82,36.86,35.91,36.61,16298025,54.44,54.5,53.09,54.12,11023800,2026-02-14T03:45:32Z
AMGN,2007-11-14,36.27,36.69,36.03,36.31,13860975,53.63,54.25,53.26,53.68,9375400,2026-02-14T03:45:32Z
AMGN,2007-11-15,37.06,37.33,36.56,36.75,18116671,54.79,55.19,54.05,54.33,12253900,2026-02-14T03:45:32Z
AMGN,2007-11-16,37.53,37.86,36.86,37.26,24582913,55.49,55.97,54.5,55.08,16627600,2026-02-14T03:45:32Z
AMGN,2007-11-19,36.97,37.73,36.88,37.34,11705401,54.66,55.78,54.52,55.2,7917400,2026-02-14T03:45:32Z
AMGN,2007-11-20,36.61,37.47,36.03,36.92,13394081,54.13,55.4,53.27,54.59,9059600,2026-02-14T03:45:32Z
AMGN,2007-11-21,35.74,36.48,35.57,36.19,13068070,52.84,53.94,52.59,53.5,8839100,2026-02-14T03:45:32Z
AMGN,2007-11-23,36.36,36.39,35.79,35.8,4577539,53.76,53.8,52.92,52.93,3096200,2026-02-14T03:45:32Z
AMGN,2007-11-26,35.63,36.48,35.62,36.03,9041683,52.68,53.94,52.66,53.27,6115700,2026-02-14T03:45:32Z
AMGN,2007-11-27,36.54,36.54,35.56,35.69,11847483,54.02,54.02,52.57,52.76,8013500,2026-02-14T03:45:32Z
AMGN,2007-11-28,37.01,37.04,35.94,36.16,14069286,54.71,54.76,53.13,53.46,9516300,2026-02-14T03:45:32Z
AMGN,2007-11-29,37.51,37.59,36.78,36.95,10459966,55.46,55.58,54.37,54.63,7075000,2026-02-14T03:45:32Z
AMGN,2007-11-30,37.37,37.97,37.35,37.64,14563806,55.25,56.13,55.22,55.65,9850800,2026-02-14T03:45:32Z
AMGN,2007-12-03,37.26,37.34,36.3,36.32,14130615,55.09,55.2,53.67,53.7,9557800,2026-02-14T03:45:32Z
AMGN,2007-12-04,37.14,37.56,36.93,37.07,10995750,54.91,55.53,54.6,54.8,7437400,2026-02-14T03:45:32Z
AMGN,2007-12-05,37.13,37.38,36.72,37.14,14710614,54.89,55.26,54.29,54.91,9950100,2026-02-14T03:45:32Z
AMGN,2007-12-06,37.3,37.33,36.49,36.95,9024257,55.15,55.19,53.95,54.63,6103900,2026-02-14T03:45:32Z
AMGN,2007-12-07,35.24,36.65,35.19,36.61,28395023,52.1,54.18,52.02,54.13,19206100,2026-02-14T03:45:32Z
AMGN,2007-12-10,34.49,34.49,33.56,34.36,28190561,50.99,50.99,49.62,50.8,19067800,2026-02-14T03:45:32Z
AMGN,2007-12-11,33.67,34.44,33.55,34.44,17112511,49.78,50.92,49.6,50.92,11574700,2026-02-14T03:45:32Z
AMGN,2007-12-12,33.81,34.33,33.49,34.04,13636379,49.99,50.76,49.52,50.32,9223500,2026-02-14T03:45:32Z
AMGN,2007-12-13,33.43,33.77,33.21,33.58,12859775,49.42,49.93,49.1,49.65,8698200,2026-02-14T03:45:32Z
AMGN,2007-12-14,32.74,33.39,32.64,33.24,16992011,48.4,49.37,48.25,49.15,11493200,2026-02-14T03:45:32Z
AMGN,2007-12-17,31.64,32.56,31.59,32.48,22191503,46.78,48.13,46.71,48.02,15010100,2026-02-14T03:45:32Z
AMGN,2007-12-18,31.99,32.26,31.66,31.67,16079818,47.29,47.69,46.8,46.82,10876200,2026-02-14T03:45:32Z
AMGN,2007-12-19,31.92,31.99,31.68,31.77,18994245,47.19,47.3,46.84,46.97,12847500,2026-02-14T03:45:32Z
AMGN,2007-12-20,32.17,32.28,31.81,31.97,18125403,47.56,47.73,47.03,47.27,12259800,2026-02-14T03:45:32Z
AMGN,2007-12-21,32.48,32.57,32.18,32.35,23340857,48.02,48.15,47.57,47.83,15787500,2026-02-14T03:45:32Z
AMGN,2007-12-24,32.57,32.63,31.82,32.1,9900660,48.16,48.24,47.04,47.45,6696700,2026-02-14T03:45:32Z
AMGN,2007-12-26,32.13,32.37,31.85,32.16,10048943,47.5,47.86,47.09,47.54,6797000,2026-02-14T03:45:32Z
AMGN,2007-12-27,32.03,32.3,31.87,31.95,9379361,47.36,47.75,47.11,47.23,6344100,2026-02-14T03:45:32Z
AMGN,2007-12-28,31.83,32.03,31.72,31.95,8062659,47.06,47.36,46.9,47.24,5453500,2026-02-14T03:45:32Z
AMGN,2007-12-31,31.41,31.71,31.26,31.68,10683202,46.44,46.88,46.21,46.84,7226000,2026-02-14T03:45:32Z
AMGN,2008-01-02,31.52,31.82,31.29,31.52,11730538,46.6,47.04,46.26,46.6,7934400,2026-02-14T03:45:32Z
AMGN,2008-01-03,30.9,31.86,30.61,31.41,17706091,45.69,47.1,45.25,46.43,11976200,2026-02-14T03:45:32Z
AMGN,2008-01-04,30.3,31.31,30.17,31.31,15243165,44.8,46.29,44.6,46.29,10310300,2026-02-14T03:45:32Z
AMGN,2008-01-07,30.7,30.95,30.13,30.24,12609754,45.39,45.76,44.55,44.71,8529100,2026-02-14T03:45:32Z
AMGN,2008-01-08,31.34,32.43,30.67,30.92,31011005,46.33,47.95,45.35,45.72,20975500,2026-02-14T03:45:32Z
AMGN,2008-01-09,32.23,32.47,31.28,31.52,17820091,47.65,48,46.25,46.6,12053300,2026-02-14T03:45:32Z
AMGN,2008-01-10,32.17,32.32,31.85,32.09,13041485,47.56,47.78,47.09,47.44,8821100,2026-02-14T03:45:32Z
AMGN,2008-01-11,32.21,32.47,31.97,32,13425429,47.62,48,47.26,47.31,9080800,2026-02-14T03:45:32Z
AMGN,2008-01-14,32.42,32.7,32.05,32.2,10737320,47.93,48.35,47.38,47.61,7262600,2026-02-14T03:45:32Z
AMGN,2008-01-15,32.05,32.77,32.01,32.23,13012487,47.38,48.45,47.33,47.65,8801500,2026-02-14T03:45:32Z
AMGN,2008-01-16,32.12,32.64,32.03,32.14,17524982,47.49,48.25,47.35,47.51,11853700,2026-02-14T03:45:32Z
AMGN,2008-01-17,32.07,32.68,31.83,32.02,15038074,47.42,48.32,47.06,47.34,10171600,2026-02-14T03:45:32Z
AMGN,2008-01-18,32.09,32.48,31.74,31.74,21906811,47.45,48.02,46.93,46.93,14817500,2026-02-14T03:45:32Z
AMGN,2008-01-22,30.74,31.57,30.64,30.65,24121310,45.45,46.67,45.3,45.32,16315400,2026-02-14T03:45:32Z
AMGN,2008-01-23,30.27,30.71,29.71,30.12,27903476,44.75,45.4,43.93,44.53,18873600,2026-02-14T03:45:32Z
AMGN,2008-01-24,31.2,31.2,29.76,29.86,25154804,46.12,46.13,44,44.15,17014400,2026-02-14T03:45:32Z
AMGN,2008-01-25,32.56,33.08,32.12,32.28,36745677,48.14,48.91,47.49,47.73,24854400,2026-02-14T03:45:32Z
AMGN,2008-01-28,32.37,32.7,32.14,32.28,22288192,47.86,48.34,47.51,47.72,15075500,2026-02-14T03:45:32Z
AMGN,2008-01-29,32.47,32.61,32.14,32.46,14133422,48,48.21,47.51,47.99,9559700,2026-02-14T03:45:32Z
AMGN,2008-01-30,31.98,32.48,31.95,32.4,13376314,47.28,48.02,47.24,47.9,9047600,2026-02-14T03:45:32Z
AMGN,2008-01-31,31.51,31.85,31.31,31.82,21683797,46.59,47.09,46.29,47.04,14666700,2026-02-14T03:45:32Z
AMGN,2008-02-01,32.03,32.1,31.22,31.32,14914191,47.36,47.46,46.16,46.31,10087800,2026-02-14T03:45:32Z
AMGN,2008-02-04,31.91,32.29,31.89,32.06,10245002,47.18,47.74,47.14,47.4,6929600,2026-02-14T03:45:32Z
AMGN,2008-02-05,31.32,31.81,31.26,31.41,13628241,46.31,47.03,46.21,46.43,9218000,2026-02-14T03:45:32Z
AMGN,2008-02-06,31.47,31.91,31.32,31.76,11618749,46.53,47.17,46.31,46.95,7858800,2026-02-14T03:45:32Z
AMGN,2008-02-07,31.61,31.82,31.18,31.34,13531883,46.73,47.05,46.1,46.34,9152800,2026-02-14T03:45:32Z
AMGN,2008-02-08,31.49,31.91,31.27,31.3,18191290,46.56,47.18,46.23,46.27,12304400,2026-02-14T03:45:32Z
AMGN,2008-02-11,31.37,31.57,31.11,31.13,13304188,46.38,46.68,46,46.03,8998800,2026-02-14T03:45:32Z
AMGN,2008-02-12,31.48,31.93,31.38,31.42,11353542,46.54,47.21,46.4,46.45,7679400,2026-02-14T03:45:32Z
AMGN,2008-02-13,31.83,31.96,31.32,31.45,13211466,47.06,47.25,46.31,46.5,8936100,2026-02-14T03:45:32Z
AMGN,2008-02-14,31.63,32.13,31.59,32.07,10174918,46.77,47.5,46.71,47.42,6882200,2026-02-14T03:45:32Z
AMGN,2008-02-15,31.55,31.6,31.28,31.45,13018388,46.64,46.72,46.25,46.5,8805500,2026-02-14T03:45:32Z
AMGN,2008-02-19,31.7,32.22,31.68,31.91,12926875,46.86,47.64,46.84,47.17,8743600,2026-02-14T03:45:32Z
AMGN,2008-02-20,32.03,32.2,31.51,31.59,14869114,47.35,47.6,46.58,46.7,10057300,2026-02-14T03:45:32Z
AMGN,2008-02-21,31.61,32.18,31.47,32.18,17155673,46.74,47.58,46.52,47.58,11603900,2026-02-14T03:45:32Z
AMGN,2008-02-22,31.4,32.12,31.12,32.12,11368916,46.43,47.48,46.01,47.48,7689800,2026-02-14T03:45:32Z
AMGN,2008-02-25,31.62,31.8,31.15,31.54,10522046,46.75,47.02,46.06,46.63,7117000,2026-02-14T03:45:32Z
AMGN,2008-02-26,32.34,32.6,31.47,31.71,12563341,47.82,48.2,46.53,46.88,8497700,2026-02-14T03:45:32Z
AMGN,2008-02-27,31.52,31.89,31.47,31.72,16727223,46.6,47.15,46.52,46.9,11314100,2026-02-14T03:45:32Z
AMGN,2008-02-28,30.8,31.45,30.78,31.33,15152962,45.53,46.5,45.5,46.32,10249300,2026-02-14T03:45:32Z
AMGN,2008-02-29,30.79,30.91,29.57,30.44,25723829,45.52,45.7,43.72,45,17399300,2026-02-14T03:45:32Z
AMGN,2008-03-03,30.78,31.58,30.44,30.84,16091364,45.51,46.69,45.01,45.59,10884000,2026-02-14T03:45:32Z
AMGN,2008-03-04,30.87,31.04,30.44,30.46,9848473,45.64,45.89,45.01,45.03,6661400,2026-02-14T03:45:32Z
AMGN,2008-03-05,30.61,31.32,30.33,30.88,12769871,45.25,46.31,44.84,45.65,8637400,2026-02-14T03:45:32Z
AMGN,2008-03-06,29.92,30.73,29.87,30.44,13261917,44.24,45.43,44.16,45,8970200,2026-02-14T03:45:32Z
AMGN,2008-03-07,29.88,30.26,29.42,29.85,15878714,44.18,44.74,43.5,44.13,10740200,2026-02-14T03:45:32Z
AMGN,2008-03-10,30.22,30.47,29.42,30.05,20561286,44.68,45.04,43.5,44.43,13907400,2026-02-14T03:45:32Z
AMGN,2008-03-11,30.18,30.26,29.18,29.26,24092922,44.62,44.73,43.14,43.26,16296200,2026-02-14T03:45:32Z
AMGN,2008-03-12,30.43,31.04,30.01,30.01,19035521,44.99,45.89,44.37,44.37,12875400,2026-02-14T03:45:32Z
AMGN,2008-03-13,31.91,32.84,29.65,29.75,46320139,47.18,48.55,43.83,43.99,31330400,2026-02-14T03:45:32Z
AMGN,2008-03-14,30.07,31.76,29.88,31.46,29903555,44.46,46.95,44.18,46.51,20226400,2026-02-14T03:45:32Z
AMGN,2008-03-17,29.14,30.22,29.1,30.03,28047360,43.08,44.68,43.02,44.4,18970900,2026-02-14T03:45:32Z
AMGN,2008-03-18,27.87,29.1,27.29,29.05,31485717,41.21,43.02,40.35,42.95,21296600,2026-02-14T03:45:32Z
AMGN,2008-03-19,27.04,28.25,26.94,27.73,25784541,39.97,41.77,39.83,40.99,17440400,2026-02-14T03:45:32Z
AMGN,2008-03-20,27.13,27.2,26.49,27.16,26381678,40.11,40.22,39.16,40.16,17844300,2026-02-14T03:45:32Z
AMGN,2008-03-24,27.72,27.87,26.99,27.08,16145455,40.98,41.2,39.9,40.03,10920600,2026-02-14T03:45:32Z
AMGN,2008-03-25,27.62,28.06,27.46,27.89,14804808,40.84,41.49,40.59,41.23,10013800,2026-02-14T03:45:32Z
AMGN,2008-03-26,28.41,28.47,27.45,27.46,20113896,42,42.09,40.58,40.6,13604800,2026-02-14T03:45:32Z
AMGN,2008-03-27,28.06,28.47,28.01,28.47,12645229,41.49,42.09,41.41,42.09,8553100,2026-02-14T03:45:32Z
AMGN,2008-03-28,28.04,28.32,27.98,28.25,12533626,41.45,41.87,41.37,41.77,8477600,2026-02-14T03:45:32Z
AMGN,2008-03-31,28.26,28.33,27.96,28.11,14635381,41.78,41.88,41.34,41.56,9899200,2026-02-14T03:45:32Z
AMGN,2008-04-01,28.52,28.56,27.92,28.48,12590709,42.16,42.23,41.28,42.11,8516200,2026-02-14T03:45:32Z
AMGN,2008-04-02,28.71,28.73,28.25,28.47,9600101,42.45,42.48,41.76,42.09,6493400,2026-02-14T03:45:32Z
AMGN,2008-04-03,28.12,28.35,27.95,27.99,13990169,41.57,41.91,41.32,41.38,9462800,2026-02-14T03:45:32Z
AMGN,2008-04-04,28.09,28.65,28.07,28.36,10356183,41.53,42.36,41.5,41.93,7004800,2026-02-14T03:45:32Z
AMGN,2008-04-07,28.06,28.41,27.87,28.41,14432660,41.49,42,41.2,42,9762100,2026-02-14T03:45:32Z
AMGN,2008-04-08,28.06,28.37,27.89,27.9,11790840,41.49,41.94,41.23,41.25,7975200,2026-02-14T03:45:32Z
AMGN,2008-04-09,28.13,28.34,27.91,28.2,10928629,41.59,41.9,41.26,41.69,7392000,2026-02-14T03:45:32Z
AMGN,2008-04-10,29.75,30.26,29.26,29.4,21138123,43.98,44.74,43.26,43.46,14297600,2026-02-14T03:45:32Z
AMGN,2008-04-11,29.09,29.69,28.98,29.65,11081193,43.01,43.9,42.85,43.84,7495200,2026-02-14T03:45:32Z
AMGN,2008-04-14,29.05,29.34,28.96,29.07,8761824,42.95,43.37,42.81,42.98,5926400,2026-02-14T03:45:32Z
AMGN,2008-04-15,29.33,29.4,28.87,29.21,10266882,43.36,43.47,42.68,43.19,6944400,2026-02-14T03:45:32Z
AMGN,2008-04-16,29.36,29.38,29.12,29.29,11932797,43.41,43.43,43.05,43.31,8071200,2026-02-14T03:45:32Z
AMGN,2008-04-17,28.83,29.58,28.74,29.57,11143278,42.63,43.73,42.49,43.72,7537200,2026-02-14T03:45:32Z
AMGN,2008-04-18,29.13,29.35,28.9,29.32,11682911,43.07,43.39,42.73,43.35,7902200,2026-02-14T03:45:32Z
AMGN,2008-04-21,28.82,29.19,28.65,29.01,8650210,42.61,43.16,42.35,42.89,5850900,2026-02-14T03:45:32Z
AMGN,2008-04-22,28.48,28.89,28.1,28.61,8313404,42.1,42.71,41.55,42.29,5623100,2026-02-14T03:45:32Z
AMGN,2008-04-23,28.88,28.98,28.36,28.37,6934629,42.69,42.85,41.93,41.94,4690500,2026-02-14T03:45:32Z
AMGN,2008-04-24,28.68,29.06,28.38,28.96,11694155,42.4,42.97,41.96,42.81,7909800,2026-02-14T03:45:32Z
AMGN,2008-04-25,28.58,28.7,28.1,28.66,17084716,42.25,42.43,41.55,42.37,11555900,2026-02-14T03:45:32Z
AMGN,2008-04-28,28.31,28.84,28.29,28.58,10373903,41.85,42.64,41.83,42.25,7016800,2026-02-14T03:45:32Z
AMGN,2008-04-29,28.5,28.63,28.17,28.35,7605082,42.13,42.33,41.65,41.91,5144000,2026-02-14T03:45:32Z
AMGN,2008-04-30,28.32,28.73,28.26,28.43,9573487,41.87,42.47,41.78,42.03,6475400,2026-02-14T03:45:32Z
AMGN,2008-05-01,29.24,29.25,28.25,28.54,9467627,43.23,43.24,41.77,42.19,6403800,2026-02-14T03:45:32Z
AMGN,2008-05-02,29.04,29.39,28.71,29.36,10701231,42.93,43.45,42.45,43.41,7238200,2026-02-14T03:45:32Z
AMGN,2008-05-05,28.94,29.15,28.59,29.04,6558944,42.79,43.1,42.27,42.93,4436400,2026-02-14T03:45:32Z
AMGN,2008-05-06,29.08,29.18,28.63,28.81,7529402,43,43.14,42.32,42.6,5092800,2026-02-14T03:45:32Z
AMGN,2008-05-07,28.54,29.06,28.34,29.06,11217663,42.2,42.97,41.9,42.97,7587500,2026-02-14T03:45:32Z
AMGN,2008-05-08,28.42,28.79,28.34,28.46,9386155,42.02,42.56,41.9,42.08,6348700,2026-02-14T03:45:32Z
AMGN,2008-05-09,28.44,28.62,28.12,28.19,5982368,42.05,42.31,41.58,41.67,4046400,2026-02-14T03:45:32Z
AMGN,2008-05-12,29.05,29.12,28.31,28.31,8958752,42.95,43.05,41.86,41.86,6059600,2026-02-14T03:45:32Z
AMGN,2008-05-13,28.75,29.08,28.58,29,8839745,42.5,42.99,42.25,42.88,5979100,2026-02-14T03:45:32Z
AMGN,2008-05-14,28.54,28.96,28.45,28.71,11868620,42.2,42.82,42.06,42.44,8027800,2026-02-14T03:45:32Z
AMGN,2008-05-15,28.44,28.58,28.22,28.48,10758623,42.05,42.26,41.72,42.1,7277000,2026-02-14T03:45:32Z
AMGN,2008-05-16,28.43,28.52,28.16,28.52,12176733,42.03,42.17,41.63,42.17,8236200,2026-02-14T03:45:32Z
AMGN,2008-05-19,28.64,28.83,28.24,28.42,9547024,42.34,42.63,41.75,42.02,6457500,2026-02-14T03:45:32Z
AMGN,2008-05-20,28.71,29.03,28.68,28.68,9468815,42.45,42.92,42.4,42.4,6404600,2026-02-14T03:45:32Z
AMGN,2008-05-21,28.48,29.02,28.4,28.91,11511709,42.1,42.91,41.99,42.74,7786400,2026-02-14T03:45:32Z
AMGN,2008-05-22,28.93,29.11,28.48,28.54,11566592,42.77,43.04,42.1,42.19,7823500,2026-02-14T03:45:32Z
AMGN,2008-05-23,28.67,29.14,28.63,28.75,9589440,42.38,43.08,42.33,42.51,6486200,2026-02-14T03:45:32Z
AMGN,2008-05-27,29.11,29.25,28.58,28.61,13911809,43.04,43.25,42.26,42.3,9409800,2026-02-14T03:45:32Z
AMGN,2008-05-28,28.96,29,28.73,28.75,11261262,42.82,42.88,42.47,42.51,7617000,2026-02-14T03:45:32Z
AMGN,2008-05-29,29.37,29.68,28.95,29,13055213,43.42,43.88,42.8,42.88,8830400,2026-02-14T03:45:32Z
AMGN,2008-05-30,29.78,29.87,29.24,29.28,12575162,44.03,44.16,43.23,43.29,8505700,2026-02-14T03:45:32Z
AMGN,2008-06-02,29.91,30.01,29.44,29.71,12507457,44.22,44.36,43.53,43.92,8459900,2026-02-14T03:45:32Z
AMGN,2008-06-03,29.86,30.1,29.51,30.08,11797787,44.15,44.5,43.63,44.47,7979900,2026-02-14T03:45:32Z
AMGN,2008-06-04,30.1,30.15,29.61,29.76,10586959,44.5,44.58,43.78,44,7160900,2026-02-14T03:45:32Z
AMGN,2008-06-05,30.39,30.48,29.96,30.15,11863905,44.93,45.06,44.3,44.58,8024600,2026-02-14T03:45:32Z
AMGN,2008-06-06,29.92,30.49,29.9,30.36,11583737,44.24,45.08,44.21,44.88,7835100,2026-02-14T03:45:32Z
AMGN,2008-06-09,29.96,30.16,29.61,29.88,10391368,44.3,44.59,43.78,44.17,7028600,2026-02-14T03:45:32Z
AMGN,2008-06-10,29.64,29.93,29.55,29.89,10708026,43.82,44.25,43.69,44.19,7242800,2026-02-14T03:45:32Z
AMGN,2008-06-11,29.05,29.52,29.02,29.33,13807738,42.95,43.64,42.9,43.36,9339400,2026-02-14T03:45:32Z
AMGN,2008-06-12,29.23,29.53,29.05,29.38,11012610,43.22,43.66,42.95,43.43,7448800,2026-02-14T03:45:32Z
AMGN,2008-06-13,29.74,29.9,29.32,29.44,8528679,43.97,44.21,43.34,43.53,5768700,2026-02-14T03:45:32Z
AMGN,2008-06-16,29.75,30.13,29.38,29.38,8640014,43.99,44.54,43.44,43.44,5844000,2026-02-14T03:45:32Z
AMGN,2008-06-17,30.02,30.25,29.6,29.67,11010087,44.39,44.72,43.76,43.86,7447100,2026-02-14T03:45:32Z
AMGN,2008-06-18,29.91,30.25,29.71,30.11,10964556,44.22,44.72,43.92,44.51,7416300,2026-02-14T03:45:32Z
AMGN,2008-06-19,30.34,30.55,29.93,29.96,12840692,44.86,45.17,44.25,44.3,8685300,2026-02-14T03:45:32Z
AMGN,2008-06-20,30.55,30.59,29.96,30.28,20537140,45.17,45.22,44.29,44.76,13891100,2026-02-14T03:45:32Z
AMGN,2008-06-23,31.04,31.19,30.42,30.57,18340033,45.89,46.11,44.97,45.2,12405000,2026-02-14T03:45:32Z
AMGN,2008-06-24,31.36,31.57,30.9,30.94,13873818,46.36,46.68,45.68,45.74,9384100,2026-02-14T03:45:32Z
AMGN,2008-06-25,31.67,31.96,31.25,31.32,13884036,46.82,47.25,46.2,46.31,9391000,2026-02-14T03:45:32Z
AMGN,2008-06-26,31.36,31.72,31.28,31.41,15519320,46.36,46.89,46.25,46.43,10497100,2026-02-14T03:45:32Z
AMGN,2008-06-27,31.36,31.91,31.2,31.31,37747134,46.37,47.17,46.13,46.29,25531700,2026-02-14T03:45:32Z
AMGN,2008-06-30,31.9,32.07,31.43,31.46,14921889,47.16,47.41,46.47,46.51,10093000,2026-02-14T03:45:32Z
AMGN,2008-07-01,32.9,32.92,31.69,31.7,21859501,48.64,48.67,46.85,46.86,14785500,2026-02-14T03:45:32Z
AMGN,2008-07-02,33.03,33.32,32.66,32.81,21140077,48.84,49.26,48.28,48.5,14298900,2026-02-14T03:45:32Z
AMGN,2008-07-03,34.39,34.5,33.25,33.25,17122108,50.84,51,49.16,49.16,11581200,2026-02-14T03:45:32Z
AMGN,2008-07-07,34,34.68,33.77,34.23,20254601,50.27,51.27,49.92,50.6,13700000,2026-02-14T03:45:32Z
AMGN,2008-07-08,34.08,34.29,33.64,33.83,24009393,50.38,50.7,49.74,50.01,16239700,2026-02-14T03:45:32Z
AMGN,2008-07-09,34.39,35.02,34.16,34.25,17447196,50.85,51.78,50.51,50.63,11801100,2026-02-14T03:45:32Z
AMGN,2008-07-10,34.96,35.06,34.49,34.73,17381736,51.69,51.84,50.99,51.34,11756800,2026-02-14T03:45:32Z
AMGN,2008-07-11,34.51,35.14,34.44,34.79,19057654,51.02,51.95,50.91,51.44,12890400,2026-02-14T03:45:32Z
AMGN,2008-07-14,34.49,35.09,34.32,34.88,15413456,50.99,51.88,50.74,51.57,10425500,2026-02-14T03:45:32Z
AMGN,2008-07-15,35.62,35.78,34.6,34.71,24492002,52.66,52.9,51.16,51.32,16566100,2026-02-14T03:45:32Z
AMGN,2008-07-16,35.46,36.01,35.22,35.31,17380961,52.43,53.24,52.07,52.2,11756300,2026-02-14T03:45:32Z
AMGN,2008-07-17,35.98,36.11,35.5,35.6,15083343,53.19,53.39,52.49,52.64,10202200,2026-02-14T03:45:32Z
AMGN,2008-07-18,35.55,35.98,35.38,35.94,18483156,52.56,53.2,52.3,53.14,12501800,2026-02-14T03:45:32Z
AMGN,2008-07-21,35.96,36.74,35.9,36.18,14581862,53.16,54.31,53.08,53.49,9863000,2026-02-14T03:45:32Z
AMGN,2008-07-22,36.93,36.97,36.13,36.33,18197681,54.6,54.66,53.41,53.71,12308700,2026-02-14T03:45:32Z
AMGN,2008-07-23,36.47,36.96,36.15,36.91,14013234,53.92,54.64,53.45,54.57,9478400,2026-02-14T03:45:32Z
AMGN,2008-07-24,36.42,36.86,35.79,36.07,13173921,53.84,54.5,52.92,53.32,8910700,2026-02-14T03:45:32Z
AMGN,2008-07-25,36.47,36.69,36.11,36.42,14513538,53.92,54.24,53.38,53.85,9816800,2026-02-14T03:45:32Z
AMGN,2008-07-28,40.91,42.27,40.27,41.98,92451248,60.48,62.5,59.53,62.07,62533000,2026-02-14T03:45:32Z
AMGN,2008-07-29,42.13,43.29,41.77,42.67,48759375,62.28,64,61.75,63.09,32980300,2026-02-14T03:45:32Z
AMGN,2008-07-30,42.14,42.66,41.37,41.91,22686076,62.3,63.07,61.16,61.96,15344600,2026-02-14T03:45:32Z
AMGN,2008-07-31,42.36,42.93,41.83,41.89,18252680,62.63,63.47,61.84,61.93,12345900,2026-02-14T03:45:32Z
AMGN,2008-08-01,42.46,42.85,42.04,42.15,12741781,62.78,63.35,62.16,62.31,8618400,2026-02-14T03:45:32Z
AMGN,2008-08-04,43.07,43.28,42.48,42.73,15199680,63.67,63.99,62.81,63.17,10280900,2026-02-14T03:45:32Z
AMGN,2008-08-05,43.08,43.28,42.48,43.15,15204865,63.69,63.99,62.81,63.79,10284400,2026-02-14T03:45:32Z
AMGN,2008-08-06,42.94,43.09,42.38,42.53,17103781,63.49,63.71,62.66,62.88,11568800,2026-02-14T03:45:32Z
AMGN,2008-08-07,41.96,43.44,41.75,42.84,16496119,62.04,64.23,61.72,63.33,11157800,2026-02-14T03:45:32Z
AMGN,2008-08-08,43.15,43.15,42.06,42.19,11820273,63.8,63.8,62.18,62.38,7995100,2026-02-14T03:45:32Z
AMGN,2008-08-11,43.3,43.41,42.57,42.63,10712194,64.01,64.18,62.94,63.02,7245600,2026-02-14T03:45:32Z
AMGN,2008-08-12,42.98,43.32,42.69,43.15,10404964,63.55,64.04,63.12,63.79,7037800,2026-02-14T03:45:32Z
AMGN,2008-08-13,42.94,43.34,42.65,42.69,10890340,63.49,64.08,63.05,63.12,7366100,2026-02-14T03:45:32Z
AMGN,2008-08-14,43.43,43.98,42.86,43.17,21754955,64.21,65.02,63.36,63.82,14714800,2026-02-14T03:45:32Z
AMGN,2008-08-15,44.01,44.37,43.38,43.38,19420954,65.06,65.6,64.14,64.14,13136100,2026-02-14T03:45:32Z
AMGN,2008-08-18,43.63,44.03,43.4,43.94,13871155,64.5,65.1,64.16,64.96,9382300,2026-02-14T03:45:32Z
AMGN,2008-08-19,43.25,43.59,43.13,43.29,11717816,63.94,64.44,63.77,64,7925800,2026-02-14T03:45:32Z
AMGN,2008-08-20,43,43.49,42.88,43.32,14169376,63.57,64.29,63.4,64.05,9584000,2026-02-14T03:45:32Z
AMGN,2008-08-21,43.16,43.23,42.46,42.62,10223698,63.81,63.91,62.78,63.01,6915200,2026-02-14T03:45:32Z
AMGN,2008-08-22,43.3,43.44,42.95,43.42,10007864,64.01,64.23,63.5,64.2,6769200,2026-02-14T03:45:32Z
AMGN,2008-08-25,43.26,43.44,42.71,42.9,12373808,63.96,64.22,63.14,63.43,8369500,2026-02-14T03:45:32Z
AMGN,2008-08-26,43.24,43.63,42.98,43.24,10274128,63.93,64.5,63.55,63.92,6949300,2026-02-14T03:45:32Z
AMGN,2008-08-27,43.09,43.29,42.1,43.25,12347048,63.71,64,62.24,63.94,8351400,2026-02-14T03:45:32Z
AMGN,2008-08-28,43.34,43.4,42.91,42.91,15556436,64.08,64.17,63.44,63.44,10522200,2026-02-14T03:45:32Z
AMGN,2008-08-29,42.51,43.4,42.5,43.06,9946062,62.85,64.16,62.83,63.66,6727400,2026-02-14T03:45:32Z
AMGN,2008-09-02,42.28,43.44,42.22,43.09,11321436,62.51,64.22,62.42,63.7,7657700,2026-02-14T03:45:32Z
AMGN,2008-09-03,42.68,42.77,41.98,42.39,10655122,63.1,63.23,62.06,62.67,7207000,2026-02-14T03:45:32Z
AMGN,2008-09-04,41.18,42.97,41.18,42.6,13208099,60.88,63.53,60.88,62.98,8933800,2026-02-14T03:45:32Z
AMGN,2008-09-05,40.86,41.41,40.33,40.92,14425743,60.41,61.22,59.63,60.49,9757400,2026-02-14T03:45:32Z
AMGN,2008-09-08,40.43,41.21,40.07,41.21,18034458,59.78,60.92,59.24,60.92,12198300,2026-02-14T03:45:32Z
AMGN,2008-09-09,40.93,41.42,40.27,40.37,20175224,60.51,61.24,59.53,59.68,13646300,2026-02-14T03:45:32Z
AMGN,2008-09-10,42,42.42,40.84,41.16,16376839,62.1,62.71,60.38,60.85,11077100,2026-02-14T03:45:32Z
AMGN,2008-09-11,42.88,42.92,41.6,41.79,17862648,63.39,63.45,61.5,61.79,12082100,2026-02-14T03:45:32Z
AMGN,2008-09-12,42.52,42.92,42.15,42.65,14055808,62.87,63.45,62.31,63.06,9507200,2026-02-14T03:45:32Z
AMGN,2008-09-15,42.06,42.9,41.46,41.77,21743716,62.19,63.43,61.3,61.76,14707200,2026-02-14T03:45:32Z
AMGN,2008-09-16,44.57,44.99,41.43,41.79,57834582,65.89,66.51,61.25,61.79,39118700,2026-02-14T03:45:32Z
AMGN,2008-09-17,41.75,43.97,41.63,43.91,29262738,61.73,65,61.54,64.92,19793000,2026-02-14T03:45:32Z
AMGN,2008-09-18,40.58,42.71,39.34,41.95,35321519,59.99,63.14,58.16,62.02,23891100,2026-02-14T03:45:32Z
AMGN,2008-09-19,40.56,42.61,39.74,41.81,298497,59.97,63,58.76,61.82,201900,2026-02-14T03:45:32Z
AMGN,2008-09-22,38.93,40.58,38.88,40.18,15145595,57.56,59.99,57.48,59.4,10244300,2026-02-14T03:45:32Z
AMGN,2008-09-23,38.94,40.23,38.94,39.07,11508322,57.57,59.48,57.57,57.76,7784100,2026-02-14T03:45:32Z
AMGN,2008-09-24,39.49,39.9,38.78,39.04,12522081,58.38,58.99,57.33,57.72,8469800,2026-02-14T03:45:32Z
AMGN,2008-09-25,40.54,40.58,39.33,39.72,17346820,59.93,60,58.14,58.72,11733200,2026-02-14T03:45:32Z
AMGN,2008-09-26,41.04,41.51,39.74,39.88,18271152,60.67,61.37,58.75,58.96,12358400,2026-02-14T03:45:32Z
AMGN,2008-09-29,37.54,41.18,37.54,40.6,19352319,55.5,60.88,55.5,60.02,13089700,2026-02-14T03:45:32Z
AMGN,2008-09-30,40.09,40.24,38.58,38.72,21246785,59.27,59.49,57.04,57.25,14371100,2026-02-14T03:45:32Z
AMGN,2008-10-01,40.03,40.31,39.2,39.83,12452449,59.18,59.6,57.96,58.89,8422700,2026-02-14T03:45:32Z
AMGN,2008-10-02,39.63,40.58,39.43,40.04,16557201,58.59,60,58.29,59.2,11199100,2026-02-14T03:45:32Z
AMGN,2008-10-03,39.83,41.09,39.72,40.08,21490026,58.89,60.75,58.72,59.26,14535600,2026-02-14T03:45:32Z
AMGN,2008-10-06,37.19,40.21,36.22,38.99,30542603,54.98,59.44,53.55,57.64,20658700,2026-02-14T03:45:32Z
AMGN,2008-10-07,34.96,37.92,34.96,37.21,24514031,51.69,56.07,51.69,55.01,16581000,2026-02-14T03:45:32Z
AMGN,2008-10-08,35.25,36.52,33.85,34.19,23471845,52.12,53.99,50.05,50.55,15876100,2026-02-14T03:45:32Z
AMGN,2008-10-09,34,36.19,33.53,35.16,21765440,50.26,53.5,49.57,51.98,14721900,2026-02-14T03:45:32Z
AMGN,2008-10-10,32.86,33.61,30.44,32.64,29817141,48.58,49.69,45,48.25,20168000,2026-02-14T03:45:32Z
AMGN,2008-10-13,36.39,36.51,33.51,34.05,21818081,53.8,53.98,49.54,50.34,14757500,2026-02-14T03:45:32Z
AMGN,2008-10-14,34.91,36.75,34.87,36.17,16412021,51.61,54.33,51.55,53.47,11100900,2026-02-14T03:45:32Z
AMGN,2008-10-15,32.3,35.35,31.96,35.15,19215887,47.76,52.27,47.25,51.97,12997400,2026-02-14T03:45:32Z
AMGN,2008-10-16,34.36,34.42,31.54,32.25,22542688,50.8,50.89,46.63,47.68,15247600,2026-02-14T03:45:32Z
AMGN,2008-10-17,33.95,36.44,33.14,33.48,20129369,50.19,53.87,49,49.5,13615300,2026-02-14T03:45:32Z
AMGN,2008-10-20,36.09,36.15,34.04,34.19,15134064,53.35,53.45,50.33,50.55,10236500,2026-02-14T03:45:32Z
AMGN,2008-10-21,35.4,37.06,35.14,35.47,12763526,52.33,54.79,51.95,52.44,8633100,2026-02-14T03:45:32Z
AMGN,2008-10-22,33.62,35.31,33.41,34.91,15409047,49.7,52.21,49.4,51.61,10422500,2026-02-14T03:45:32Z
AMGN,2008-10-23,37.57,39.13,34.9,35.51,33921169,55.55,57.85,51.59,52.5,22943900,2026-02-14T03:45:32Z
AMGN,2008-10-24,38.67,39.53,35.54,36.34,23297870,57.17,58.45,52.55,53.73,15758400,2026-02-14T03:45:32Z
AMGN,2008-10-27,37.03,38.97,36.83,37.93,17143256,54.74,57.61,54.45,56.08,11595500,2026-02-14T03:45:32Z
AMGN,2008-10-28,40.58,40.58,37.64,37.73,25580422,60,60,55.65,55.78,17302300,2026-02-14T03:45:32Z
AMGN,2008-10-29,39.83,41.25,39.62,40.46,21712791,58.88,60.99,58.57,59.82,14686300,2026-02-14T03:45:32Z
AMGN,2008-10-30,40.94,41.25,40.15,40.87,13326659,60.53,60.98,59.36,60.43,9014000,2026-02-14T03:45:32Z
AMGN,2008-10-31,40.51,41.64,40.02,41.08,16383929,59.89,61.56,59.17,60.73,11081900,2026-02-14T03:45:32Z
AMGN,2008-11-03,41.63,41.83,40.73,40.89,15273180,61.55,61.84,60.21,60.45,10330600,2026-02-14T03:45:32Z
AMGN,2008-11-04,40.97,42.25,40.33,42.17,16943201,60.57,62.46,59.62,62.34,11460200,2026-02-14T03:45:32Z
AMGN,2008-11-05,40.19,40.97,40.14,40.43,15740510,59.42,60.57,59.34,59.77,10646700,2026-02-14T03:45:32Z
AMGN,2008-11-06,38.26,40.9,38.17,40.05,24910409,56.56,60.47,56.44,59.21,16849100,2026-02-14T03:45:32Z
AMGN,2008-11-07,39.82,39.83,38.15,38.96,14794599,58.87,58.88,56.4,57.6,10006900,2026-02-14T03:45:32Z
AMGN,2008-11-10,39.76,41.19,38.93,41.08,11695797,58.78,60.9,57.55,60.74,7910900,2026-02-14T03:45:32Z
AMGN,2008-11-11,39.52,40.12,38.97,39.39,12462653,58.43,59.31,57.61,58.24,8429600,2026-02-14T03:45:32Z
AMGN,2008-11-12,37.52,39.33,37.34,38.91,13783192,55.47,58.15,55.2,57.53,9322800,2026-02-14T03:45:32Z
AMGN,2008-11-13,40.31,40.33,37.41,37.41,20140916,59.6,59.62,55.31,55.31,13623100,2026-02-14T03:45:32Z
AMGN,2008-11-14,39.39,40.58,39.16,39.91,18175501,58.23,60,57.89,59.01,12293700,2026-02-14T03:45:32Z
AMGN,2008-11-17,37.94,39.49,37.81,38.65,14637458,56.09,58.38,55.9,57.14,9900600,2026-02-14T03:45:32Z
AMGN,2008-11-18,38.11,38.4,36.15,37.67,18032549,56.34,56.77,53.45,55.7,12197000,2026-02-14T03:45:32Z
AMGN,2008-11-19,36.28,38.43,36.22,37.95,14496097,53.64,56.82,53.55,56.11,9805000,2026-02-14T03:45:32Z
AMGN,2008-11-20,33.91,37.02,33.88,36.3,20955681,50.13,54.73,50.09,53.66,14174200,2026-02-14T03:45:32Z
AMGN,2008-11-21,37.13,37.26,34.56,34.97,28660178,54.9,55.08,51.1,51.7,19385400,2026-02-14T03:45:32Z
AMGN,2008-11-24,37.87,38.21,37.2,37.65,22264568,55.99,56.49,54.99,55.66,15059500,2026-02-14T03:45:32Z
AMGN,2008-11-25,37.15,38.96,36.61,38.89,18543791,54.93,57.6,54.12,57.5,12542800,2026-02-14T03:45:32Z
AMGN,2008-11-26,37.81,37.81,36.61,36.61,10039648,55.9,55.9,54.12,54.13,6790700,2026-02-14T03:45:32Z
AMGN,2008-11-28,37.57,37.87,37.27,37.48,3815708,55.54,55.99,55.1,55.41,2580900,2026-02-14T03:45:32Z
AMGN,2008-12-01,37.05,38.27,36.81,37.16,15792698,54.77,56.58,54.42,54.94,10682000,2026-02-14T03:45:32Z
AMGN,2008-12-02,36.96,37.74,36.3,37.09,15965810,54.64,55.8,53.66,54.84,10799100,2026-02-14T03:45:32Z
AMGN,2008-12-03,38.87,39.06,36.19,36.25,14595734,57.47,57.74,53.5,53.6,9872400,2026-02-14T03:45:32Z
AMGN,2008-12-04,38.11,38.95,37.88,38.42,12139925,56.34,57.59,56,56.8,8211300,2026-02-14T03:45:32Z
AMGN,2008-12-05,38.82,39.19,37.49,37.9,13718004,57.4,57.94,55.42,56.03,9278700,2026-02-14T03:45:32Z
AMGN,2008-12-08,39.35,39.66,38.45,39.19,16321396,58.17,58.64,56.84,57.94,11039600,2026-02-14T03:45:32Z
AMGN,2008-12-09,39.2,39.4,38.53,39.2,15024492,57.96,58.25,56.97,57.95,10162400,2026-02-14T03:45:32Z
AMGN,2008-12-10,39.26,39.4,38.55,39.32,13458668,58.05,58.25,57,58.13,9103300,2026-02-14T03:45:32Z
AMGN,2008-12-11,38.72,39.79,38.49,39.24,13919494,57.25,58.83,56.9,58.01,9415000,2026-02-14T03:45:32Z
AMGN,2008-12-12,39.32,39.46,37.91,37.92,10800883,58.13,58.34,56.05,56.06,7305600,2026-02-14T03:45:32Z
AMGN,2008-12-15,39.03,39.56,38.85,39.08,8202382,57.71,58.49,57.44,57.78,5548000,2026-02-14T03:45:32Z
AMGN,2008-12-16,40.16,40.24,39.12,39.16,13136663,59.38,59.5,57.84,57.89,8885500,2026-02-14T03:45:32Z
AMGN,2008-12-17,39.51,40.26,39.51,39.9,8923277,58.42,59.52,58.41,58.99,6035600,2026-02-14T03:45:32Z
AMGN,2008-12-18,39.24,40.58,38.91,39.64,17020971,58.02,60,57.53,58.6,11512800,2026-02-14T03:45:32Z
AMGN,2008-12-19,39.12,40.09,38.91,39.31,19002218,57.83,59.27,57.52,58.11,12852900,2026-02-14T03:45:32Z
AMGN,2008-12-22,38.64,39.58,38.2,39.35,8749108,57.13,58.52,56.48,58.17,5917800,2026-02-14T03:45:32Z
AMGN,2008-12-23,38.8,39.68,38.66,38.93,7218042,57.37,58.66,57.15,57.56,4882200,2026-02-14T03:45:32Z
AMGN,2008-12-24,38.66,39.16,38.47,38.81,2692680,57.16,57.89,56.88,57.38,1821300,2026-02-14T03:45:32Z
AMGN,2008-12-26,38.8,39.1,38.49,38.72,2283891,57.36,57.8,56.91,57.25,1544800,2026-02-14T03:45:32Z
AMGN,2008-12-29,38.47,38.93,38.06,38.8,7836179,56.87,57.56,56.27,57.36,5300300,2026-02-14T03:45:32Z
AMGN,2008-12-30,38.95,39,38.43,38.55,6358330,57.59,57.66,56.82,57,4300700,2026-02-14T03:45:32Z
AMGN,2008-12-31,39.06,39.38,38.6,38.63,9295110,57.75,58.22,57.06,57.11,6287100,2026-02-14T03:45:32Z
AMGN,2009-01-02,39.9,39.96,39.06,39.63,9687026,58.99,59.08,57.75,58.59,6552200,2026-02-14T03:45:32Z
AMGN,2009-01-05,40.35,40.35,39.23,40.06,16183736,59.65,59.65,58,59.22,10946500,2026-02-14T03:45:32Z
AMGN,2009-01-06,39.46,40.69,39.06,40.61,13279944,58.34,60.15,57.75,60.04,8982400,2026-02-14T03:45:32Z
AMGN,2009-01-07,39.37,39.74,39.06,39.12,8464517,58.2,58.75,57.74,57.83,5725300,2026-02-14T03:45:32Z
AMGN,2009-01-08,40.08,40.1,39.24,39.27,8244518,59.26,59.28,58.02,58.06,5576500,2026-02-14T03:45:32Z
AMGN,2009-01-09,39.08,40.44,38.97,39.98,9130409,57.78,59.79,57.62,59.1,6175700,2026-02-14T03:45:32Z
AMGN,2009-01-12,38.59,39.04,38.11,38.95,11389173,57.06,57.72,56.34,57.58,7703500,2026-02-14T03:45:32Z
AMGN,2009-01-13,39.03,39.25,38.59,38.66,11038768,57.71,58.03,57.05,57.16,7466500,2026-02-14T03:45:32Z
AMGN,2009-01-14,37.93,38.73,37.71,38.39,9823488,56.08,57.26,55.75,56.75,6644500,2026-02-14T03:45:32Z
AMGN,2009-01-15,38.66,38.75,37.35,37.72,12315840,57.16,57.29,55.22,55.76,8330300,2026-02-14T03:45:32Z
AMGN,2009-01-16,38.91,39.07,38.37,38.97,10378938,57.52,57.76,56.72,57.62,7020200,2026-02-14T03:45:32Z
AMGN,2009-01-20,37.2,39.09,37.15,38.55,12803429,55,57.79,54.92,56.99,8660100,2026-02-14T03:45:32Z
AMGN,2009-01-21,37.56,37.67,36.56,37.53,13973017,55.53,55.7,54.05,55.49,9451200,2026-02-14T03:45:32Z
AMGN,2009-01-22,37.36,37.59,36.66,37.09,9336654,55.23,55.57,54.2,54.84,6315200,2026-02-14T03:45:32Z
AMGN,2009-01-23,35.98,37.19,35.85,36.85,14592650,53.19,54.98,53,54.48,9870300,2026-02-14T03:45:32Z
AMGN,2009-01-26,36.8,37.01,35.54,36.05,14900460,54.41,54.72,52.55,53.3,10078500,2026-02-14T03:45:32Z
AMGN,2009-01-27,35.91,36.37,35.48,36.12,18681849,53.09,53.77,52.45,53.4,12636200,2026-02-14T03:45:32Z
AMGN,2009-01-28,37.03,37.36,36.01,36.3,13600161,54.75,55.23,53.24,53.67,9199000,2026-02-14T03:45:32Z
AMGN,2009-01-29,37.08,37.38,36.63,36.63,11337128,54.82,55.27,54.15,54.15,7668300,2026-02-14T03:45:32Z
AMGN,2009-01-30,37.1,37.75,36.87,36.92,11882966,54.85,55.81,54.51,54.59,8037500,2026-02-14T03:45:32Z
AMGN,2009-02-02,37.44,37.68,36.73,36.82,10439701,55.36,55.71,54.3,54.43,7061300,2026-02-14T03:45:32Z
AMGN,2009-02-03,38.32,38.49,37.51,37.72,11337854,56.66,56.91,55.45,55.77,7668800,2026-02-14T03:45:32Z
AMGN,2009-02-04,38.4,39.13,37.99,38.41,10970610,56.77,57.85,56.17,56.79,7420400,2026-02-14T03:45:32Z
AMGN,2009-02-05,38.63,38.69,37.53,37.93,10172098,57.11,57.2,55.49,56.08,6880300,2026-02-14T03:45:32Z
AMGN,2009-02-06,39.25,39.32,38.43,38.62,11662682,58.03,58.13,56.82,57.1,7888500,2026-02-14T03:45:32Z
AMGN,2009-02-09,39.73,39.83,39.13,39.23,10943405,58.74,58.89,57.85,58,7402000,2026-02-14T03:45:32Z
AMGN,2009-02-10,38.83,39.8,38.72,39.39,13733662,57.41,58.84,57.25,58.24,9289300,2026-02-14T03:45:32Z
AMGN,2009-02-11,39.24,39.37,38.66,38.85,11080760,58.01,58.2,57.15,57.44,7494900,2026-02-14T03:45:32Z
AMGN,2009-02-12,39.51,39.54,38.62,38.9,12872615,58.41,58.46,57.1,57.51,8706900,2026-02-14T03:45:32Z
AMGN,2009-02-13,39.16,39.75,39.1,39.41,7922517,57.9,58.77,57.8,58.26,5358700,2026-02-14T03:45:32Z
AMGN,2009-02-17,38.16,38.8,38.05,38.49,12522084,56.41,57.36,56.25,56.9,8469800,2026-02-14T03:45:32Z
AMGN,2009-02-18,38.82,39.06,38.08,38.14,12752888,57.39,57.75,56.3,56.39,8625900,2026-02-14T03:45:32Z
AMGN,2009-02-19,38.61,39.21,38.54,39.05,9606451,57.08,57.97,56.98,57.73,6497700,2026-02-14T03:45:32Z
AMGN,2009-02-20,38.34,38.93,37.87,38.43,15202046,56.69,57.55,55.99,56.82,10282500,2026-02-14T03:45:32Z
AMGN,2009-02-23,37.97,38.64,37.88,38.46,12377646,56.13,57.12,56,56.86,8372100,2026-02-14T03:45:32Z
AMGN,2009-02-24,38.42,38.55,38.03,38.44,14457211,56.8,56.99,56.22,56.83,9778700,2026-02-14T03:45:32Z
AMGN,2009-02-25,38.26,39.03,37.87,38.3,13735166,56.56,57.7,55.99,56.63,9290300,2026-02-14T03:45:32Z
AMGN,2009-02-26,34.65,38.28,34.63,38.26,27457576,51.23,56.6,51.2,56.56,18572000,2026-02-14T03:45:32Z
AMGN,2009-02-27,33.1,34.5,32.99,33.87,29484821,48.93,51.01,48.78,50.08,19943200,2026-02-14T03:45:32Z
AMGN,2009-03-02,32.39,32.97,32.23,32.69,20988074,47.88,48.74,47.65,48.33,14196100,2026-02-14T03:45:32Z
AMGN,2009-03-03,32.27,33.07,32.1,32.47,15801271,47.71,48.89,47.45,48,10687800,2026-02-14T03:45:32Z
AMGN,2009-03-04,32.87,33.45,32.28,32.51,13285270,48.59,49.45,47.73,48.07,8986000,2026-02-14T03:45:32Z
AMGN,2009-03-05,31.93,32.43,31.86,32.27,16266409,47.2,47.95,47.1,47.71,11002400,2026-02-14T03:45:32Z
AMGN,2009-03-06,31.37,32.22,30.93,31.81,20803282,46.38,47.64,45.73,47.03,14071100,2026-02-14T03:45:32Z
AMGN,2009-03-09,31.3,31.51,30.98,30.99,13902955,46.27,46.58,45.8,45.81,9403800,2026-02-14T03:45:32Z
AMGN,2009-03-10,32.7,32.71,31.38,31.73,16664840,48.34,48.36,46.4,46.91,11271900,2026-02-14T03:45:32Z
AMGN,2009-03-11,31.97,33.43,31.89,32.86,16570350,47.27,49.42,47.14,48.58,11208000,2026-02-14T03:45:32Z
AMGN,2009-03-12,34,34.25,31.91,32.14,15508518,50.27,50.64,47.17,47.51,10489800,2026-02-14T03:45:32Z
AMGN,2009-03-13,34.66,34.78,33.75,34.23,12758055,51.25,51.42,49.9,50.61,8629400,2026-02-14T03:45:32Z
AMGN,2009-03-16,34.35,35.24,34.32,35,14175288,50.78,52.1,50.74,51.75,9588000,2026-02-14T03:45:32Z
AMGN,2009-03-17,35,35.17,34.16,34.66,11614776,51.75,52,50.5,51.24,7856100,2026-02-14T03:45:32Z
AMGN,2009-03-18,34.16,34.85,33.87,34.76,13334194,50.51,51.52,50.08,51.39,9019100,2026-02-14T03:45:32Z
AMGN,2009-03-19,33.04,34.56,32.76,34.56,14127078,48.85,51.1,48.43,51.09,9555400,2026-02-14T03:45:32Z
AMGN,2009-03-20,32.89,33.73,32.82,33.46,19356334,48.62,49.87,48.52,49.47,13092400,2026-02-14T03:45:32Z
AMGN,2009-03-23,34.43,34.46,33.03,33.54,11595864,50.91,50.94,48.84,49.59,7843300,2026-02-14T03:45:32Z
AMGN,2009-03-24,33.14,34.48,32.99,34.21,13622067,49,50.97,48.78,50.58,9213800,2026-02-14T03:45:32Z
AMGN,2009-03-25,33.7,34.11,32.97,33.47,12890067,49.82,50.43,48.75,49.48,8718700,2026-02-14T03:45:32Z
AMGN,2009-03-26,34.81,34.93,33.79,33.86,12638599,51.47,51.64,49.96,50.06,8548600,2026-02-14T03:45:32Z
AMGN,2009-03-27,34.94,35.73,34.83,35.71,13082853,51.65,52.82,51.5,52.79,8849100,2026-02-14T03:45:32Z
AMGN,2009-03-30,34.17,35.16,33.62,34.83,13945809,50.52,51.98,49.71,51.5,9432800,2026-02-14T03:45:32Z
AMGN,2009-03-31,33.49,34.36,33.32,34.32,17750870,49.52,50.8,49.26,50.74,12006500,2026-02-14T03:45:32Z
AMGN,2009-04-01,32.69,33.1,31.86,32.99,16051700,48.33,48.93,47.1,48.78,10857200,2026-02-14T03:45:32Z
AMGN,2009-04-02,31.99,33.32,31.52,33.24,19946680,47.29,49.26,46.6,49.14,13491700,2026-02-14T03:45:32Z
AMGN,2009-04-03,31.5,32.45,31.17,32.37,12544127,46.57,47.97,46.08,47.85,8484700,2026-02-14T03:45:32Z
AMGN,2009-04-06,32.36,32.51,31.36,31.43,15642059,47.84,48.06,46.37,46.46,10580100,2026-02-14T03:45:32Z
AMGN,2009-04-07,32.05,32.43,31.72,32.12,9887657,47.38,47.94,46.89,47.48,6687900,2026-02-14T03:45:32Z
AMGN,2009-04-08,32.45,32.46,31.5,32.26,9218801,47.97,47.99,46.57,47.7,6235500,2026-02-14T03:45:32Z
AMGN,2009-04-09,32.36,32.97,31.97,32.55,9940153,47.84,48.74,47.26,48.12,6723400,2026-02-14T03:45:32Z
AMGN,2009-04-13,32.16,32.43,31.99,32.11,10615931,47.55,47.94,47.29,47.47,7180500,2026-02-14T03:45:32Z
AMGN,2009-04-14,32.52,32.75,31.66,31.91,14510577,48.08,48.42,46.8,47.18,9814800,2026-02-14T03:45:32Z
AMGN,2009-04-15,32.21,32.47,31.88,32.14,12378841,47.62,48,47.13,47.51,8372900,2026-02-14T03:45:32Z
AMGN,2009-04-16,31.91,32.38,31.25,32.22,11531689,47.18,47.87,46.2,47.63,7799900,2026-02-14T03:45:32Z
AMGN,2009-04-17,31.84,32.42,31.59,32.1,14434606,47.07,47.93,46.7,47.45,9763400,2026-02-14T03:45:32Z
AMGN,2009-04-20,30.94,31.74,30.56,31.53,15017706,45.74,46.92,45.18,46.62,10157800,2026-02-14T03:45:32Z
AMGN,2009-04-21,31.17,31.49,30.47,31.25,11562417,46.09,46.56,45.05,46.2,7820700,2026-02-14T03:45:32Z
AMGN,2009-04-22,30.51,31.33,30.41,31.32,13773291,45.11,46.32,44.96,46.3,9316100,2026-02-14T03:45:32Z
AMGN,2009-04-23,31.67,31.86,30.44,30.51,15746280,46.82,47.1,45,45.1,10650600,2026-02-14T03:45:32Z
AMGN,2009-04-24,33.7,33.83,32.26,32.51,23835076,49.83,50.02,47.69,48.07,16121800,2026-02-14T03:45:32Z
AMGN,2009-04-27,33.94,34.19,33.37,33.42,12594823,50.18,50.55,49.33,49.41,8519000,2026-02-14T03:45:32Z
AMGN,2009-04-28,34.12,34.54,33.72,33.77,9550290,50.44,51.07,49.85,49.93,6459700,2026-02-14T03:45:32Z
AMGN,2009-04-29,34.52,35.01,34.04,34.28,8203865,51.03,51.76,50.32,50.68,5549000,2026-02-14T03:45:32Z
AMGN,2009-04-30,32.78,34.72,32.64,34.72,18120625,48.47,51.33,48.25,51.33,12256600,2026-02-14T03:45:32Z
AMGN,2009-05-01,32.88,33.21,32.51,32.79,9022906,48.61,49.1,48.07,48.48,6103000,2026-02-14T03:45:32Z
AMGN,2009-05-04,32.81,33.27,32.52,33.22,8861328,48.51,49.19,48.08,49.12,5993700,2026-02-14T03:45:32Z
AMGN,2009-05-05,32.46,33.06,32.14,32.83,9912050,47.99,48.88,47.52,48.54,6704400,2026-02-14T03:45:32Z
AMGN,2009-05-06,32.22,32.8,31.76,32.75,11999754,47.63,48.49,46.95,48.42,8116500,2026-02-14T03:45:32Z
AMGN,2009-05-07,31.84,32.74,31.49,32.36,17314294,47.08,48.4,46.55,47.84,11711200,2026-02-14T03:45:32Z
AMGN,2009-05-08,31.93,32.34,31.43,31.95,12743135,47.2,47.81,46.46,47.24,8619300,2026-02-14T03:45:32Z
AMGN,2009-05-11,32.41,32.59,31.45,31.66,12460013,47.92,48.18,46.5,46.8,8427800,2026-02-14T03:45:32Z
AMGN,2009-05-12,32.62,33.14,32.13,32.37,13344530,48.22,49,47.5,47.86,9026100,2026-02-14T03:45:32Z
AMGN,2009-05-13,32.5,33.18,32.47,32.65,11370229,48.05,49.06,48,48.27,7690700,2026-02-14T03:45:32Z
AMGN,2009-05-14,32.59,33.15,32.47,32.54,10073351,48.18,49.01,48,48.11,6813500,2026-02-14T03:45:32Z
AMGN,2009-05-15,32.57,32.85,32.13,32.71,11566565,48.16,48.56,47.5,48.36,7823500,2026-02-14T03:45:32Z
AMGN,2009-05-18,33.37,33.45,32.36,32.91,11057404,49.34,49.46,47.84,48.66,7479100,2026-02-14T03:45:32Z
AMGN,2009-05-19,33.78,33.87,33.19,33.34,11322466,49.94,50.08,49.07,49.29,7658400,2026-02-14T03:45:32Z
AMGN,2009-05-20,34.22,34.5,33.76,33.87,11239988,50.59,51,49.91,50.07,7602600,2026-02-14T03:45:32Z
AMGN,2009-05-21,33.47,34.18,33.01,33.82,9420169,49.49,50.53,48.8,50,6371700,2026-02-14T03:45:32Z
AMGN,2009-05-22,33.35,33.74,33.15,33.62,4539248,49.3,49.89,49.01,49.7,3070300,2026-02-14T03:45:32Z
AMGN,2009-05-26,34.04,34.11,32.6,32.71,9874808,50.33,50.43,48.2,48.36,6679200,2026-02-14T03:45:32Z
AMGN,2009-05-27,33.65,34.37,33.43,33.93,9371989,49.75,50.81,49.43,50.17,6339100,2026-02-14T03:45:32Z
AMGN,2009-05-28,33.87,34.13,33.44,33.65,7075231,50.08,50.46,49.44,49.75,4785600,2026-02-14T03:45:32Z
AMGN,2009-05-29,33.78,34.04,33.21,33.82,10369318,49.94,50.33,49.1,50,7013700,2026-02-14T03:45:32Z
AMGN,2009-06-01,33.89,34.25,33.73,33.82,7729868,50.1,50.63,49.87,50,5228400,2026-02-14T03:45:32Z
AMGN,2009-06-02,34.31,34.75,34.05,34.23,10438523,50.73,51.38,50.34,50.6,7060500,2026-02-14T03:45:32Z
AMGN,2009-06-03,35.12,35.25,33.81,34.33,11684406,51.92,52.12,49.99,50.76,7903200,2026-02-14T03:45:32Z
AMGN,2009-06-04,34.5,35.41,34.19,35.13,9548351,51.01,52.35,50.54,51.94,6458400,2026-02-14T03:45:32Z
AMGN,2009-06-05,34.42,34.98,33.92,34.83,7946767,50.89,51.72,50.15,51.5,5375100,2026-02-14T03:45:32Z
AMGN,2009-06-08,34.44,34.81,34,34.1,7933754,50.92,51.47,50.27,50.42,5366300,2026-02-14T03:45:32Z
AMGN,2009-06-09,34.33,34.7,34.1,34.69,7800550,50.75,51.3,50.41,51.28,5276200,2026-02-14T03:45:32Z
AMGN,2009-06-10,33.89,35.13,33.55,34.12,13733539,50.11,51.94,49.6,50.45,9289200,2026-02-14T03:45:32Z
AMGN,2009-06-11,33.74,34.21,33.35,33.82,11865799,49.88,50.58,49.3,50,8025900,2026-02-14T03:45:32Z
AMGN,2009-06-12,34.09,34.29,33.37,33.54,10058414,50.4,50.7,49.34,49.59,6803400,2026-02-14T03:45:32Z
AMGN,2009-06-15,33.44,33.99,33.28,33.81,10417812,49.44,50.25,49.21,49.98,7046500,2026-02-14T03:45:32Z
AMGN,2009-06-16,34.64,34.92,33.81,33.96,16179880,51.21,51.63,49.98,50.21,10943900,2026-02-14T03:45:32Z
AMGN,2009-06-17,35.72,35.94,34.71,34.77,16669403,52.81,53.14,51.31,51.4,11275000,2026-02-14T03:45:32Z
AMGN,2009-06-18,35.87,36.04,35.32,35.9,13581093,53.03,53.28,52.22,53.07,9186100,2026-02-14T03:45:32Z
AMGN,2009-06-19,35.4,36.42,35.21,36.05,29568193,52.34,53.85,52.06,53.3,19999600,2026-02-14T03:45:32Z
AMGN,2009-06-22,34.49,35.03,34.44,34.86,14478787,50.99,51.79,50.92,51.54,9793300,2026-02-14T03:45:32Z
AMGN,2009-06-23,34.59,34.85,34.44,34.53,11901003,51.14,51.52,50.92,51.05,8049700,2026-02-14T03:45:32Z
AMGN,2009-06-24,34.5,34.76,34.27,34.52,11863735,51.01,51.39,50.66,51.04,8024500,2026-02-14T03:45:32Z
AMGN,2009-06-25,35.12,35.27,34.26,34.49,12089941,51.92,52.15,50.65,50.99,8177500,2026-02-14T03:45:32Z
AMGN,2009-06-26,35.71,35.82,34.5,34.79,46000355,52.8,52.95,51.01,51.44,31114100,2026-02-14T03:45:32Z
AMGN,2009-06-29,35.92,36.02,35.2,35.55,18414265,53.11,53.25,52.04,52.56,12455200,2026-02-14T03:45:32Z
AMGN,2009-06-30,35.81,36.11,35.34,35.79,15977358,52.94,53.39,52.25,52.91,10806900,2026-02-14T03:45:32Z
AMGN,2009-07-01,35.69,36.19,35.63,36.19,12367729,52.76,53.5,52.67,53.5,8365400,2026-02-14T03:45:32Z
AMGN,2009-07-02,34.81,35.64,34.81,35.51,11196972,51.47,52.69,51.46,52.5,7573500,2026-02-14T03:45:32Z
AMGN,2009-07-06,35.21,35.29,34.26,34.62,10712931,52.05,52.18,50.65,51.19,7246100,2026-02-14T03:45:32Z
AMGN,2009-07-07,35.33,35.82,34.91,35.11,14940513,52.23,52.96,51.61,51.91,10105600,2026-02-14T03:45:32Z
AMGN,2009-07-08,40.25,41.23,40.16,40.75,73983991,59.5,60.95,59.38,60.25,50041900,2026-02-14T03:45:32Z
AMGN,2009-07-09,39.32,40.1,38.92,39.93,23965051,58.13,59.29,57.54,59.03,16209700,2026-02-14T03:45:32Z
AMGN,2009-07-10,39.1,39.74,38.81,38.97,12729968,57.81,58.76,57.38,57.62,8610400,2026-02-14T03:45:32Z
AMGN,2009-07-13,39.24,39.38,38.66,39.25,17674455,58.01,58.22,57.15,58.03,11954800,2026-02-14T03:45:32Z
AMGN,2009-07-14,39.3,39.76,39.12,39.16,12597041,58.1,58.78,57.83,57.9,8520500,2026-02-14T03:45:32Z
AMGN,2009-07-15,39.14,39.49,38.72,39.47,15135236,57.87,58.38,57.24,58.36,10237300,2026-02-14T03:45:32Z
AMGN,2009-07-16,39.55,40.46,38.9,39.17,18019689,58.47,59.82,57.51,57.91,12188300,2026-02-14T03:45:32Z
AMGN,2009-07-17,39.76,39.91,39.23,39.77,11722547,58.79,59,58,58.8,7929000,2026-02-14T03:45:32Z
AMGN,2009-07-20,39.41,39.84,39.09,39.62,10631896,58.27,58.9,57.79,58.58,7191300,2026-02-14T03:45:32Z
AMGN,2009-07-21,39.66,39.86,39.31,39.68,10027510,58.63,58.93,58.11,58.67,6782500,2026-02-14T03:45:32Z
AMGN,2009-07-22,39.48,39.98,39.24,39.64,8120775,58.37,59.11,58.02,58.6,5492800,2026-02-14T03:45:32Z
AMGN,2009-07-23,40.48,40.56,39.25,39.53,14806870,59.84,59.97,58.03,58.44,10015200,2026-02-14T03:45:32Z
AMGN,2009-07-24,41.21,41.26,40.04,40.04,10015542,60.92,61,59.2,59.2,6774400,2026-02-14T03:45:32Z
AMGN,2009-07-27,41.1,41.6,40.43,41.27,16184054,60.77,61.5,59.78,61.01,10946700,2026-02-14T03:45:32Z
AMGN,2009-07-28,42.22,42.5,41.54,42.42,27797615,62.42,62.84,61.42,62.71,18802000,2026-02-14T03:45:32Z
AMGN,2009-07-29,42.77,42.95,42.18,42.36,17466713,63.23,63.5,62.36,62.62,11814300,2026-02-14T03:45:32Z
AMGN,2009-07-30,42.69,43.63,42.61,43.07,14575343,63.11,64.5,62.99,63.67,9858600,2026-02-14T03:45:32Z
AMGN,2009-07-31,42.15,43.03,41.94,42.64,9404646,62.31,63.61,62,63.04,6361200,2026-02-14T03:45:32Z
AMGN,2009-08-03,42.53,42.6,41.74,42.22,10559909,62.88,62.98,61.71,62.42,7142600,2026-02-14T03:45:32Z
AMGN,2009-08-04,43.57,43.58,42.02,42.03,17355700,64.41,64.43,62.12,62.14,11739200,2026-02-14T03:45:32Z
AMGN,2009-08-05,42.15,43.17,41.94,43.06,10489969,62.31,63.83,62.01,63.66,7095300,2026-02-14T03:45:32Z
AMGN,2009-08-06,41.05,42.25,41.02,42.22,13152210,60.69,62.46,60.64,62.42,8896000,2026-02-14T03:45:32Z
AMGN,2009-08-07,40.91,41.66,40.56,41.63,12828851,60.49,61.59,59.97,61.55,8677300,2026-02-14T03:45:32Z
AMGN,2009-08-10,41.42,41.48,40.44,40.9,9943405,61.24,61.33,59.79,60.47,6725600,2026-02-14T03:45:32Z
AMGN,2009-08-11,42.48,42.6,40.9,41.27,22836707,62.81,62.98,60.46,61.02,15446500,2026-02-14T03:45:32Z
AMGN,2009-08-12,42.04,42.48,41.78,42.42,14575354,62.16,62.8,61.77,62.71,9858600,2026-02-14T03:45:32Z
AMGN,2009-08-13,41.17,43.8,41,42.11,30689169,60.86,64.76,60.61,62.26,20757800,2026-02-14T03:45:32Z
AMGN,2009-08-14,41.16,41.65,40.58,41.35,19148879,60.85,61.58,59.99,61.13,12952100,2026-02-14T03:45:32Z
AMGN,2009-08-17,40.48,41.02,40.4,40.91,12360495,59.84,60.65,59.73,60.48,8360500,2026-02-14T03:45:32Z
AMGN,2009-08-18,40.42,40.79,40.06,40.55,9353198,59.76,60.31,59.23,59.95,6326400,2026-02-14T03:45:32Z
AMGN,2009-08-19,40.68,40.79,40.01,40.24,9383513,60.14,60.3,59.15,59.5,6346900,2026-02-14T03:45:32Z
AMGN,2009-08-20,40.78,41.07,40.31,40.55,6785591,60.29,60.72,59.6,59.95,4589700,2026-02-14T03:45:32Z
AMGN,2009-08-21,41.02,41.27,40.38,41.15,9765393,60.64,61.01,59.7,60.83,6605200,2026-02-14T03:45:32Z
AMGN,2009-08-24,40.84,41.15,40.6,41.09,7836165,60.38,60.84,60.03,60.75,5300300,2026-02-14T03:45:32Z
AMGN,2009-08-25,40.83,41.25,40.66,40.7,9093592,60.36,60.98,60.12,60.17,6150800,2026-02-14T03:45:32Z
AMGN,2009-08-26,41.42,41.79,40.6,40.89,9131889,61.24,61.79,60.02,60.45,6176700,2026-02-14T03:45:32Z
AMGN,2009-08-27,40.75,41.38,40.58,41.16,9016713,60.25,61.18,60,60.85,6098800,2026-02-14T03:45:32Z
AMGN,2009-08-28,40.32,41.12,40.02,40.77,7631712,59.61,60.79,59.16,60.28,5162000,2026-02-14T03:45:32Z
AMGN,2009-08-31,40.43,40.69,40.01,40.01,10320991,59.78,60.16,59.15,59.15,6981000,2026-02-14T03:45:32Z
AMGN,2009-09-01,39.89,41.03,39.67,40.32,9757113,58.98,60.66,58.65,59.61,6599600,2026-02-14T03:45:32Z
AMGN,2009-09-02,39.97,40.14,39.61,39.79,7671026,59.1,59.34,58.56,58.83,5188600,2026-02-14T03:45:32Z
AMGN,2009-09-03,39.55,39.78,38.99,39.78,10299858,58.47,58.81,57.64,58.81,6966700,2026-02-14T03:45:32Z
AMGN,2009-09-04,39.87,39.92,39.31,39.42,6901655,58.95,59.02,58.12,58.28,4668200,2026-02-14T03:45:32Z
AMGN,2009-09-08,40.02,40.33,39.78,39.91,8939228,59.16,59.63,58.82,59,6046400,2026-02-14T03:45:32Z
AMGN,2009-09-09,40.03,40.29,39.76,39.87,7042988,59.18,59.57,58.78,58.95,4763800,2026-02-14T03:45:32Z
AMGN,2009-09-10,39.93,40.21,39.66,40.2,8486102,59.03,59.45,58.64,59.43,5739900,2026-02-14T03:45:32Z
AMGN,2009-09-11,39.6,39.92,39.52,39.87,7097545,58.54,59.02,58.42,58.95,4800700,2026-02-14T03:45:32Z
AMGN,2009-09-14,40.05,40.26,39.57,39.57,7557927,59.21,59.52,58.5,58.5,5112100,2026-02-14T03:45:32Z
AMGN,2009-09-15,39.56,39.96,39.3,39.94,10523538,58.48,59.08,58.1,59.05,7118000,2026-02-14T03:45:32Z
AMGN,2009-09-16,40.37,40.43,39.54,39.64,9625983,59.69,59.77,58.46,58.6,6510900,2026-02-14T03:45:32Z
AMGN,2009-09-17,40.94,40.96,40.33,40.48,11399226,60.52,60.56,59.62,59.85,7710300,2026-02-14T03:45:32Z
AMGN,2009-09-18,41.12,41.46,40.87,41.12,14284105,60.8,61.3,60.43,60.8,9661600,2026-02-14T03:45:32Z
AMGN,2009-09-21,42.15,42.19,41.38,42.09,12215603,62.31,62.37,61.17,62.22,8262500,2026-02-14T03:45:32Z
AMGN,2009-09-22,41.14,42.28,40.98,42.21,13530689,60.83,62.51,60.58,62.41,9152000,2026-02-14T03:45:32Z
AMGN,2009-09-23,40.96,41.26,40.77,41.25,11221368,60.55,61,60.27,60.99,7590000,2026-02-14T03:45:32Z
AMGN,2009-09-24,41.11,41.41,40.81,40.92,9011534,60.78,61.22,60.34,60.49,6095300,2026-02-14T03:45:32Z
AMGN,2009-09-25,40.77,41.38,40.73,41.05,7510187,60.27,61.17,60.22,60.69,5079800,2026-02-14T03:45:32Z
AMGN,2009-09-28,40.89,41.58,40.81,40.81,6866317,60.45,61.48,60.33,60.33,4644300,2026-02-14T03:45:32Z
AMGN,2009-09-29,40.89,41.43,40.69,41.08,8277923,60.46,61.25,60.16,60.74,5599100,2026-02-14T03:45:32Z
AMGN,2009-09-30,40.74,41.04,40.31,40.92,8858514,60.23,60.67,59.6,60.5,5991800,2026-02-14T03:45:32Z
AMGN,2009-10-01,39.91,40.88,39.89,40.69,10348348,59,60.44,58.98,60.15,6999500,2026-02-14T03:45:32Z
AMGN,2009-10-02,39.62,40.08,39.47,39.9,6682688,58.58,59.26,58.36,58.99,4520100,2026-02-14T03:45:32Z
AMGN,2009-10-05,39.44,39.77,39.24,39.66,7682717,58.31,58.79,58.01,58.64,5196500,2026-02-14T03:45:32Z
AMGN,2009-10-06,39.81,40.16,39.35,39.42,7967468,58.86,59.37,58.17,58.28,5389100,2026-02-14T03:45:32Z
AMGN,2009-10-07,39.6,39.82,39.43,39.68,6824625,58.54,58.87,58.3,58.67,4616100,2026-02-14T03:45:32Z
AMGN,2009-10-08,39.83,40.21,39.71,39.89,7931243,58.89,59.44,58.71,58.97,5364600,2026-02-14T03:45:32Z
AMGN,2009-10-09,40.19,40.42,39.89,39.92,7061326,59.42,59.76,58.97,59.02,4776200,2026-02-14T03:45:32Z
AMGN,2009-10-12,40.25,40.85,40.14,40.6,8108353,59.51,60.4,59.35,60.03,5484400,2026-02-14T03:45:32Z
AMGN,2009-10-13,40.09,40.29,39.87,40.16,8085579,59.27,59.57,58.95,59.38,5469000,2026-02-14T03:45:32Z
AMGN,2009-10-14,40.97,41.1,40.14,40.14,9895189,60.57,60.77,59.35,59.35,6693000,2026-02-14T03:45:32Z
AMGN,2009-10-15,41.82,41.84,40.82,40.97,11671104,61.83,61.85,60.35,60.57,7894200,2026-02-14T03:45:32Z
AMGN,2009-10-16,41.48,41.75,41.05,41.57,9706094,61.32,61.73,60.69,61.46,6565100,2026-02-14T03:45:32Z
AMGN,2009-10-19,40.75,41.4,40.24,40.42,15822393,60.24,61.2,59.5,59.76,10702100,2026-02-14T03:45:32Z
AMGN,2009-10-20,39.33,40.48,39.25,40.35,16054394,58.14,59.84,58.03,59.65,10859000,2026-02-14T03:45:32Z
AMGN,2009-10-21,40.18,40.58,39.37,39.69,19725190,59.4,59.99,58.2,58.68,13341900,2026-02-14T03:45:32Z
AMGN,2009-10-22,38.45,39.06,37.91,39.03,30445801,56.85,57.74,56.04,57.71,20593200,2026-02-14T03:45:32Z
AMGN,2009-10-23,37.99,38.43,37.71,38.41,14196551,56.17,56.82,55.75,56.78,9602400,2026-02-14T03:45:32Z
AMGN,2009-10-26,36.75,38.3,36.57,38.01,18638986,54.33,56.62,54.07,56.19,12607200,2026-02-14T03:45:32Z
AMGN,2009-10-27,36.8,37.1,36.39,36.53,13096614,54.41,54.85,53.8,54,8858400,2026-02-14T03:45:32Z
AMGN,2009-10-28,36.33,37.06,36.32,36.76,9902451,53.71,54.79,53.69,54.35,6697900,2026-02-14T03:45:32Z
AMGN,2009-10-29,36.72,36.95,36.48,36.48,10484663,54.29,54.63,53.93,53.93,7091700,2026-02-14T03:45:32Z
AMGN,2009-10-30,36.27,37.09,35.79,36.6,17791378,53.62,54.84,52.91,54.11,12033900,2026-02-14T03:45:32Z
AMGN,2009-11-02,35.46,36.41,35.29,35.75,15918786,52.43,53.83,52.17,52.86,10767300,2026-02-14T03:45:32Z
AMGN,2009-11-03,35.54,35.76,35.17,35.36,10458177,52.54,52.87,52,52.28,7073800,2026-02-14T03:45:32Z
AMGN,2009-11-04,35.25,35.76,34.98,35.5,12619807,52.12,52.87,51.72,52.48,8535900,2026-02-14T03:45:32Z
AMGN,2009-11-05,36.56,36.74,35.69,35.9,12615678,54.05,54.32,52.77,53.08,8533100,2026-02-14T03:45:32Z
AMGN,2009-11-06,36.99,37.16,36.44,36.44,8124470,54.69,54.94,53.87,53.87,5495300,2026-02-14T03:45:32Z
AMGN,2009-11-09,37.14,37.29,36.87,37.01,9358082,54.91,55.13,54.51,54.71,6329700,2026-02-14T03:45:32Z
AMGN,2009-11-10,36.59,37.18,36.4,37.09,13151766,54.1,54.97,53.81,54.84,8895700,2026-02-14T03:45:32Z
AMGN,2009-11-11,37.05,37.1,36.63,36.64,7260612,54.78,54.85,54.16,54.17,4911000,2026-02-14T03:45:32Z
AMGN,2009-11-12,37.35,37.75,37.08,37.36,12169772,55.22,55.81,54.82,55.24,8231500,2026-02-14T03:45:32Z
AMGN,2009-11-13,37.48,37.63,37.32,37.33,7599180,55.41,55.64,55.18,55.19,5140000,2026-02-14T03:45:32Z
AMGN,2009-11-16,37.97,38.11,37.42,37.57,9131722,56.14,56.35,55.33,55.55,6176600,2026-02-14T03:45:32Z
AMGN,2009-11-17,38.07,38.11,37.76,37.88,6119403,56.28,56.35,55.82,56,4139100,2026-02-14T03:45:32Z
AMGN,2009-11-18,37.97,38.2,37.74,37.86,8794785,56.14,56.47,55.8,55.97,5948700,2026-02-14T03:45:32Z
AMGN,2009-11-19,37.92,38.04,37.54,37.8,7363064,56.06,56.24,55.5,55.89,4980300,2026-02-14T03:45:32Z
