ticker,tradeDate,clsPx,hiPx,loPx,open,stockVolume,unadjClsPx,unadjHiPx,unadjLoPx,unadjOpen,unadjStockVolume,updatedAt
AMT,2006-01-03,19.96,19.97,19.49,19.94,4996994,27.3,27.31,26.66,27.27,3653700,2026-01-01T03:44:36Z
AMT,2006-01-04,20.58,20.62,19.9,19.9,4829067,28.14,28.2,27.22,27.22,3530900,2026-01-01T03:44:36Z
AMT,2006-01-05,20.51,20.69,20.46,20.62,3300844,28.05,28.3,27.98,28.2,2413500,2026-01-01T03:44:36Z
AMT,2006-01-06,20.82,20.84,20.58,20.68,2754602,28.48,28.5,28.15,28.29,2014100,2026-01-01T03:44:36Z
AMT,2006-01-09,21.28,21.34,21.06,21.09,5637062,29.1,29.18,28.8,28.85,4121700,2026-01-01T03:44:36Z
AMT,2006-01-10,21.25,21.36,21.01,21.29,6327744,29.06,29.21,28.74,29.11,4626700,2026-01-01T03:44:36Z
AMT,2006-01-11,21.61,21.65,21.3,21.31,4979500,29.55,29.61,29.13,29.14,3640900,2026-01-01T03:44:36Z
AMT,2006-01-12,21.29,21.68,21.17,21.68,3600902,29.12,29.65,28.95,29.65,2632900,2026-01-01T03:44:36Z
AMT,2006-01-13,21.09,21.42,21.01,21.29,2281659,28.85,29.29,28.74,29.12,1668300,2026-01-01T03:44:36Z
AMT,2006-01-17,20.84,21.09,20.74,21.09,4600652,28.5,28.85,28.37,28.85,3363900,2026-01-01T03:44:36Z
AMT,2006-01-18,21.41,21.45,20.64,20.84,3846394,29.28,29.34,28.23,28.5,2812400,2026-01-01T03:44:36Z
AMT,2006-01-19,21.57,21.79,21.37,21.54,3335037,29.5,29.8,29.23,29.46,2438500,2026-01-01T03:44:36Z
AMT,2006-01-20,21.06,21.61,21.03,21.57,4184348,28.8,29.55,28.76,29.5,3059500,2026-01-01T03:44:36Z
AMT,2006-01-23,21.01,21.16,20.9,21.07,1988841,28.74,28.94,28.58,28.82,1454200,2026-01-01T03:44:36Z
AMT,2006-01-24,21.64,21.72,20.9,21.08,4638259,29.59,29.7,28.58,28.83,3391400,2026-01-01T03:44:36Z
AMT,2006-01-25,21.28,21.72,21.18,21.68,3794558,29.1,29.7,28.96,29.65,2774500,2026-01-01T03:44:36Z
AMT,2006-01-26,21.34,21.41,21.2,21.36,3111276,29.18,29.28,29,29.21,2274900,2026-01-01T03:44:36Z
AMT,2006-01-27,21.5,21.57,21.24,21.37,3743145,29.41,29.5,29.05,29.23,2736900,2026-01-01T03:44:36Z
AMT,2006-01-30,21.64,21.71,21.53,21.57,3111138,29.59,29.69,29.45,29.5,2274800,2026-01-01T03:44:36Z
AMT,2006-01-31,22.62,22.75,21.88,21.92,7082832,30.94,31.11,29.92,29.98,5178800,2026-01-01T03:44:36Z
AMT,2006-02-01,22.71,22.96,22.34,22.47,4507928,31.06,31.4,30.55,30.73,3296100,2026-01-01T03:44:36Z
AMT,2006-02-02,22.47,22.78,22.3,22.78,3141232,30.73,31.16,30.5,31.16,2296800,2026-01-01T03:44:36Z
AMT,2006-02-03,22.46,22.48,22.05,22.48,4773253,30.72,30.74,30.15,30.74,3490100,2026-01-01T03:44:36Z
AMT,2006-02-06,22.84,22.88,22.46,22.46,3872791,31.24,31.29,30.72,30.72,2831700,2026-01-01T03:44:36Z
AMT,2006-02-07,22.7,23.43,22.67,22.85,3797976,31.05,32.05,31,31.25,2777000,2026-01-01T03:44:36Z
AMT,2006-02-08,22.92,23.12,22.67,22.7,3371550,31.35,31.62,31.01,31.05,2465200,2026-01-01T03:44:36Z
AMT,2006-02-09,22.29,22.96,22.23,22.92,3882915,30.49,31.4,30.4,31.35,2839100,2026-01-01T03:44:36Z
AMT,2006-02-10,22.86,23.02,22.28,22.29,3505581,31.27,31.49,30.47,30.48,2563200,2026-01-01T03:44:36Z
AMT,2006-02-13,22.3,22.8,22.18,22.71,2174028,30.5,31.18,30.33,31.06,1589600,2026-01-01T03:44:36Z
AMT,2006-02-14,22.24,22.6,22.16,22.3,2771147,30.41,30.91,30.3,30.5,2026200,2026-01-01T03:44:36Z
AMT,2006-02-15,22.85,23,22.23,22.23,3021017,31.25,31.45,30.41,30.41,2208900,2026-01-01T03:44:36Z
AMT,2006-02-16,23.11,23.2,22.71,22.85,1658011,31.6,31.73,31.06,31.25,1212300,2026-01-01T03:44:36Z
AMT,2006-02-17,23,23.21,23,23.13,1431255,31.45,31.75,31.45,31.64,1046500,2026-01-01T03:44:36Z
AMT,2006-02-21,23.18,23.33,22.95,22.95,2692919,31.7,31.91,31.39,31.39,1969000,2026-01-01T03:44:36Z
AMT,2006-02-22,23.2,23.32,23.09,23.23,4214017,31.73,31.9,31.58,31.77,3081200,2026-01-01T03:44:36Z
AMT,2006-02-23,23.02,23.53,22.89,23.4,6529048,31.48,32.18,31.31,32,4773900,2026-01-01T03:44:36Z
AMT,2006-02-24,23.55,23.89,23.1,23.32,7286336,32.21,32.68,31.59,31.9,5327600,2026-01-01T03:44:36Z
AMT,2006-02-27,23.24,23.79,23.23,23.69,2645052,31.79,32.54,31.77,32.4,1934000,2026-01-01T03:44:36Z
AMT,2006-02-28,23.27,23.3,22.94,23.24,4082042,31.83,31.86,31.38,31.79,2984700,2026-01-01T03:44:36Z
AMT,2006-03-01,23.03,23.54,22.79,23.33,5177126,31.5,32.19,31.17,31.91,3785400,2026-01-01T03:44:36Z
AMT,2006-03-02,23.03,23.2,22.84,22.89,3113880,31.5,31.73,31.23,31.3,2276800,2026-01-01T03:44:36Z
AMT,2006-03-03,22.54,22.93,22.47,22.78,3188418,30.83,31.36,30.73,31.16,2331300,2026-01-01T03:44:36Z
AMT,2006-03-06,22.38,22.7,22.05,22.56,8308906,30.61,31.04,30.16,30.85,6075300,2026-01-01T03:44:36Z
AMT,2006-03-07,22,22.45,21.73,22.38,4104344,30.09,30.7,29.72,30.61,3001000,2026-01-01T03:44:36Z
AMT,2006-03-08,22.09,22.11,21.42,21.93,4809359,30.21,30.24,29.3,30,3516500,2026-01-01T03:44:36Z
AMT,2006-03-09,21.81,22.32,21.66,22.07,3868421,29.83,30.53,29.62,30.19,2828500,2026-01-01T03:44:36Z
AMT,2006-03-10,22.23,22.31,21.8,21.81,4090250,30.4,30.51,29.82,29.83,2990700,2026-01-01T03:44:36Z
AMT,2006-03-13,22.16,22.44,21.91,22.41,4342445,30.31,30.69,29.96,30.65,3175100,2026-01-01T03:44:36Z
AMT,2006-03-14,22.4,22.41,21.94,22.19,3847897,30.63,30.65,30.01,30.35,2813500,2026-01-01T03:44:36Z
AMT,2006-03-15,22.37,22.56,22.32,22.41,4131287,30.6,30.85,30.52,30.65,3020700,2026-01-01T03:44:36Z
AMT,2006-03-16,22.37,22.84,22.34,22.42,2950038,30.59,31.23,30.55,30.66,2157000,2026-01-01T03:44:36Z
AMT,2006-03-17,22.78,22.78,22.37,22.37,3615809,31.16,31.16,30.59,30.59,2643800,2026-01-01T03:44:36Z
AMT,2006-03-20,22.6,22.96,22.49,22.92,4128818,30.91,31.4,30.76,31.35,3018900,2026-01-01T03:44:36Z
AMT,2006-03-21,22.63,22.87,22.37,22.42,4833151,30.95,31.28,30.6,30.66,3533900,2026-01-01T03:44:36Z
AMT,2006-03-22,22.65,22.73,22.42,22.54,2470669,30.98,31.09,30.66,30.82,1806500,2026-01-01T03:44:36Z
AMT,2006-03-23,22.59,22.73,22.44,22.68,2357018,30.9,31.08,30.69,31.02,1723400,2026-01-01T03:44:36Z
AMT,2006-03-24,22.57,22.69,22.43,22.59,1698215,30.87,31.03,30.67,30.9,1241700,2026-01-01T03:44:36Z
AMT,2006-03-27,22.1,22.42,22.05,22.42,3412576,30.23,30.66,30.15,30.66,2495200,2026-01-01T03:44:36Z
AMT,2006-03-28,21.73,22.03,21.64,21.99,6196851,29.72,30.13,29.6,30.08,4531000,2026-01-01T03:44:36Z
AMT,2006-03-29,21.88,21.93,21.42,21.67,6824480,29.92,29.99,29.3,29.64,4989900,2026-01-01T03:44:36Z
AMT,2006-03-30,21.71,22.16,21.57,21.91,4272415,29.69,30.3,29.5,29.97,3123900,2026-01-01T03:44:36Z
AMT,2006-03-31,22.17,22.3,21.69,21.81,4786526,30.32,30.5,29.66,29.83,3499800,2026-01-01T03:44:36Z
AMT,2006-04-03,22.34,22.57,22.11,22.16,3887013,30.55,30.87,30.24,30.31,2842100,2026-01-01T03:44:36Z
AMT,2006-04-04,22.18,22.37,22.08,22.26,3220287,30.33,30.6,30.2,30.45,2354600,2026-01-01T03:44:36Z
AMT,2006-04-05,22.02,22.1,21.72,22.08,6577185,30.11,30.23,29.71,30.2,4809100,2026-01-01T03:44:36Z
AMT,2006-04-06,22.82,22.83,21.85,21.88,4769692,31.21,31.22,29.88,29.92,3487500,2026-01-01T03:44:36Z
AMT,2006-04-07,23.18,23.21,22.64,22.85,4573313,31.7,31.74,30.97,31.25,3343900,2026-01-01T03:44:36Z
AMT,2006-04-10,23.62,24.11,23,23.07,7279227,32.3,32.97,31.45,31.55,5322400,2026-01-01T03:44:36Z
AMT,2006-04-11,23.36,23.74,23.28,23.62,3694455,31.95,32.47,31.84,32.3,2701300,2026-01-01T03:44:36Z
AMT,2006-04-12,23.04,23.34,23.02,23.34,2533858,31.51,31.92,31.48,31.92,1852700,2026-01-01T03:44:36Z
AMT,2006-04-13,23.38,23.38,22.92,23.04,1406358,31.97,31.98,31.35,31.51,1028300,2026-01-01T03:44:36Z
AMT,2006-04-17,23.11,23.48,23.05,23.34,1500183,31.6,32.12,31.53,31.92,1096900,2026-01-01T03:44:36Z
AMT,2006-04-18,23.24,23.47,23.03,23.07,4224834,31.79,32.1,31.5,31.55,3089100,2026-01-01T03:44:36Z
AMT,2006-04-19,23.74,23.78,23.15,23.44,6777844,32.47,32.52,31.66,32.06,4955800,2026-01-01T03:44:36Z
AMT,2006-04-20,23.6,23.95,23.54,23.66,2858677,32.28,32.76,32.2,32.36,2090200,2026-01-01T03:44:36Z
AMT,2006-04-21,24.14,24.24,23.51,23.6,3975089,33.01,33.15,32.15,32.28,2906500,2026-01-01T03:44:36Z
AMT,2006-04-24,23.94,24.12,23.66,24.06,5483199,32.74,32.99,32.36,32.9,4009200,2026-01-01T03:44:36Z
AMT,2006-04-25,24.27,24.33,23.94,23.94,4090932,33.19,33.27,32.74,32.74,2991200,2026-01-01T03:44:36Z
AMT,2006-04-26,25.34,25.58,24.8,25.19,9028040,34.65,34.99,33.92,34.45,6601100,2026-01-01T03:44:36Z
AMT,2006-04-27,25.03,25.44,24.79,25.44,3961692,34.23,34.79,33.9,34.79,2896700,2026-01-01T03:44:36Z
AMT,2006-04-28,24.96,25.12,24.81,25.03,3691305,34.14,34.35,33.93,34.23,2699000,2026-01-01T03:44:36Z
AMT,2006-05-01,25.56,25.76,25.01,25.04,4868031,34.96,35.23,34.21,34.25,3559400,2026-01-01T03:44:36Z
AMT,2006-05-02,25.3,25.86,25.25,25.59,6693297,34.6,35.37,34.53,35,4894000,2026-01-01T03:44:36Z
AMT,2006-05-03,25.35,25.57,25.12,25.42,4621453,34.67,34.97,34.36,34.77,3379100,2026-01-01T03:44:36Z
AMT,2006-05-04,25.79,25.93,25.39,25.42,4707890,35.27,35.46,34.72,34.77,3442300,2026-01-01T03:44:36Z
AMT,2006-05-05,25.85,25.96,25.7,25.85,4423827,35.35,35.5,35.15,35.35,3234600,2026-01-01T03:44:36Z
AMT,2006-05-08,25.71,25.95,25.58,25.82,3786358,35.16,35.49,34.98,35.31,2768500,2026-01-01T03:44:36Z
AMT,2006-05-09,25.58,26.14,25.54,25.82,4126494,34.99,35.75,34.93,35.31,3017200,2026-01-01T03:44:36Z
AMT,2006-05-10,25.68,25.94,25.59,25.61,4283630,35.12,35.48,35,35.02,3132100,2026-01-01T03:44:36Z
AMT,2006-05-11,25.42,25.82,25.25,25.81,3972911,34.76,35.32,34.54,35.3,2904900,2026-01-01T03:44:36Z
AMT,2006-05-12,24.49,25.34,24.39,25.34,6334015,33.5,34.66,33.35,34.66,4631300,2026-01-01T03:44:36Z
AMT,2006-05-15,24.46,25.07,24.35,24.41,4956386,33.45,34.29,33.3,33.38,3624000,2026-01-01T03:44:36Z
AMT,2006-05-16,24.69,24.69,24.28,24.48,5035569,33.77,33.77,33.21,33.48,3681900,2026-01-01T03:44:36Z
AMT,2006-05-17,23.77,24.74,23.32,24.7,9809921,32.51,33.84,31.9,33.78,7172800,2026-01-01T03:44:36Z
AMT,2006-05-18,23.11,24.06,22.99,23.84,7571493,31.61,32.9,31.44,32.6,5536100,2026-01-01T03:44:36Z
AMT,2006-05-19,22.58,22.67,20.91,21.93,43512751,30.88,31,28.6,30,31815600,2026-01-01T03:44:36Z
AMT,2006-05-22,21.65,22.3,21.52,22.3,16073500,29.61,30.5,29.43,30.5,11752600,2026-01-01T03:44:36Z
AMT,2006-05-23,22.06,22.56,21.14,21.31,14278764,30.17,30.85,28.91,29.15,10440300,2026-01-01T03:44:36Z
AMT,2006-05-24,22.15,22.4,21.83,22.3,10426459,30.3,30.63,29.85,30.5,7623600,2026-01-01T03:44:36Z
AMT,2006-05-25,22.77,22.9,22.24,22.24,3944864,31.14,31.32,30.42,30.42,2884400,2026-01-01T03:44:36Z
AMT,2006-05-26,23.06,23.13,22.64,22.78,3280316,31.54,31.64,30.97,31.15,2398500,2026-01-01T03:44:36Z
AMT,2006-05-30,22.19,23.4,22.15,23.16,4458432,30.35,32,30.29,31.68,3259900,2026-01-01T03:44:36Z
AMT,2006-05-31,22.64,22.78,22.08,22.2,5793659,30.97,31.15,30.2,30.36,4236200,2026-01-01T03:44:36Z
AMT,2006-06-01,23.04,23.11,22.19,22.64,3497783,31.51,31.6,30.35,30.97,2557500,2026-01-01T03:44:36Z
AMT,2006-06-02,22.94,23.29,22.76,23.04,4656175,31.37,31.85,31.13,31.51,3404500,2026-01-01T03:44:36Z
AMT,2006-06-05,22.54,23.1,22.38,22.94,3732336,30.83,31.59,30.61,31.37,2729000,2026-01-01T03:44:36Z
AMT,2006-06-06,22.26,22.52,22.19,22.51,3925712,30.44,30.8,30.35,30.78,2870400,2026-01-01T03:44:36Z
AMT,2006-06-07,22.06,22.85,21.97,22.29,4578783,30.17,31.25,30.05,30.49,3347900,2026-01-01T03:44:36Z
AMT,2006-06-08,22.13,22.2,21.2,21.88,5232915,30.27,30.36,29,29.92,3826200,2026-01-01T03:44:36Z
AMT,2006-06-09,21.83,22.64,21.72,22.05,2235567,29.86,30.97,29.71,30.15,1634600,2026-01-01T03:44:36Z
AMT,2006-06-12,20.9,21.88,20.8,21.79,4544579,28.59,29.92,28.45,29.8,3322900,2026-01-01T03:44:36Z
AMT,2006-06-13,20.85,20.91,20,20.72,8820554,28.51,28.6,27.35,28.34,6449400,2026-01-01T03:44:36Z
AMT,2006-06-14,21.47,21.83,20.69,20.85,5115303,29.36,29.86,28.3,28.51,3740200,2026-01-01T03:44:36Z
AMT,2006-06-15,22.26,22.35,21.35,21.47,4438584,30.45,30.57,29.2,29.36,3245400,2026-01-01T03:44:36Z
AMT,2006-06-16,22.02,22.32,21.9,22.18,3910945,30.12,30.52,29.95,30.33,2859600,2026-01-01T03:44:36Z
AMT,2006-06-19,21.72,22.22,21.43,22.03,4185982,29.7,30.39,29.31,30.13,3060700,2026-01-01T03:44:36Z
AMT,2006-06-20,21.53,22.08,21.37,21.82,2852107,29.44,30.2,29.23,29.84,2085400,2026-01-01T03:44:36Z
AMT,2006-06-21,22.35,22.54,21.44,21.51,4387716,30.57,30.83,29.32,29.42,3208200,2026-01-01T03:44:36Z
AMT,2006-06-22,22.15,22.52,22.09,22.35,2572833,30.3,30.8,30.21,30.57,1881200,2026-01-01T03:44:36Z
AMT,2006-06-23,22.63,22.7,21.99,22.24,3279223,30.95,31.05,30.08,30.42,2397700,2026-01-01T03:44:36Z
AMT,2006-06-26,22.2,22.59,22.02,22.52,2181818,30.36,30.9,30.12,30.8,1595300,2026-01-01T03:44:36Z
AMT,2006-06-27,21.64,22.23,21.45,22.16,3307944,29.6,30.4,29.34,30.3,2418700,2026-01-01T03:44:36Z
AMT,2006-06-28,21.85,21.96,21.31,21.5,3073943,29.88,30.03,29.15,29.4,2247600,2026-01-01T03:44:36Z
AMT,2006-06-29,22.65,22.88,21.79,21.97,3379614,30.98,31.29,29.8,30.05,2471100,2026-01-01T03:44:36Z
AMT,2006-06-30,22.75,22.87,22.3,22.64,4303732,31.12,31.28,30.5,30.97,3146800,2026-01-01T03:44:36Z
AMT,2006-07-03,23.62,23.73,22.76,22.76,2504584,32.31,32.45,31.13,31.13,1831300,2026-01-01T03:44:36Z
AMT,2006-07-05,23.49,23.62,23.17,23.54,3806876,32.12,32.31,31.69,32.2,2783500,2026-01-01T03:44:36Z
AMT,2006-07-06,23.77,23.79,23.41,23.48,3398761,32.51,32.54,32.02,32.11,2485100,2026-01-01T03:44:36Z
AMT,2006-07-07,23.01,23.81,22.73,23.77,4255592,31.47,32.57,31.09,32.51,3111600,2026-01-01T03:44:36Z
AMT,2006-07-10,22.5,23.16,22.34,22.97,2118366,30.77,31.67,30.55,31.42,1548900,2026-01-01T03:44:36Z
AMT,2006-07-11,22.97,23.11,22.11,22.44,3661217,31.42,31.6,30.24,30.69,2677000,2026-01-01T03:44:36Z
AMT,2006-07-12,22.85,23.2,22.66,22.91,2163632,31.25,31.73,30.99,31.34,1582000,2026-01-01T03:44:36Z
AMT,2006-07-13,22.78,23.21,22.41,22.63,2964393,31.15,31.75,30.65,30.95,2167500,2026-01-01T03:44:36Z
AMT,2006-07-14,22.21,22.71,21.92,22.7,3071206,30.38,31.06,29.98,31.05,2245600,2026-01-01T03:44:36Z
AMT,2006-07-17,22.89,22.97,22.22,22.22,2576251,31.31,31.41,30.39,30.39,1883700,2026-01-01T03:44:36Z
AMT,2006-07-18,23.08,23.3,22.58,22.96,4239868,31.57,31.86,30.88,31.4,3100100,2026-01-01T03:44:36Z
AMT,2006-07-19,23.6,23.73,22.98,23.21,4126494,32.27,32.46,31.43,31.74,3017200,2026-01-01T03:44:36Z
AMT,2006-07-20,23.47,24.3,23.38,23.84,3471386,32.1,33.24,31.97,32.6,2538200,2026-01-01T03:44:36Z
AMT,2006-07-21,23.05,23.5,22.92,23.5,2343482,31.53,32.14,31.35,32.14,1713500,2026-01-01T03:44:36Z
AMT,2006-07-24,23.6,23.66,22.97,23.05,2097301,32.27,32.36,31.42,31.53,1533500,2026-01-01T03:44:36Z
AMT,2006-07-25,23.79,23.89,23.16,23.63,3475490,32.53,32.68,31.68,32.32,2541200,2026-01-01T03:44:36Z
AMT,2006-07-26,23.7,23.86,23.51,23.79,2039993,32.41,32.63,32.15,32.53,1491600,2026-01-01T03:44:36Z
AMT,2006-07-27,23.13,23.98,23.04,23.84,3000496,31.64,32.79,31.51,32.6,2193900,2026-01-01T03:44:36Z
AMT,2006-07-28,24.52,24.52,22.89,23.4,6726679,33.53,33.53,31.3,32,4918400,2026-01-01T03:44:36Z
AMT,2006-07-31,24.71,25.28,24.22,24.61,5231424,33.8,34.57,33.13,33.66,3825100,2026-01-01T03:44:36Z
AMT,2006-08-01,24.52,24.91,24.31,24.75,3960186,33.54,34.07,33.25,33.85,2895600,2026-01-01T03:44:36Z
AMT,2006-08-02,24.86,24.93,24.52,24.79,3834915,34,34.1,33.54,33.9,2804000,2026-01-01T03:44:36Z
AMT,2006-08-03,24.85,25.04,24.35,24.68,2809717,33.99,34.24,33.3,33.75,2054400,2026-01-01T03:44:36Z
AMT,2006-08-04,24.32,25.12,23.66,24.86,4985512,33.26,34.36,32.36,34,3645300,2026-01-01T03:44:36Z
AMT,2006-08-07,24.68,24.74,23.65,24.27,5186553,33.75,33.83,32.34,33.19,3792300,2026-01-01T03:44:36Z
AMT,2006-08-08,25.32,25.58,24.71,24.77,6453010,34.63,34.99,33.79,33.87,4718300,2026-01-01T03:44:36Z
AMT,2006-08-09,25.19,25.66,25.09,25.37,2994480,34.45,35.1,34.31,34.7,2189500,2026-01-01T03:44:36Z
AMT,2006-08-10,25.25,25.34,24.67,25.04,2601554,34.54,34.65,33.74,34.25,1902200,2026-01-01T03:44:36Z
AMT,2006-08-11,24.96,25.28,24.8,25.25,2318725,34.14,34.58,33.92,34.54,1695400,2026-01-01T03:44:36Z
AMT,2006-08-14,24.88,25.19,24.49,25.01,1991032,34.03,34.45,33.5,34.2,1455800,2026-01-01T03:44:36Z
AMT,2006-08-15,25.39,25.63,25.12,25.19,3063686,34.72,35.05,34.35,34.45,2240100,2026-01-01T03:44:36Z
AMT,2006-08-16,25.83,25.95,25.5,25.59,2814364,35.33,35.49,34.87,35,2057800,2026-01-01T03:44:36Z
AMT,2006-08-17,25.93,26.36,25.53,25.73,2799041,35.46,36.05,34.92,35.19,2046600,2026-01-01T03:44:36Z
AMT,2006-08-18,26.04,26.18,25.53,25.92,1934963,35.61,35.8,34.92,35.45,1414800,2026-01-01T03:44:36Z
AMT,2006-08-21,25.74,26.05,25.54,26.04,2227089,35.21,35.62,34.93,35.61,1628400,2026-01-01T03:44:36Z
AMT,2006-08-22,25.79,25.92,25.44,25.64,3513651,35.27,35.45,34.79,35.06,2569100,2026-01-01T03:44:36Z
AMT,2006-08-23,25.95,26.09,25.5,25.85,1854952,35.49,35.68,34.87,35.35,1356300,2026-01-01T03:44:36Z
AMT,2006-08-24,25.92,26.07,25.54,26.01,2427585,35.45,35.66,34.93,35.57,1775000,2026-01-01T03:44:36Z
AMT,2006-08-25,25.96,26.09,25.8,25.85,2133955,35.5,35.68,35.28,35.35,1560300,2026-01-01T03:44:36Z
AMT,2006-08-28,26.12,26.15,25.87,25.98,2222166,35.73,35.76,35.38,35.53,1624800,2026-01-01T03:44:36Z
AMT,2006-08-29,26.13,26.32,25.78,26.12,3037017,35.74,36,35.26,35.73,2220600,2026-01-01T03:44:36Z
AMT,2006-08-30,26.2,26.26,25.96,26.03,2519770,35.83,35.91,35.5,35.6,1842400,2026-01-01T03:44:36Z
AMT,2006-08-31,26.22,26.41,26,26.32,2785373,35.86,36.12,35.56,36,2036600,2026-01-01T03:44:36Z
AMT,2006-09-01,26.12,26.31,26.08,26.22,1582103,35.72,35.98,35.67,35.86,1156800,2026-01-01T03:44:36Z
AMT,2006-09-05,26.07,26.18,25.85,26.12,2856076,35.66,35.81,35.35,35.72,2088300,2026-01-01T03:44:36Z
AMT,2006-09-06,25.88,26.32,25.57,26.07,3601173,35.39,35.99,34.97,35.66,2633100,2026-01-01T03:44:36Z
AMT,2006-09-07,25.64,25.88,25.46,25.81,3154225,35.06,35.4,34.82,35.3,2306300,2026-01-01T03:44:36Z
AMT,2006-09-08,25.69,26,25.6,25.74,1781234,35.14,35.56,35.01,35.2,1302400,2026-01-01T03:44:36Z
AMT,2006-09-11,26.15,26.25,25.59,25.59,1893521,35.76,35.9,35,35,1384500,2026-01-01T03:44:36Z
AMT,2006-09-12,26.36,26.56,26.19,26.43,4108980,36.05,36.32,35.82,36.15,3004400,2026-01-01T03:44:36Z
AMT,2006-09-13,26.56,26.79,26.37,26.49,3095825,36.33,36.64,36.06,36.23,2263600,2026-01-01T03:44:36Z
AMT,2006-09-14,26.78,26.78,26.32,26.43,2409951,36.63,36.63,36,36.14,1762100,2026-01-01T03:44:36Z
AMT,2006-09-15,26.84,26.93,26.5,26.87,5198742,36.71,36.83,36.25,36.75,3801200,2026-01-01T03:44:36Z
AMT,2006-09-18,26.6,27,26.49,26.95,2598542,36.38,36.92,36.23,36.86,1900000,2026-01-01T03:44:36Z
AMT,2006-09-19,26.13,26.61,25.66,26.58,3428030,35.74,36.39,35.1,36.35,2506500,2026-01-01T03:44:36Z
AMT,2006-09-20,26.29,26.67,26.25,26.32,2084448,35.95,36.47,35.9,36,1524100,2026-01-01T03:44:36Z
AMT,2006-09-21,26.53,26.8,26.23,26.32,5305145,36.28,36.65,35.88,36,3879000,2026-01-01T03:44:36Z
AMT,2006-09-22,26.51,26.69,26.35,26.53,2465336,36.25,36.5,36.04,36.28,1802600,2026-01-01T03:44:36Z
AMT,2006-09-25,26.71,26.94,26.27,26.69,2030971,36.53,36.85,35.93,36.5,1485000,2026-01-01T03:44:36Z
AMT,2006-09-26,26.53,26.87,26.3,26.6,2296298,36.29,36.75,35.97,36.38,1679000,2026-01-01T03:44:36Z
AMT,2006-09-27,26.31,26.79,26.23,26.61,2467797,35.98,36.64,35.88,36.4,1804400,2026-01-01T03:44:36Z
AMT,2006-09-28,26.61,26.8,26.25,26.39,2932251,36.39,36.65,35.9,36.1,2144000,2026-01-01T03:44:36Z
AMT,2006-09-29,26.69,26.93,26.39,26.69,2534129,36.5,36.83,36.1,36.5,1852900,2026-01-01T03:44:36Z
AMT,2006-10-02,26.18,26.61,25.75,26.61,3717970,35.81,36.4,35.21,36.4,2718500,2026-01-01T03:44:36Z
AMT,2006-10-03,26.23,26.4,25.99,26.21,2270306,35.88,36.11,35.54,35.85,1660000,2026-01-01T03:44:36Z
AMT,2006-10-04,26.51,26.69,26.2,26.4,2242546,36.26,36.5,35.84,36.11,1639700,2026-01-01T03:44:36Z
AMT,2006-10-05,26.83,27.08,26.11,26.5,3489168,36.7,37.04,35.71,36.25,2551200,2026-01-01T03:44:36Z
AMT,2006-10-06,26.88,27.35,26.82,27.08,4438591,36.76,37.4,36.68,37.03,3245400,2026-01-01T03:44:36Z
AMT,2006-10-09,27.19,27.4,26.83,26.84,2341426,37.18,37.47,36.7,36.71,1712000,2026-01-01T03:44:36Z
AMT,2006-10-10,27.33,27.49,26.97,27.18,2328847,37.38,37.6,36.88,37.18,1702800,2026-01-01T03:44:36Z
AMT,2006-10-11,27.43,27.55,27.24,27.33,2754322,37.52,37.68,37.25,37.38,2013900,2026-01-01T03:44:36Z
AMT,2006-10-12,27.62,27.7,27.3,27.43,3224249,37.78,37.88,37.34,37.52,2357500,2026-01-01T03:44:36Z
AMT,2006-10-13,27.73,27.74,27.49,27.62,8385773,37.92,37.94,37.6,37.78,6131500,2026-01-01T03:44:36Z
AMT,2006-10-16,27.81,27.81,27.53,27.78,3836823,38.04,38.04,37.65,37.99,2805400,2026-01-01T03:44:36Z
AMT,2006-10-17,27.4,27.79,27.16,27.79,1912943,37.47,38.01,37.15,38.01,1398700,2026-01-01T03:44:36Z
AMT,2006-10-18,27.19,27.54,26.94,27.49,2222851,37.18,37.66,36.85,37.6,1625300,2026-01-01T03:44:36Z
AMT,2006-10-19,27.19,27.31,26.94,27.05,2130535,37.19,37.35,36.85,37,1557800,2026-01-01T03:44:36Z
AMT,2006-10-20,27.38,27.46,27.16,27.18,1607133,37.45,37.55,37.15,37.17,1175100,2026-01-01T03:44:36Z
AMT,2006-10-23,26.79,27.46,26.74,27.35,2163492,36.64,37.56,36.57,37.4,1581900,2026-01-01T03:44:36Z
AMT,2006-10-24,26.29,26.79,26.14,26.61,3339275,35.95,36.64,35.75,36.4,2441600,2026-01-01T03:44:36Z
AMT,2006-10-25,26.1,26.57,26.1,26.32,3485191,35.7,36.34,35.69,36,2548300,2026-01-01T03:44:36Z
AMT,2006-10-26,27.16,27.56,26.07,26.1,5314020,37.15,37.69,35.66,35.7,3885500,2026-01-01T03:44:36Z
AMT,2006-10-27,26.95,27.13,26.74,27.05,2075829,36.86,37.11,36.57,37,1517800,2026-01-01T03:44:36Z
AMT,2006-10-30,26.27,27.36,26.19,27.35,4712126,35.93,37.42,35.82,37.4,3445400,2026-01-01T03:44:36Z
AMT,2006-10-31,26.34,26.55,25.98,26.36,2884116,36.02,36.31,35.53,36.05,2108800,2026-01-01T03:44:36Z
AMT,2006-11-01,26.32,26.67,26.07,26.59,2364814,36,36.48,35.66,36.36,1729100,2026-01-01T03:44:36Z
AMT,2006-11-02,27.09,27.13,26.26,26.32,4197890,37.05,37.1,35.91,36,3069400,2026-01-01T03:44:36Z
AMT,2006-11-03,27.07,27.27,26.65,27.27,2203294,37.02,37.3,36.45,37.3,1611000,2026-01-01T03:44:36Z
AMT,2006-11-06,27.34,27.51,27.09,27.09,1595646,37.39,37.62,37.05,37.05,1166700,2026-01-01T03:44:36Z
AMT,2006-11-07,27.51,27.67,26.88,27.02,2752956,37.62,37.84,36.76,36.95,2012900,2026-01-01T03:44:36Z
AMT,2006-11-08,27.27,27.52,27.16,27.43,3484380,37.29,37.64,37.15,37.52,2547700,2026-01-01T03:44:36Z
AMT,2006-11-09,27.02,27.83,26.85,27.53,4162056,36.96,38.06,36.72,37.65,3043200,2026-01-01T03:44:36Z
AMT,2006-11-10,26.37,27.05,26.21,27.02,6937839,36.06,37,35.85,36.96,5072800,2026-01-01T03:44:36Z
AMT,2006-11-13,26.5,26.61,26.35,26.39,4450214,36.24,36.39,36.04,36.09,3253900,2026-01-01T03:44:36Z
AMT,2006-11-14,26.72,26.76,26.35,26.54,4163425,36.54,36.6,36.04,36.3,3044200,2026-01-01T03:44:36Z
AMT,2006-11-15,27.62,27.7,26.69,26.86,4440916,37.78,37.88,36.5,36.74,3247100,2026-01-01T03:44:36Z
AMT,2006-11-16,27.57,27.98,27.51,27.93,4472647,37.7,38.26,37.62,38.2,3270300,2026-01-01T03:44:36Z
AMT,2006-11-17,27.51,27.68,27.19,27.57,3561515,37.62,37.86,37.19,37.7,2604100,2026-01-01T03:44:36Z
AMT,2006-11-20,27.49,27.73,27.35,27.51,3195390,37.6,37.93,37.41,37.62,2336400,2026-01-01T03:44:36Z
AMT,2006-11-21,27.98,27.99,27.6,27.65,2393806,38.27,38.28,37.75,37.82,1750300,2026-01-01T03:44:36Z
AMT,2006-11-22,27.79,28.15,27.78,27.91,1555433,38.01,38.5,37.99,38.17,1137300,2026-01-01T03:44:36Z
AMT,2006-11-24,27.81,27.96,27.47,27.61,585904,38.04,38.24,37.57,37.76,428400,2026-01-01T03:44:36Z
AMT,2006-11-27,27.35,27.68,26.86,27.53,3655602,37.4,37.85,36.74,37.65,2672900,2026-01-01T03:44:36Z
AMT,2006-11-28,27.02,27.17,26.9,27.16,2474093,36.96,37.16,36.79,37.15,1809000,2026-01-01T03:44:36Z
AMT,2006-11-29,27.95,28.33,27.71,27.79,6704942,38.23,38.74,37.9,38,4902500,2026-01-01T03:44:36Z
AMT,2006-11-30,27.69,28.18,27.38,28,8233429,37.87,38.54,37.45,38.3,6020100,2026-01-01T03:44:36Z
AMT,2006-12-01,27.53,28.03,27.24,27.86,2853199,37.65,38.33,37.25,38.1,2086200,2026-01-01T03:44:36Z
AMT,2006-12-04,27.57,27.65,27.38,27.53,3725496,37.7,37.81,37.45,37.65,2724000,2026-01-01T03:44:36Z
AMT,2006-12-05,27.31,27.6,27.21,27.51,3685969,37.35,37.75,37.22,37.62,2695100,2026-01-01T03:44:36Z
AMT,2006-12-06,27.59,27.78,27.33,27.49,3320800,37.74,37.99,37.38,37.6,2428100,2026-01-01T03:44:36Z
AMT,2006-12-07,27.32,27.93,27.24,27.67,2141614,37.37,38.2,37.25,37.84,1565900,2026-01-01T03:44:36Z
AMT,2006-12-08,27.13,27.35,27.02,27.34,2472723,37.11,37.4,36.95,37.39,1808000,2026-01-01T03:44:36Z
AMT,2006-12-11,27.57,27.77,27.06,27.3,3394661,37.71,37.98,37.01,37.33,2482100,2026-01-01T03:44:36Z
AMT,2006-12-12,26.9,27.55,26.86,27.47,3524044,36.79,37.68,36.73,37.57,2576700,2026-01-01T03:44:36Z
AMT,2006-12-13,26.58,27.16,26.43,27.09,5414417,36.35,37.14,36.15,37.05,3958900,2026-01-01T03:44:36Z
AMT,2006-12-14,26.48,26.78,26.36,26.48,3114559,36.22,36.62,36.05,36.22,2277300,2026-01-01T03:44:36Z
AMT,2006-12-15,26.94,27,26.48,26.53,5562532,36.85,36.93,36.22,36.29,4067200,2026-01-01T03:44:36Z
AMT,2006-12-18,26.94,27.27,26.79,26.98,3242576,36.85,37.3,36.64,36.9,2370900,2026-01-01T03:44:36Z
AMT,2006-12-19,27.24,27.48,26.8,27.05,4655771,37.25,37.58,36.65,37,3404200,2026-01-01T03:44:36Z
AMT,2006-12-20,27.04,28.01,26.97,27.35,3965376,36.98,38.31,36.89,37.4,2899400,2026-01-01T03:44:36Z
AMT,2006-12-21,26.74,27.21,26.62,27.02,2831045,36.57,37.22,36.41,36.96,2070000,2026-01-01T03:44:36Z
AMT,2006-12-22,26.44,26.89,26.43,26.8,2669801,36.16,36.77,36.14,36.65,1952100,2026-01-01T03:44:36Z
AMT,2006-12-26,26.45,26.58,26.32,26.44,2281525,36.18,36.35,35.99,36.16,1668200,2026-01-01T03:44:36Z
AMT,2006-12-27,26.59,26.66,26.32,26.45,2578719,36.37,36.46,35.99,36.18,1885500,2026-01-01T03:44:36Z
AMT,2006-12-28,27.03,27.05,26.43,26.5,3598583,36.97,37,36.15,36.25,2631200,2026-01-01T03:44:36Z
AMT,2006-12-29,27.26,27.38,26.95,26.98,3124275,37.28,37.44,36.86,36.9,2284400,2026-01-01T03:44:36Z
AMT,2007-01-03,27.78,28,27.21,27.3,7550682,38,38.3,37.21,37.34,5520900,2026-01-01T03:44:36Z
AMT,2007-01-04,27.68,27.93,27.55,27.84,5843307,37.85,38.2,37.68,38.08,4272500,2026-01-01T03:44:36Z
AMT,2007-01-05,27.43,27.9,27.12,27.68,4262026,37.52,38.16,37.09,37.86,3116300,2026-01-01T03:44:36Z
AMT,2007-01-08,28.22,28.33,26.78,27.44,3561644,38.59,38.75,36.63,37.53,2604200,2026-01-01T03:44:36Z
AMT,2007-01-09,28.63,28.88,28.22,28.52,7241059,39.15,39.5,38.59,39,5294500,2026-01-01T03:44:36Z
AMT,2007-01-10,28.74,28.81,28.47,28.63,4334103,39.31,39.4,38.94,39.15,3169000,2026-01-01T03:44:36Z
AMT,2007-01-11,28.84,28.95,28.52,28.74,3709900,39.45,39.6,39,39.31,2712600,2026-01-01T03:44:36Z
AMT,2007-01-12,29.09,29.25,28.73,28.73,5083846,39.79,40,39.3,39.3,3717200,2026-01-01T03:44:36Z
AMT,2007-01-16,29.06,29.23,28.84,29.1,3728233,39.75,39.97,39.45,39.8,2726000,2026-01-01T03:44:36Z
AMT,2007-01-17,28.98,29.25,28.93,29.06,3895220,39.64,40,39.57,39.75,2848100,2026-01-01T03:44:36Z
AMT,2007-01-18,29.04,29.43,28.82,28.98,5227450,39.71,40.25,39.41,39.64,3822200,2026-01-01T03:44:36Z
AMT,2007-01-19,29.25,29.48,28.97,28.98,3415312,40,40.32,39.62,39.64,2497200,2026-01-01T03:44:36Z
AMT,2007-01-22,29,29.42,28.87,29.39,2764444,39.66,40.24,39.48,40.2,2021300,2026-01-01T03:44:36Z
AMT,2007-01-23,29.3,29.36,28.82,28.85,3161337,40.07,40.15,39.41,39.46,2311500,2026-01-01T03:44:36Z
AMT,2007-01-24,29.35,29.52,29.14,29.25,2994481,40.14,40.37,39.85,40,2189500,2026-01-01T03:44:36Z
AMT,2007-01-25,29.25,29.58,29.1,29.42,3076954,40,40.46,39.8,40.24,2249800,2026-01-01T03:44:36Z
AMT,2007-01-26,29.26,29.39,29.04,29.25,2078019,40.02,40.19,39.71,40,1519400,2026-01-01T03:44:36Z
AMT,2007-01-29,28.91,29.41,28.73,29.17,2608801,39.54,40.22,39.3,39.9,1907500,2026-01-01T03:44:36Z
AMT,2007-01-30,29.09,29.23,28.95,29.01,2146533,39.78,39.97,39.6,39.68,1569500,2026-01-01T03:44:36Z
AMT,2007-01-31,29.12,29.24,28.87,29.01,2171292,39.83,39.99,39.48,39.68,1587600,2026-01-01T03:44:36Z
AMT,2007-02-01,29.26,29.42,29.1,29.24,3032781,40.02,40.24,39.8,39.99,2217500,2026-01-01T03:44:36Z
AMT,2007-02-02,29.2,29.36,28.97,29.26,1511946,39.94,40.15,39.62,40.02,1105500,2026-01-01T03:44:36Z
AMT,2007-02-05,29.28,29.36,29.05,29.14,2114667,40.04,40.16,39.73,39.85,1546200,2026-01-01T03:44:36Z
AMT,2007-02-06,29.32,29.36,29.16,29.25,7226977,40.1,40.16,39.88,40,5284200,2026-01-01T03:44:36Z
AMT,2007-02-07,29.36,29.61,29.23,29.47,2708095,40.15,40.5,39.98,40.3,1980100,2026-01-01T03:44:36Z
AMT,2007-02-08,29.36,29.58,29.34,29.52,5096296,40.15,40.45,40.13,40.38,3726300,2026-01-01T03:44:36Z
AMT,2007-02-09,29.19,29.61,28.97,29.5,3046182,39.92,40.5,39.62,40.35,2227300,2026-01-01T03:44:36Z
AMT,2007-02-12,28.88,29.24,28.77,29.19,2096071,39.5,39.99,39.35,39.92,1532600,2026-01-01T03:44:36Z
AMT,2007-02-13,28.92,29.23,28.86,28.88,5450380,39.55,39.98,39.47,39.5,3985200,2026-01-01T03:44:36Z
AMT,2007-02-14,28.95,29.27,28.88,28.91,4375549,39.6,40.03,39.5,39.54,3199300,2026-01-01T03:44:36Z
AMT,2007-02-15,29.37,29.64,29.01,29.14,4909067,40.17,40.53,39.67,39.85,3589400,2026-01-01T03:44:36Z
AMT,2007-02-16,29.48,29.58,29.25,29.46,3915462,40.32,40.45,40.01,40.29,2862900,2026-01-01T03:44:36Z
AMT,2007-02-20,29.86,30.2,29.75,29.96,5412773,40.84,41.31,40.69,40.97,3957700,2026-01-01T03:44:36Z
AMT,2007-02-21,29.69,29.93,29.46,29.72,3788957,40.6,40.93,40.29,40.65,2770400,2026-01-01T03:44:36Z
AMT,2007-02-22,29.52,30.09,29.37,29.69,3723166,40.38,41.15,40.17,40.6,2722300,2026-01-01T03:44:36Z
AMT,2007-02-23,29.43,29.71,29.38,29.59,2284670,40.25,40.64,40.18,40.47,1670500,2026-01-01T03:44:36Z
AMT,2007-02-26,29.57,29.71,29.25,29.32,2175533,40.44,40.63,40,40.1,1590700,2026-01-01T03:44:36Z
AMT,2007-02-27,28.41,29.26,27.95,28.99,6196841,38.85,40.02,38.22,39.65,4531000,2026-01-01T03:44:36Z
AMT,2007-02-28,28.31,28.74,27.87,28.74,4372261,38.72,39.31,38.12,39.31,3196900,2026-01-01T03:44:36Z
AMT,2007-03-01,28.05,28.22,27.51,27.9,4499176,38.36,38.59,37.63,38.16,3289700,2026-01-01T03:44:36Z
AMT,2007-03-02,27.62,27.95,27.51,27.79,3132068,37.77,38.22,37.63,38,2290100,2026-01-01T03:44:36Z
AMT,2007-03-05,27.19,27.65,27.13,27.24,5143617,37.18,37.81,37.1,37.25,3760900,2026-01-01T03:44:36Z
AMT,2007-03-06,27.78,27.87,26.91,26.91,3428298,38,38.12,36.8,36.8,2506700,2026-01-01T03:44:36Z
AMT,2007-03-07,27.65,27.95,27.6,27.77,2730119,37.81,38.22,37.75,37.98,1996200,2026-01-01T03:44:36Z
AMT,2007-03-08,27.77,28.03,27.69,27.75,4260391,37.98,38.33,37.87,37.95,3115100,2026-01-01T03:44:36Z
AMT,2007-03-09,27.66,28.22,27.51,28.14,3734653,37.83,38.59,37.62,38.49,2730700,2026-01-01T03:44:36Z
AMT,2007-03-12,28.23,28.36,27.51,27.64,4540204,38.61,38.78,37.63,37.8,3319700,2026-01-01T03:44:36Z
AMT,2007-03-13,27.54,28.32,27.46,28.03,2767586,37.67,38.73,37.55,38.33,2023600,2026-01-01T03:44:36Z
AMT,2007-03-14,27.51,27.7,27.18,27.48,3635505,37.62,37.89,37.17,37.58,2658200,2026-01-01T03:44:36Z
AMT,2007-03-15,27.43,27.7,27.24,27.51,2246238,37.52,37.88,37.26,37.63,1642400,2026-01-01T03:44:36Z
AMT,2007-03-16,27.46,27.62,27.3,27.35,2839120,37.55,37.77,37.34,37.4,2075900,2026-01-01T03:44:36Z
AMT,2007-03-19,27.66,27.79,27.53,27.53,3364839,37.83,38,37.65,37.65,2460300,2026-01-01T03:44:36Z
AMT,2007-03-20,27.82,27.98,27.01,27.58,2642450,38.05,38.27,36.94,37.72,1932100,2026-01-01T03:44:36Z
AMT,2007-03-21,28.67,28.76,27.95,27.96,5322368,39.21,39.33,38.23,38.24,3891600,2026-01-01T03:44:36Z
AMT,2007-03-22,28.74,28.87,28.52,28.67,3020879,39.31,39.49,39,39.21,2208800,2026-01-01T03:44:36Z
AMT,2007-03-23,29,29.14,28.68,28.79,3692263,39.66,39.86,39.22,39.37,2699700,2026-01-01T03:44:36Z
AMT,2007-03-26,28.95,29.11,28.6,29,4215533,39.6,39.81,39.11,39.66,3082300,2026-01-01T03:44:36Z
AMT,2007-03-27,28.52,28.88,28.4,28.84,2659137,39,39.5,38.84,39.45,1944300,2026-01-01T03:44:36Z
AMT,2007-03-28,28.06,29.3,28,29.17,3886194,38.37,40.07,38.3,39.89,2841500,2026-01-01T03:44:36Z
AMT,2007-03-29,28.2,28.52,27.86,28.32,2161856,38.57,39,38.11,38.73,1580700,2026-01-01T03:44:36Z
AMT,2007-03-30,28.48,28.52,27.98,28.39,2222166,38.95,39,38.26,38.83,1624800,2026-01-01T03:44:36Z
AMT,2007-04-02,28.51,28.53,27.66,27.83,2358798,38.99,39.02,37.83,38.06,1724700,2026-01-01T03:44:36Z
AMT,2007-04-03,28.68,28.88,28.53,28.54,1971613,39.23,39.5,39.02,39.03,1441600,2026-01-01T03:44:36Z
AMT,2007-04-04,28.59,28.85,28.43,28.68,1895294,39.1,39.46,38.88,39.23,1385800,2026-01-01T03:44:36Z
AMT,2007-04-05,28.74,28.84,28.56,28.6,2361804,39.3,39.45,39.06,39.11,1726900,2026-01-01T03:44:36Z
AMT,2007-04-09,28.76,29.06,28.69,28.75,1870134,39.33,39.75,39.24,39.32,1367400,2026-01-01T03:44:36Z
AMT,2007-04-10,28.84,28.99,28.7,28.76,3282508,39.45,39.65,39.25,39.33,2400100,2026-01-01T03:44:36Z
AMT,2007-04-11,28.87,29.09,28.65,28.88,2182095,39.48,39.79,39.18,39.5,1595500,2026-01-01T03:44:36Z
AMT,2007-04-12,28.85,28.98,28.72,28.88,2304225,39.46,39.63,39.28,39.5,1684800,2026-01-01T03:44:36Z
AMT,2007-04-13,28.91,29.06,28.82,28.84,1693430,39.54,39.75,39.41,39.45,1238200,2026-01-01T03:44:36Z
AMT,2007-04-16,28.88,29.17,28.86,28.98,2855531,39.5,39.9,39.47,39.64,2087900,2026-01-01T03:44:36Z
AMT,2007-04-17,29.07,29.16,28.82,28.9,2259780,39.76,39.88,39.41,39.52,1652300,2026-01-01T03:44:36Z
AMT,2007-04-18,29.12,29.21,28.88,28.93,2345258,39.83,39.95,39.5,39.57,1714800,2026-01-01T03:44:36Z
AMT,2007-04-19,28.88,29.11,28.78,29.05,1954929,39.5,39.81,39.36,39.73,1429400,2026-01-01T03:44:36Z
AMT,2007-04-20,28.67,29.1,28.59,28.97,3323266,39.21,39.8,39.1,39.62,2429900,2026-01-01T03:44:36Z
AMT,2007-04-23,28.37,28.87,28.16,28.63,3702792,38.8,39.48,38.52,39.15,2707400,2026-01-01T03:44:36Z
AMT,2007-04-24,28.59,28.66,28.31,28.32,3686101,39.1,39.19,38.72,38.73,2695200,2026-01-01T03:44:36Z
AMT,2007-04-25,28.57,28.84,28.48,28.63,3127011,39.07,39.45,38.95,39.15,2286400,2026-01-01T03:44:36Z
AMT,2007-04-26,28.21,28.66,28.14,28.53,2819291,38.58,39.19,38.48,39.02,2061400,2026-01-01T03:44:36Z
AMT,2007-04-27,28.25,28.35,27.94,28.02,2032201,38.64,38.77,38.21,38.32,1485900,2026-01-01T03:44:36Z
AMT,2007-04-30,27.78,28.25,27.76,28.25,2938815,38,38.64,37.96,38.64,2148800,2026-01-01T03:44:36Z
AMT,2007-05-01,27.78,28.08,27.52,27.8,3915867,38,38.41,37.64,38.02,2863200,2026-01-01T03:44:36Z
AMT,2007-05-02,28.26,28.37,27.73,28.08,3717156,38.65,38.8,37.92,38.41,2717900,2026-01-01T03:44:36Z
AMT,2007-05-03,27.89,28.31,27.83,28.19,3762835,38.14,38.72,38.06,38.55,2751300,2026-01-01T03:44:36Z
AMT,2007-05-04,28.08,28.16,27.9,27.97,2388478,38.41,38.51,38.16,38.25,1746400,2026-01-01T03:44:36Z
AMT,2007-05-07,28.52,29.09,28.41,29.01,5392812,39,39.79,38.86,39.68,3943100,2026-01-01T03:44:36Z
AMT,2007-05-08,28.98,29.3,28.56,28.81,6493219,39.64,40.07,39.06,39.4,4747700,2026-01-01T03:44:36Z
AMT,2007-05-09,28.81,29.2,28.67,28.99,5515623,39.4,39.94,39.21,39.65,4032900,2026-01-01T03:44:36Z
AMT,2007-05-10,28.33,28.95,28.22,28.7,7734378,38.74,39.6,38.6,39.25,5655200,2026-01-01T03:44:36Z
AMT,2007-05-11,29.12,29.17,28.26,28.32,4151659,39.83,39.89,38.65,38.73,3035600,2026-01-01T03:44:36Z
AMT,2007-05-14,29.73,29.88,29.11,29.12,8646867,40.66,40.87,39.81,39.82,6322400,2026-01-01T03:44:36Z
AMT,2007-05-15,29.5,30.04,29.5,29.74,4061120,40.34,41.08,40.34,40.68,2969400,2026-01-01T03:44:36Z
AMT,2007-05-16,29.79,30.37,29.47,30.15,3074216,40.74,41.54,40.3,41.23,2247800,2026-01-01T03:44:36Z
AMT,2007-05-17,29.72,29.89,29.64,29.78,3614986,40.65,40.88,40.54,40.73,2643200,2026-01-01T03:44:36Z
AMT,2007-05-18,30.2,30.23,29.51,29.73,3428025,41.31,41.35,40.36,40.66,2506500,2026-01-01T03:44:36Z
AMT,2007-05-21,30.23,30.45,30.11,30.2,4482765,41.34,41.65,41.18,41.31,3277700,2026-01-01T03:44:36Z
AMT,2007-05-22,30.26,30.39,29.98,30.16,4119386,41.38,41.57,41,41.25,3012000,2026-01-01T03:44:36Z
AMT,2007-05-23,30.5,30.9,30.28,30.44,3434326,41.72,42.26,41.41,41.63,2511100,2026-01-01T03:44:36Z
AMT,2007-05-24,30.25,31.03,30.22,30.53,4034042,41.37,42.44,41.33,41.75,2949600,2026-01-01T03:44:36Z
AMT,2007-05-25,30.61,30.77,30.32,30.38,2203568,41.87,42.09,41.46,41.55,1611200,2026-01-01T03:44:36Z
AMT,2007-05-29,30.92,30.99,30.58,30.68,5208584,42.29,42.38,41.82,41.96,3808400,2026-01-01T03:44:36Z
AMT,2007-05-30,31.34,31.44,30.65,30.75,4451034,42.86,43,41.92,42.06,3254500,2026-01-01T03:44:36Z
AMT,2007-05-31,31.57,31.88,31.38,31.43,2879049,43.18,43.6,42.91,42.99,2105100,2026-01-01T03:44:36Z
AMT,2007-06-01,31.4,31.7,31.34,31.59,3024297,42.95,43.36,42.86,43.21,2211300,2026-01-01T03:44:36Z
AMT,2007-06-04,31.32,32.05,31.19,32.05,2620561,42.83,43.84,42.66,43.84,1916100,2026-01-01T03:44:36Z
AMT,2007-06-05,31.35,31.96,31.1,31.87,2949076,42.87,43.71,42.54,43.59,2156300,2026-01-01T03:44:36Z
AMT,2007-06-06,30.82,31.15,30.61,31.13,3221508,42.15,42.6,41.87,42.58,2355500,2026-01-01T03:44:36Z
AMT,2007-06-07,30.16,30.62,30.02,30.62,3245310,41.25,41.88,41.05,41.88,2372900,2026-01-01T03:44:36Z
AMT,2007-06-08,30.43,30.55,29.48,29.54,2886440,41.62,41.78,40.32,40.4,2110500,2026-01-01T03:44:36Z
AMT,2007-06-11,30.65,30.82,30.32,30.32,2368505,41.92,42.15,41.46,41.46,1731800,2026-01-01T03:44:36Z
AMT,2007-06-12,30.88,31.18,30.42,30.47,4432169,42.23,42.65,41.6,41.67,3240700,2026-01-01T03:44:36Z
AMT,2007-06-13,31.03,31.37,30.72,31,2989695,42.44,42.9,42.01,42.4,2186000,2026-01-01T03:44:36Z
AMT,2007-06-14,31.08,31.35,30.38,30.38,3249273,42.5,42.88,41.55,41.55,2375800,2026-01-01T03:44:36Z
AMT,2007-06-15,31.39,31.6,31.21,31.21,3232999,42.93,43.22,42.68,42.68,2363900,2026-01-01T03:44:36Z
AMT,2007-06-18,31.32,31.45,30.99,31.08,3909302,42.83,43.02,42.38,42.51,2858400,2026-01-01T03:44:36Z
AMT,2007-06-19,31.54,31.81,31.33,31.37,3430355,43.13,43.5,42.85,42.9,2508200,2026-01-01T03:44:36Z
AMT,2007-06-20,30.58,31.55,30.57,31.51,2188110,41.82,43.15,41.81,43.09,1599900,2026-01-01T03:44:36Z
AMT,2007-06-21,30.5,30.56,30.18,30.34,3130157,41.71,41.79,41.28,41.5,2288700,2026-01-01T03:44:36Z
AMT,2007-06-22,30.31,30.67,30.23,30.37,2454124,41.45,41.95,41.35,41.54,1794400,2026-01-01T03:44:36Z
AMT,2007-06-25,29.98,30.59,29.94,30.33,2613864,41,41.84,40.95,41.48,1911200,2026-01-01T03:44:36Z
AMT,2007-06-26,29.71,30.3,29.6,30.16,4067130,40.63,41.44,40.48,41.25,2973800,2026-01-01T03:44:36Z
AMT,2007-06-27,30.49,30.64,29.43,29.54,4439688,41.7,41.9,40.25,40.4,3246200,2026-01-01T03:44:36Z
AMT,2007-06-28,30.56,30.91,30.5,30.84,3390559,41.79,42.27,41.72,42.18,2479100,2026-01-01T03:44:36Z
AMT,2007-06-29,30.71,30.77,30.41,30.5,4096673,42,42.09,41.59,41.72,2995400,2026-01-01T03:44:36Z
AMT,2007-07-02,31.54,31.57,30.87,31,3780749,43.13,43.18,42.22,42.39,2764400,2026-01-01T03:44:36Z
AMT,2007-07-03,31.31,31.63,31.27,31.54,1283820,42.82,43.26,42.76,43.13,938700,2026-01-01T03:44:36Z
AMT,2007-07-05,31.26,31.45,31.11,31.32,1760170,42.75,43.01,42.55,42.84,1287000,2026-01-01T03:44:36Z
AMT,2007-07-06,31.8,31.86,30.98,31.17,2625081,43.49,43.57,42.37,42.63,1919400,2026-01-01T03:44:36Z
AMT,2007-07-09,31.64,31.86,31.46,31.72,1800244,43.27,43.57,43.03,43.38,1316300,2026-01-01T03:44:36Z
AMT,2007-07-10,30.99,31.55,30.92,31.4,2857173,42.39,43.15,42.29,42.95,2089100,2026-01-01T03:44:36Z
AMT,2007-07-11,31.15,31.18,30.7,30.89,4688185,42.6,42.65,41.99,42.25,3427900,2026-01-01T03:44:36Z
AMT,2007-07-12,32.38,32.39,31.25,31.3,4054411,44.28,44.3,42.74,42.81,2964500,2026-01-01T03:44:36Z
AMT,2007-07-13,32.48,32.59,32.14,32.57,1724068,44.42,44.57,43.96,44.55,1260600,2026-01-01T03:44:36Z
AMT,2007-07-16,32.19,32.54,32.03,32.33,3321896,44.03,44.5,43.8,44.21,2428900,2026-01-01T03:44:36Z
AMT,2007-07-17,32,32.51,31.92,32.32,3170368,43.76,44.46,43.66,44.2,2318100,2026-01-01T03:44:36Z
AMT,2007-07-18,31.81,31.92,31.52,31.84,5784782,43.5,43.65,43.11,43.55,4229700,2026-01-01T03:44:36Z
AMT,2007-07-19,33.01,33.11,31.99,32.11,6018368,45.15,45.28,43.75,43.91,4400500,2026-01-01T03:44:36Z
AMT,2007-07-20,32.92,33.23,32.61,33.01,4649351,45.02,45.45,44.6,45.15,3399500,2026-01-01T03:44:36Z
AMT,2007-07-23,32.7,33.09,32.66,33.01,3883320,44.72,45.25,44.67,45.15,2839400,2026-01-01T03:44:36Z
AMT,2007-07-24,31.75,32.52,31.73,32.28,3622105,43.42,44.47,43.39,44.15,2648400,2026-01-01T03:44:36Z
AMT,2007-07-25,31.44,32.31,31.35,31.88,3185813,43,44.19,42.88,43.6,2329400,2026-01-01T03:44:36Z
AMT,2007-07-26,30.3,31.13,29.91,31.02,5186017,41.44,42.58,40.9,42.43,3791900,2026-01-01T03:44:36Z
AMT,2007-07-27,29.85,30.67,29.74,30.16,6952205,40.83,41.94,40.68,41.25,5083300,2026-01-01T03:44:36Z
AMT,2007-07-30,30.92,31.02,30.02,30.05,5817191,42.29,42.42,41.06,41.1,4253400,2026-01-01T03:44:36Z
AMT,2007-07-31,30.46,31.52,30.39,31.18,4605441,41.66,43.11,41.56,42.65,3367400,2026-01-01T03:44:36Z
AMT,2007-08-01,29.5,30.83,28.96,30.34,7250633,40.34,42.16,39.61,41.49,5301500,2026-01-01T03:44:36Z
AMT,2007-08-02,30.34,30.74,29.23,29.98,8953900,41.49,42.04,39.98,41,6546900,2026-01-01T03:44:36Z
AMT,2007-08-03,29.33,30.56,29.23,30.34,5946696,40.12,41.8,39.98,41.5,4348100,2026-01-01T03:44:36Z
AMT,2007-08-06,29.39,29.72,28.39,29.4,7101564,40.19,40.65,38.83,40.21,5192500,2026-01-01T03:44:36Z
AMT,2007-08-07,29.98,30.2,28.87,29.17,5818555,41,41.3,39.48,39.9,4254400,2026-01-01T03:44:36Z
AMT,2007-08-08,30.48,31.07,29.99,30.38,6366851,41.69,42.49,41.01,41.55,4655300,2026-01-01T03:44:36Z
AMT,2007-08-09,30.06,30.47,29.43,29.61,8388252,41.11,41.67,40.25,40.5,6133300,2026-01-01T03:44:36Z
AMT,2007-08-10,29.75,30,28.96,29.54,4617348,40.69,41.03,39.61,40.4,3376100,2026-01-01T03:44:36Z
AMT,2007-08-13,29.52,30.64,29.47,30.4,3935834,40.37,41.9,40.3,41.58,2877800,2026-01-01T03:44:36Z
AMT,2007-08-14,28.88,29.98,28.78,29.65,3947606,39.5,41,39.36,40.55,2886400,2026-01-01T03:44:36Z
AMT,2007-08-15,27.81,28.84,27.43,28.66,7973574,38.04,39.45,37.52,39.19,5830100,2026-01-01T03:44:36Z
AMT,2007-08-16,27.2,28,26.57,27.97,9088901,37.2,38.3,36.34,38.25,6645600,2026-01-01T03:44:36Z
AMT,2007-08-17,28.98,29.04,27.64,28.55,8898102,39.63,39.72,37.8,39.05,6506100,2026-01-01T03:44:36Z
AMT,2007-08-20,28.4,29.35,28.22,29.17,3445393,38.84,40.14,38.59,39.9,2519200,2026-01-01T03:44:36Z
AMT,2007-08-21,27.77,28.32,27.69,28.27,5446151,37.98,38.73,37.87,38.66,3982100,2026-01-01T03:44:36Z
AMT,2007-08-22,28.79,28.96,27.97,28.03,5315937,39.37,39.61,38.25,38.33,3886900,2026-01-01T03:44:36Z
AMT,2007-08-23,28.41,29.13,28.11,28.95,3546601,38.85,39.84,38.44,39.6,2593200,2026-01-01T03:44:36Z
AMT,2007-08-24,28.98,29.06,28.41,28.7,2175940,39.64,39.75,38.85,39.25,1591000,2026-01-01T03:44:36Z
AMT,2007-08-27,28.84,29,28.58,28.77,1571025,39.45,39.66,39.09,39.34,1148700,2026-01-01T03:44:36Z
AMT,2007-08-28,28.25,28.65,28.05,28.59,2986005,38.64,39.18,38.36,39.1,2183300,2026-01-01T03:44:36Z
AMT,2007-08-29,28.6,28.73,28.03,28.41,2930064,39.12,39.3,38.34,38.85,2142400,2026-01-01T03:44:36Z
AMT,2007-08-30,28.32,28.7,28.15,28.29,3804138,38.73,39.25,38.5,38.69,2781500,2026-01-01T03:44:36Z
AMT,2007-08-31,28.97,29.25,28.39,28.52,3830800,39.62,40,38.83,39.01,2801000,2026-01-01T03:44:36Z
AMT,2007-09-04,29.28,29.49,28.56,28.73,3524036,40.05,40.33,39.06,39.3,2576700,2026-01-01T03:44:36Z
AMT,2007-09-05,28.52,29.21,28.38,29.12,4557038,39.01,39.95,38.82,39.82,3332000,2026-01-01T03:44:36Z
AMT,2007-09-06,28.12,28.73,28.05,28.61,3547973,38.46,39.29,38.37,39.13,2594200,2026-01-01T03:44:36Z
AMT,2007-09-07,27.87,27.99,27.53,27.56,2412272,38.12,38.28,37.65,37.69,1763800,2026-01-01T03:44:36Z
AMT,2007-09-10,27.63,27.97,27.26,27.91,2735860,37.79,38.25,37.28,38.17,2000400,2026-01-01T03:44:36Z
AMT,2007-09-11,28.65,28.68,27.68,27.68,2749668,39.18,39.23,37.86,37.86,2010500,2026-01-01T03:44:36Z
AMT,2007-09-12,28.01,28.82,28,28.49,2747213,38.31,39.41,38.29,38.97,2008700,2026-01-01T03:44:36Z
AMT,2007-09-13,28.65,28.71,28.05,28.07,3160511,39.18,39.27,38.36,38.39,2310900,2026-01-01T03:44:36Z
AMT,2007-09-14,28.93,28.95,28.33,28.49,2757331,39.56,39.59,38.74,38.97,2016100,2026-01-01T03:44:36Z
AMT,2007-09-17,29.64,29.74,29.03,29.09,4201159,40.54,40.67,39.7,39.78,3071800,2026-01-01T03:44:36Z
AMT,2007-09-18,30.31,30.48,29.25,29.6,4580149,41.46,41.68,40,40.48,3348900,2026-01-01T03:44:36Z
AMT,2007-09-19,30.27,30.77,30.1,30.56,2918575,41.4,42.08,41.17,41.8,2134000,2026-01-01T03:44:36Z
AMT,2007-09-20,30.57,30.72,30.04,30.04,3736442,41.81,42.02,41.08,41.08,2732000,2026-01-01T03:44:36Z
AMT,2007-09-21,30.88,31.16,30.61,30.61,2610585,42.23,42.61,41.87,41.87,1908800,2026-01-01T03:44:36Z
AMT,2007-09-24,30.84,31.59,30.77,31,3721253,42.18,43.2,42.08,42.39,2720900,2026-01-01T03:44:36Z
AMT,2007-09-25,30.88,31.09,30.48,30.66,3388646,42.23,42.52,41.68,41.93,2477700,2026-01-01T03:44:36Z
AMT,2007-09-26,31.39,31.48,30.94,30.94,2338963,42.93,43.05,42.31,42.31,1710200,2026-01-01T03:44:36Z
AMT,2007-09-27,32.05,32.16,31.55,31.66,3764068,43.84,43.98,43.15,43.3,2752200,2026-01-01T03:44:36Z
AMT,2007-09-28,31.84,32.3,31.51,31.95,2498159,43.54,44.18,43.1,43.7,1826600,2026-01-01T03:44:36Z
AMT,2007-10-01,32.27,32.35,31.79,31.82,5244138,44.13,44.24,43.48,43.52,3834400,2026-01-01T03:44:36Z
AMT,2007-10-02,31.29,32.29,31.21,32.22,3547565,42.8,44.16,42.68,44.07,2593900,2026-01-01T03:44:36Z
AMT,2007-10-03,31.16,31.98,31.01,31.24,2568595,42.62,43.74,42.41,42.72,1878100,2026-01-01T03:44:36Z
AMT,2007-10-04,31.7,31.81,31,31.26,4142899,43.35,43.5,42.4,42.75,3029200,2026-01-01T03:44:36Z
AMT,2007-10-05,31.26,32.17,31.1,31.91,3442932,42.75,44,42.53,43.64,2517400,2026-01-01T03:44:36Z
AMT,2007-10-08,31,31.24,30.7,31.09,2167464,42.4,42.73,41.99,42.52,1584800,2026-01-01T03:44:36Z
AMT,2007-10-09,31.29,31.29,30.84,31.15,1921283,42.79,42.79,42.18,42.6,1404800,2026-01-01T03:44:36Z
AMT,2007-10-10,31.18,31.4,31.03,31.27,1585935,42.64,42.95,42.44,42.76,1159600,2026-01-01T03:44:36Z
AMT,2007-10-11,31.78,32.02,31.24,31.24,3905616,43.47,43.79,42.72,42.73,2855700,2026-01-01T03:44:36Z
AMT,2007-10-12,31.93,32.13,31.63,32.03,2249660,43.67,43.94,43.26,43.8,1644900,2026-01-01T03:44:36Z
AMT,2007-10-15,31.48,32.09,31.23,31.86,1944397,43.05,43.89,42.71,43.57,1421700,2026-01-01T03:44:36Z
AMT,2007-10-16,31.12,31.66,30.83,31.37,2488726,42.56,43.3,42.17,42.9,1819700,2026-01-01T03:44:36Z
AMT,2007-10-17,31.22,31.37,30.79,31.15,2883292,42.7,42.9,42.11,42.6,2108200,2026-01-01T03:44:36Z
AMT,2007-10-18,31.24,31.32,30.89,31.04,3033463,42.72,42.84,42.25,42.45,2218000,2026-01-01T03:44:36Z
AMT,2007-10-19,30.55,31.43,30.35,31.25,3114838,41.78,42.98,41.51,42.74,2277500,2026-01-01T03:44:36Z
AMT,2007-10-22,30.99,31.07,30.23,30.23,2145033,42.38,42.5,41.35,41.35,1568400,2026-01-01T03:44:36Z
AMT,2007-10-23,31.62,31.76,31.07,31.07,2333497,43.24,43.44,42.5,42.5,1706200,2026-01-01T03:44:36Z
AMT,2007-10-24,31.71,31.71,30.95,31.62,2572423,43.37,43.37,42.33,43.24,1880900,2026-01-01T03:44:36Z
AMT,2007-10-25,32.63,32.67,31.62,31.9,4657549,44.63,44.68,43.25,43.63,3405500,2026-01-01T03:44:36Z
AMT,2007-10-26,33.11,33.36,32.73,32.73,5232384,45.28,45.63,44.77,44.77,3825800,2026-01-01T03:44:36Z
AMT,2007-10-29,33.88,34.02,33.04,33.04,5462006,46.34,46.53,45.19,45.19,3993700,2026-01-01T03:44:36Z
AMT,2007-10-30,32.87,33.78,32.82,33.72,3576152,44.95,46.2,44.89,46.12,2614800,2026-01-01T03:44:36Z
AMT,2007-10-31,32.3,32.65,31.84,32.65,5423721,44.18,44.65,43.55,44.65,3965700,2026-01-01T03:44:36Z
AMT,2007-11-01,32.1,32.49,30.85,32.02,4405769,43.9,44.43,42.19,43.79,3221400,2026-01-01T03:44:36Z
AMT,2007-11-02,33.08,33.2,31.81,33.2,3319027,45.24,45.4,43.5,45.4,2426800,2026-01-01T03:44:36Z
AMT,2007-11-05,33.03,33.41,32.63,32.94,2275781,45.18,45.7,44.63,45.05,1664000,2026-01-01T03:44:36Z
AMT,2007-11-06,33.54,33.67,32.67,33.09,3169682,45.87,46.05,44.68,45.25,2317600,2026-01-01T03:44:36Z
AMT,2007-11-07,32.27,33.21,31.89,32.68,5333172,44.13,45.42,43.61,44.69,3899500,2026-01-01T03:44:36Z
AMT,2007-11-08,31.58,32.35,30.97,32.22,4758345,43.19,44.25,42.36,44.06,3479200,2026-01-01T03:44:36Z
AMT,2007-11-09,30.89,32.17,30.66,32.17,14769982,42.24,44,41.93,44,10799500,2026-01-01T03:44:36Z
AMT,2007-11-12,30.8,31.48,30.34,30.83,6901745,42.13,43.06,41.5,42.17,5046400,2026-01-01T03:44:36Z
AMT,2007-11-13,31.19,31.65,31,31.04,10428395,42.66,43.29,42.4,42.45,7625000,2026-01-01T03:44:36Z
AMT,2007-11-14,31.76,31.96,31.11,31.4,6689334,43.43,43.71,42.55,42.95,4891100,2026-01-01T03:44:36Z
AMT,2007-11-15,32.35,32.53,31.29,31.8,8726200,44.25,44.49,42.8,43.49,6380400,2026-01-01T03:44:36Z
AMT,2007-11-16,32.9,33.34,32.4,32.42,90174648,45,45.6,44.31,44.34,65933700,2026-01-01T03:44:36Z
AMT,2007-11-19,32.8,33.21,32.55,32.89,9083848,44.86,45.42,44.52,44.98,6641900,2026-01-01T03:44:36Z
AMT,2007-11-20,32.19,33.17,31.7,32.54,12613877,44.03,45.37,43.35,44.5,9223000,2026-01-01T03:44:36Z
AMT,2007-11-21,31.88,32.19,31.52,31.86,5920302,43.6,44.03,43.11,43.58,4328800,2026-01-01T03:44:36Z
AMT,2007-11-23,32.27,32.54,31.98,32.03,1651033,44.13,44.5,43.74,43.8,1207200,2026-01-01T03:44:36Z
AMT,2007-11-26,32.06,32.88,32,32.33,4267764,43.85,44.97,43.77,44.22,3120500,2026-01-01T03:44:36Z
AMT,2007-11-27,32.14,32.38,31.77,32.17,6047361,43.96,44.28,43.45,44,4421700,2026-01-01T03:44:36Z
AMT,2007-11-28,32.63,32.97,32.22,32.32,6482137,44.63,45.09,44.06,44.2,4739600,2026-01-01T03:44:36Z
AMT,2007-11-29,33.3,33.5,32.35,32.46,7940075,45.54,45.82,44.25,44.4,5805600,2026-01-01T03:44:36Z
AMT,2007-11-30,33.3,33.78,32.94,33.6,3581622,45.54,46.2,45.05,45.95,2618800,2026-01-01T03:44:36Z
AMT,2007-12-03,32.84,33.36,32.72,33.06,4721423,44.92,45.62,44.75,45.22,3452200,2026-01-01T03:44:36Z
AMT,2007-12-04,31.04,32.46,30.97,32.46,8296203,42.45,44.39,42.36,44.39,6066000,2026-01-01T03:44:36Z
AMT,2007-12-05,31.32,31.66,30.53,30.79,5820051,42.83,43.3,41.76,42.11,4255500,2026-01-01T03:44:36Z
AMT,2007-12-06,30.82,31.5,30.5,31.3,6003727,42.15,43.08,41.72,42.81,4389800,2026-01-01T03:44:36Z
AMT,2007-12-07,31.21,31.51,30.53,30.82,8594754,42.68,43.1,41.75,42.15,6284300,2026-01-01T03:44:36Z
AMT,2007-12-10,31.6,31.79,31.35,31.35,2874677,43.22,43.48,42.88,42.88,2101900,2026-01-01T03:44:36Z
AMT,2007-12-11,31.02,31.78,30.97,31.7,3833125,42.42,43.47,42.36,43.35,2802700,2026-01-01T03:44:36Z
AMT,2007-12-12,30.64,31.65,30.17,31.65,5929327,41.9,43.29,41.26,43.29,4335400,2026-01-01T03:44:36Z
AMT,2007-12-13,29.93,30.59,29.5,30.34,6122317,40.94,41.83,40.34,41.5,4476500,2026-01-01T03:44:36Z
AMT,2007-12-14,29.87,30.02,29.39,29.81,6369725,40.85,41.05,40.19,40.77,4657400,2026-01-01T03:44:36Z
AMT,2007-12-17,29.36,30.05,29.31,29.68,5693141,40.15,41.1,40.08,40.59,4162700,2026-01-01T03:44:36Z
AMT,2007-12-18,29.98,30.23,29.31,29.66,5545024,41,41.35,40.08,40.56,4054400,2026-01-01T03:44:36Z
AMT,2007-12-19,30.39,30.64,29.94,30.17,3588314,41.56,41.91,40.95,41.26,2623700,2026-01-01T03:44:36Z
AMT,2007-12-20,30.4,30.66,29.96,30.65,2617827,41.57,41.93,40.98,41.92,1914100,2026-01-01T03:44:36Z
AMT,2007-12-21,30.84,31.08,30.42,30.7,4409868,42.18,42.51,41.6,41.98,3224400,2026-01-01T03:44:36Z
AMT,2007-12-24,31.09,31.2,30.77,30.77,854511,42.52,42.67,42.08,42.08,624800,2026-01-01T03:44:36Z
AMT,2007-12-26,31.36,31.61,30.96,31.24,1828557,42.89,43.23,42.35,42.73,1337000,2026-01-01T03:44:36Z
AMT,2007-12-27,30.99,31.57,30.78,31.49,2146127,42.38,43.17,42.1,43.07,1569200,2026-01-01T03:44:36Z
AMT,2007-12-28,31.02,31.35,30.75,31.35,1376954,42.42,42.88,42.05,42.88,1006800,2026-01-01T03:44:36Z
AMT,2007-12-31,31.15,31.24,30.68,30.89,2147629,42.6,42.72,41.96,42.25,1570300,2026-01-01T03:44:36Z
AMT,2008-01-02,30.15,31.24,30.02,31.07,4301002,41.24,42.72,41.05,42.49,3144800,2026-01-01T03:44:36Z
AMT,2008-01-03,29.58,30.16,29.22,30.05,6333333,40.46,41.25,39.96,41.1,4630800,2026-01-01T03:44:36Z
AMT,2008-01-04,28.79,29.4,28.59,29.25,6500193,39.38,40.21,39.1,40,4752800,2026-01-01T03:44:36Z
AMT,2008-01-07,28.63,29.06,27.8,28.83,4736195,39.15,39.75,38.02,39.43,3463000,2026-01-01T03:44:36Z
AMT,2008-01-08,27.78,29.23,27.71,28.83,4481666,38,39.97,37.9,39.43,3276900,2026-01-01T03:44:36Z
AMT,2008-01-09,28.15,28.15,27.29,27.82,5180261,38.5,38.5,37.32,38.05,3787700,2026-01-01T03:44:36Z
AMT,2008-01-10,28.76,29.01,27.85,27.91,4195836,39.33,39.67,38.09,38.17,3067900,2026-01-01T03:44:36Z
AMT,2008-01-11,28.54,29.33,28.25,28.77,4935592,39.03,40.11,38.64,39.34,3608800,2026-01-01T03:44:36Z
AMT,2008-01-14,29.23,29.3,28.6,28.82,4295805,39.97,40.07,39.11,39.41,3141000,2026-01-01T03:44:36Z
AMT,2008-01-15,28.56,29.39,28.3,28.92,6153771,39.06,40.2,38.7,39.55,4499500,2026-01-01T03:44:36Z
AMT,2008-01-16,28.05,28.82,27.99,28.34,5945471,38.36,39.41,38.28,38.76,4347200,2026-01-01T03:44:36Z
AMT,2008-01-17,28.04,28.63,27.82,28.19,14357366,38.35,39.15,38.05,38.55,10497800,2026-01-01T03:44:36Z
AMT,2008-01-18,26.79,28.33,25.42,28.24,16810246,36.64,38.74,34.76,38.62,12291300,2026-01-01T03:44:36Z
AMT,2008-01-22,26.26,26.43,23.47,25.45,10082771,35.91,36.15,32.1,34.8,7372300,2026-01-01T03:44:36Z
AMT,2008-01-23,26.26,26.3,23.7,25.45,17637163,35.92,35.97,32.41,34.8,12895900,2026-01-01T03:44:36Z
AMT,2008-01-24,27.78,27.95,26.21,26.25,8141235,38,38.23,35.85,35.9,5952700,2026-01-01T03:44:36Z
AMT,2008-01-25,26.45,28.16,26.39,28,7445388,36.18,38.51,36.1,38.29,5443900,2026-01-01T03:44:36Z
AMT,2008-01-28,27,27.05,26.32,26.55,5315119,36.92,36.99,36,36.31,3886300,2026-01-01T03:44:36Z
AMT,2008-01-29,28.38,28.73,27.11,27.13,7426103,38.81,39.29,37.07,37.11,5429800,2026-01-01T03:44:36Z
AMT,2008-01-30,27.56,28.88,27.42,28.32,7438954,37.69,39.5,37.5,38.73,5439200,2026-01-01T03:44:36Z
AMT,2008-01-31,27.37,27.68,26.7,27.18,10119694,37.43,37.85,36.52,37.18,7399300,2026-01-01T03:44:36Z
AMT,2008-02-01,28.26,28.36,26.97,27.34,5363132,38.65,38.78,36.88,37.39,3921400,2026-01-01T03:44:36Z
AMT,2008-02-04,28.19,28.41,27.92,28.26,5305962,38.56,38.85,38.19,38.65,3879600,2026-01-01T03:44:36Z
AMT,2008-02-05,27.02,28.19,27.02,27.85,5309109,36.95,38.56,36.95,38.09,3881900,2026-01-01T03:44:36Z
AMT,2008-02-06,27.59,28.43,27.43,27.46,7794123,37.74,38.88,37.52,37.55,5698900,2026-01-01T03:44:36Z
AMT,2008-02-07,27.13,27.59,26.56,27.49,5669894,37.11,37.73,36.33,37.6,4145700,2026-01-01T03:44:36Z
AMT,2008-02-08,27.5,27.92,26.92,26.94,3757088,37.61,38.19,36.82,36.85,2747100,2026-01-01T03:44:36Z
AMT,2008-02-11,28.28,28.38,27.39,27.72,5184504,38.68,38.82,37.46,37.91,3790800,2026-01-01T03:44:36Z
AMT,2008-02-12,28.74,29.01,28.19,28.41,4690651,39.31,39.67,38.56,38.85,3429700,2026-01-01T03:44:36Z
AMT,2008-02-13,29.11,29.31,28.26,29.21,3689114,39.81,40.09,38.65,39.95,2697400,2026-01-01T03:44:36Z
AMT,2008-02-14,28.4,29.09,28.25,28.96,3649173,38.84,39.79,38.64,39.61,2668200,2026-01-01T03:44:36Z
AMT,2008-02-15,28.47,28.53,27.94,28.24,2580901,38.94,39.02,38.21,38.62,1887100,2026-01-01T03:44:36Z
AMT,2008-02-19,28.62,29.03,28.46,28.86,4280217,39.14,39.7,38.93,39.47,3129600,2026-01-01T03:44:36Z
AMT,2008-02-20,28.87,29.09,28.23,28.37,4405357,39.48,39.78,38.61,38.8,3221100,2026-01-01T03:44:36Z
AMT,2008-02-21,28.46,29.06,28.37,28.91,3016087,38.93,39.75,38.8,39.54,2205300,2026-01-01T03:44:36Z
AMT,2008-02-22,29.1,29.38,28.15,28.63,6440562,39.8,40.18,38.5,39.16,4709200,2026-01-01T03:44:36Z
AMT,2008-02-25,29.36,29.68,28.8,29.47,4310304,40.15,40.59,39.39,40.3,3151600,2026-01-01T03:44:36Z
AMT,2008-02-26,30.05,30.39,28.89,29.17,5170563,41.1,41.56,39.51,39.89,3780600,2026-01-01T03:44:36Z
AMT,2008-02-27,29.52,30.13,29.34,29.8,3343777,40.37,41.21,40.13,40.76,2444900,2026-01-01T03:44:36Z
AMT,2008-02-28,29.67,29.97,29.34,29.47,3753122,40.58,40.99,40.12,40.3,2744200,2026-01-01T03:44:36Z
AMT,2008-02-29,28.11,29.41,27.84,29.4,7873453,38.44,40.23,38.08,40.21,5756900,2026-01-01T03:44:36Z
AMT,2008-03-03,27.83,28.14,27.57,28.08,4815659,38.06,38.49,37.71,38.41,3521100,2026-01-01T03:44:36Z
AMT,2008-03-04,27.52,27.71,26.97,27.54,6625755,37.64,37.9,36.88,37.66,4844600,2026-01-01T03:44:36Z
AMT,2008-03-05,27.8,28.14,27.41,27.52,5501530,38.02,38.48,37.49,37.64,4022600,2026-01-01T03:44:36Z
AMT,2008-03-06,27.19,27.79,27.16,27.77,3401770,37.18,38,37.14,37.98,2487300,2026-01-01T03:44:36Z
AMT,2008-03-07,26.9,27.47,26.44,26.91,4165065,36.79,37.57,36.16,36.81,3045400,2026-01-01T03:44:36Z
AMT,2008-03-10,25.96,26.85,25.92,26.85,4445569,35.5,36.72,35.45,36.72,3250500,2026-01-01T03:44:36Z
AMT,2008-03-11,26.94,26.98,25.94,26.49,5331122,36.84,36.9,35.48,36.23,3898000,2026-01-01T03:44:36Z
AMT,2008-03-12,26.59,27.16,26.52,27.05,3165990,36.36,37.14,36.27,36.99,2314900,2026-01-01T03:44:36Z
AMT,2008-03-13,27.28,27.68,26.02,26.27,6623981,37.31,37.85,35.58,35.93,4843300,2026-01-01T03:44:36Z
AMT,2008-03-14,27.34,27.53,26.7,27.37,7019916,37.39,37.65,36.52,37.43,5132800,2026-01-01T03:44:36Z
AMT,2008-03-17,27.57,27.74,26.71,26.8,8546486,37.7,37.94,36.53,36.66,6249000,2026-01-01T03:44:36Z
AMT,2008-03-18,28.67,28.75,27.57,28.08,8075321,39.21,39.32,37.7,38.41,5904500,2026-01-01T03:44:36Z
AMT,2008-03-19,28.49,29.25,28.47,28.86,6959046,38.97,40.01,38.94,39.47,5088300,2026-01-01T03:44:36Z
AMT,2008-03-20,28.63,28.96,28.22,28.46,6201503,39.15,39.61,38.59,38.92,4534400,2026-01-01T03:44:36Z
AMT,2008-03-24,29.29,29.76,28.52,28.63,5751265,40.06,40.7,39,39.15,4205200,2026-01-01T03:44:36Z
AMT,2008-03-25,29.23,29.39,28.74,29.25,4779820,39.98,40.19,39.31,40,3494900,2026-01-01T03:44:36Z
AMT,2008-03-26,29.64,30.02,28.93,29.02,4299904,40.54,41.05,39.56,39.69,3144000,2026-01-01T03:44:36Z
AMT,2008-03-27,29.61,30.2,29.41,29.52,4184069,40.49,41.3,40.23,40.37,3059300,2026-01-01T03:44:36Z
AMT,2008-03-28,28.47,29.72,28.28,29.61,5750577,38.94,40.65,38.68,40.49,4204700,2026-01-01T03:44:36Z
AMT,2008-03-31,28.67,28.82,28.02,28.65,5538594,39.21,39.42,38.32,39.18,4049700,2026-01-01T03:44:36Z
AMT,2008-04-01,29.22,29.41,28.54,28.87,4578908,39.96,40.22,39.03,39.48,3348000,2026-01-01T03:44:36Z
AMT,2008-04-02,29.49,29.88,29.28,29.44,4338206,40.33,40.87,40.04,40.26,3172000,2026-01-01T03:44:36Z
AMT,2008-04-03,29.99,30.42,29.22,29.39,5074142,41.01,41.61,39.96,40.19,3710100,2026-01-01T03:44:36Z
AMT,2008-04-04,29.73,30.06,29.59,29.98,3116477,40.66,41.11,40.47,41,2278700,2026-01-01T03:44:36Z
AMT,2008-04-07,29.27,29.98,29.03,29.79,5343560,40.03,41,39.7,40.74,3907100,2026-01-01T03:44:36Z
AMT,2008-04-08,29.63,29.65,29.04,29.12,4441195,40.53,40.55,39.72,39.83,3247300,2026-01-01T03:44:36Z
AMT,2008-04-09,28.98,29.77,28.71,29.52,3514874,39.63,40.71,39.27,40.37,2570000,2026-01-01T03:44:36Z
AMT,2008-04-10,28.87,29.24,28.49,29.24,4526258,39.48,39.99,38.96,39.99,3309500,2026-01-01T03:44:36Z
AMT,2008-04-11,28.47,28.8,28.33,28.58,4920274,38.94,39.39,38.74,39.09,3597600,2026-01-01T03:44:36Z
AMT,2008-04-14,28.52,28.96,28.22,28.36,2803699,39,39.61,38.6,38.78,2050000,2026-01-01T03:44:36Z
AMT,2008-04-15,28.41,28.8,28.17,28.65,3529780,38.86,39.39,38.53,39.18,2580900,2026-01-01T03:44:36Z
AMT,2008-04-16,29.25,29.3,28.6,28.75,4374589,40.01,40.07,39.12,39.32,3198600,2026-01-01T03:44:36Z
AMT,2008-04-17,29.14,29.54,28.87,29.22,2573932,39.85,40.4,39.48,39.96,1882000,2026-01-01T03:44:36Z
AMT,2008-04-18,29.97,30.31,29.47,29.47,6900368,40.99,41.45,40.31,40.31,5045400,2026-01-01T03:44:36Z
AMT,2008-04-21,30.52,30.6,29.75,29.86,2988325,41.74,41.85,40.69,40.84,2185000,2026-01-01T03:44:36Z
AMT,2008-04-22,30.13,30.53,29.87,30.53,3293320,41.21,41.75,40.85,41.75,2408000,2026-01-01T03:44:36Z
AMT,2008-04-23,31.21,31.41,30.29,30.35,6657199,42.69,42.96,41.43,41.51,4867600,2026-01-01T03:44:36Z
AMT,2008-04-24,31.78,32.03,30.74,31.45,7102239,43.47,43.81,42.04,43.01,5193000,2026-01-01T03:44:36Z
AMT,2008-04-25,31.86,31.94,31.07,31.75,4923841,43.58,43.68,42.5,43.42,3600200,2026-01-01T03:44:36Z
AMT,2008-04-28,31.73,32.11,31.48,31.76,6123137,43.4,43.92,43.05,43.44,4477100,2026-01-01T03:44:36Z
AMT,2008-04-29,31.49,31.71,31.24,31.65,4553616,43.07,43.37,42.72,43.29,3329500,2026-01-01T03:44:36Z
AMT,2008-04-30,31.75,32.24,31.5,31.5,5317044,43.42,44.1,43.08,43.08,3887700,2026-01-01T03:44:36Z
AMT,2008-05-01,31.92,32.68,31.54,31.76,6535213,43.66,44.69,43.14,43.44,4778400,2026-01-01T03:44:36Z
AMT,2008-05-02,32.36,32.87,32.02,32.17,8039228,44.26,44.96,43.79,44,5878100,2026-01-01T03:44:36Z
AMT,2008-05-05,31.62,32.19,31.32,32.19,5061565,43.25,44.03,42.84,44.03,3700900,2026-01-01T03:44:36Z
AMT,2008-05-06,32.16,32.22,31.37,31.4,4080539,43.98,44.06,42.9,42.94,2983600,2026-01-01T03:44:36Z
AMT,2008-05-07,32.15,33.38,31.9,32.38,11269348,43.97,45.65,43.63,44.29,8239900,2026-01-01T03:44:36Z
AMT,2008-05-08,32.16,32.49,31.92,32.47,3239158,43.99,44.43,43.66,44.41,2368400,2026-01-01T03:44:36Z
AMT,2008-05-09,31.97,32.11,31.64,31.69,2564355,43.72,43.92,43.28,43.34,1875000,2026-01-01T03:44:36Z
AMT,2008-05-12,32.54,32.55,31.86,31.86,4232487,44.5,44.52,43.57,43.57,3094700,2026-01-01T03:44:36Z
AMT,2008-05-13,32.76,32.86,32.38,32.63,4126080,44.81,44.94,44.28,44.63,3016900,2026-01-01T03:44:36Z
AMT,2008-05-14,33.18,33.4,32.76,32.84,4300999,45.38,45.68,44.81,44.92,3144800,2026-01-01T03:44:36Z
AMT,2008-05-15,33.36,33.43,32.79,33.06,3284703,45.62,45.72,44.84,45.21,2401700,2026-01-01T03:44:36Z
AMT,2008-05-16,33.33,33.52,32.96,33.43,3118255,45.58,45.85,45.08,45.72,2280000,2026-01-01T03:44:36Z
AMT,2008-05-19,33.31,33.71,33.09,33.41,4254225,45.55,46.1,45.25,45.69,3110600,2026-01-01T03:44:36Z
AMT,2008-05-20,32.87,33.25,32.6,33.03,3459208,44.96,45.47,44.59,45.18,2529300,2026-01-01T03:44:36Z
AMT,2008-05-21,31.98,33.05,31.78,32.9,5009591,43.74,45.2,43.46,44.99,3662900,2026-01-01T03:44:36Z
AMT,2008-05-22,31.97,32.33,31.8,31.98,3886880,43.73,44.21,43.49,43.74,2842000,2026-01-01T03:44:36Z
AMT,2008-05-23,31.81,31.95,31.59,31.76,2083216,43.5,43.69,43.21,43.44,1523200,2026-01-01T03:44:36Z
AMT,2008-05-27,32.41,32.52,31.81,31.86,3202777,44.32,44.47,43.5,43.57,2341800,2026-01-01T03:44:36Z
AMT,2008-05-28,32.81,32.89,32.35,32.47,3183215,44.87,44.98,44.25,44.41,2327500,2026-01-01T03:44:36Z
AMT,2008-05-29,33.03,33.3,32.78,32.83,2946890,45.18,45.54,44.83,44.9,2154700,2026-01-01T03:44:36Z
AMT,2008-05-30,33.43,33.63,33.16,33.33,4074515,45.72,46,45.35,45.58,2979200,2026-01-01T03:44:36Z
AMT,2008-06-02,32.82,33.6,32.68,33.6,5493185,44.88,45.95,44.69,45.95,4016500,2026-01-01T03:44:36Z
AMT,2008-06-03,32.63,33.21,32.22,33.05,4810451,44.62,45.42,44.07,45.2,3517300,2026-01-01T03:44:36Z
AMT,2008-06-04,31.8,32.57,31.41,31.78,6319260,43.49,44.55,42.96,43.47,4620500,2026-01-01T03:44:36Z
AMT,2008-06-05,32.22,32.22,31.05,31.97,5203248,44.06,44.07,42.46,43.73,3804500,2026-01-01T03:44:36Z
AMT,2008-06-06,30.57,31.57,30.52,31.57,9027776,41.81,43.18,41.74,43.18,6600900,2026-01-01T03:44:36Z
AMT,2008-06-09,31.29,31.4,30.46,30.58,6133528,42.79,42.94,41.66,41.82,4484700,2026-01-01T03:44:36Z
AMT,2008-06-10,31.65,32.37,30.78,30.89,8114301,43.29,44.27,42.1,42.25,5933000,2026-01-01T03:44:36Z
AMT,2008-06-11,30.88,31.74,30.77,31.39,4749192,42.23,43.41,42.08,42.93,3472500,2026-01-01T03:44:36Z
AMT,2008-06-12,30.97,31.57,30.75,31,4409186,42.36,43.18,42.06,42.4,3223900,2026-01-01T03:44:36Z
AMT,2008-06-13,31.59,31.73,30.97,31,9156727,43.2,43.4,42.36,42.4,6695200,2026-01-01T03:44:36Z
AMT,2008-06-16,32.22,32.38,31.11,31.27,4614336,44.07,44.29,42.55,42.76,3373900,2026-01-01T03:44:36Z
AMT,2008-06-17,32.54,32.79,32.23,32.39,3613077,44.51,44.84,44.08,44.3,2641800,2026-01-01T03:44:36Z
AMT,2008-06-18,32.22,32.48,31.98,32.37,2987098,44.06,44.42,43.74,44.27,2184100,2026-01-01T03:44:36Z
AMT,2008-06-19,32.35,32.54,32,32.24,3722215,44.25,44.5,43.76,44.09,2721600,2026-01-01T03:44:36Z
AMT,2008-06-20,31.66,32.27,31.42,32.05,4553475,43.3,44.14,42.97,43.83,3329400,2026-01-01T03:44:36Z
AMT,2008-06-23,30.73,31.85,30.54,31.79,7581740,42.03,43.56,41.77,43.48,5543600,2026-01-01T03:44:36Z
AMT,2008-06-24,30.69,30.96,30.08,30.71,5131862,41.97,42.35,41.14,42,3752300,2026-01-01T03:44:36Z
AMT,2008-06-25,31.2,31.73,30.7,30.7,5167682,42.67,43.4,41.98,41.98,3778500,2026-01-01T03:44:36Z
AMT,2008-06-26,30.35,30.92,30.2,30.8,5497976,41.51,42.29,41.31,42.13,4020000,2026-01-01T03:44:36Z
AMT,2008-06-27,30.34,30.7,29.95,30.49,6285332,41.49,41.99,40.96,41.7,4595700,2026-01-01T03:44:36Z
AMT,2008-06-30,30.89,31.13,30.18,30.33,6556810,42.25,42.58,41.27,41.48,4794200,2026-01-01T03:44:36Z
AMT,2008-07-01,29.67,30.52,28.95,30.42,13993448,40.58,41.74,39.6,41.61,10231700,2026-01-01T03:44:36Z
AMT,2008-07-02,28.78,30.03,28.73,29.84,7757609,39.36,41.07,39.3,40.81,5672200,2026-01-01T03:44:36Z
AMT,2008-07-03,29.1,30.29,28.9,29.5,7194823,39.8,41.42,39.53,40.34,5260700,2026-01-01T03:44:36Z
AMT,2008-07-07,29.28,29.83,28.98,29.23,7905180,40.04,40.8,39.64,39.97,5780100,2026-01-01T03:44:36Z
AMT,2008-07-08,29.59,29.8,29.17,29.25,6699457,40.47,40.75,39.9,40,4898500,2026-01-01T03:44:36Z
AMT,2008-07-09,29.2,30.4,29.14,29.54,5629142,39.93,41.58,39.85,40.4,4115900,2026-01-01T03:44:36Z
AMT,2008-07-10,30.15,30.3,29.09,29.36,7725607,41.23,41.44,39.79,40.15,5648800,2026-01-01T03:44:36Z
AMT,2008-07-11,29.28,29.88,28.98,29.69,9192008,40.05,40.86,39.63,40.6,6721000,2026-01-01T03:44:36Z
AMT,2008-07-14,29.15,29.79,29,29.58,4681754,39.87,40.74,39.66,40.45,3423200,2026-01-01T03:44:36Z
AMT,2008-07-15,29.26,29.75,28.52,28.87,7214259,40.02,40.69,39,39.49,5274900,2026-01-01T03:44:36Z
AMT,2008-07-16,29.38,29.42,28.93,29.35,5477878,40.18,40.24,39.57,40.14,4005300,2026-01-01T03:44:36Z
AMT,2008-07-17,29.06,29.82,28.6,29.59,6074721,39.74,40.79,39.12,40.47,4441700,2026-01-01T03:44:36Z
AMT,2008-07-18,29.06,29.25,28.62,29.09,7464809,39.75,40,39.14,39.78,5458100,2026-01-01T03:44:36Z
AMT,2008-07-21,28.93,29.44,28.82,29.19,3870194,39.57,40.26,39.42,39.92,2829800,2026-01-01T03:44:36Z
AMT,2008-07-22,28.7,28.84,27.92,28.83,6573099,39.25,39.45,38.18,39.43,4806100,2026-01-01T03:44:36Z
AMT,2008-07-23,29.72,30.17,28.79,28.79,7261289,40.64,41.26,39.38,39.38,5309300,2026-01-01T03:44:36Z
AMT,2008-07-24,29.15,29.97,29.08,29.75,4318642,39.87,40.99,39.77,40.69,3157700,2026-01-01T03:44:36Z
AMT,2008-07-25,30.26,30.52,29.37,29.37,6231715,41.39,41.74,40.17,40.17,4556500,2026-01-01T03:44:36Z
AMT,2008-07-28,29.86,30.33,29.69,30.09,4028295,40.84,41.48,40.61,41.16,2945400,2026-01-01T03:44:36Z
AMT,2008-07-29,30.23,30.35,29.8,30.04,3514465,41.34,41.51,40.76,41.09,2569700,2026-01-01T03:44:36Z
AMT,2008-07-30,31.29,31.55,29.77,30.64,10136388,42.8,43.15,40.71,41.9,7411500,2026-01-01T03:44:36Z
AMT,2008-07-31,30.64,31.49,30.45,31.26,7247199,41.9,43.07,41.65,42.75,5299000,2026-01-01T03:44:36Z
AMT,2008-08-01,30.44,30.89,29.88,30.54,5921548,41.63,42.25,40.86,41.77,4329700,2026-01-01T03:44:36Z
AMT,2008-08-04,30.04,30.75,29.73,30.42,4618710,41.08,42.06,40.66,41.61,3377100,2026-01-01T03:44:36Z
AMT,2008-08-05,30.17,30.2,29.77,30.12,5236892,41.26,41.31,40.72,41.2,3829100,2026-01-01T03:44:36Z
AMT,2008-08-06,30.91,31.11,30.01,30.12,6471063,42.27,42.55,41.04,41.19,4731500,2026-01-01T03:44:36Z
AMT,2008-08-07,30.03,30.89,29.97,30.73,4352015,41.07,42.25,40.99,42.03,3182100,2026-01-01T03:44:36Z
AMT,2008-08-08,30.97,31.03,30.05,30.05,3543049,42.36,42.44,41.1,41.1,2590600,2026-01-01T03:44:36Z
AMT,2008-08-11,31.46,31.75,30.78,31,4963220,43.02,43.43,42.1,42.4,3629000,2026-01-01T03:44:36Z
AMT,2008-08-12,31.27,31.68,31.18,31.43,3115107,42.76,43.33,42.65,42.98,2277700,2026-01-01T03:44:36Z
AMT,2008-08-13,30.99,31.45,30.74,31.23,2191807,42.38,43.02,42.04,42.71,1602600,2026-01-01T03:44:36Z
AMT,2008-08-14,31.1,31.32,30.71,31,2209585,42.54,42.83,42,42.39,1615600,2026-01-01T03:44:36Z
AMT,2008-08-15,30.92,31.3,30.81,31.17,4267363,42.29,42.81,42.14,42.63,3120200,2026-01-01T03:44:36Z
AMT,2008-08-18,30.22,31.1,30.09,30.89,4711709,41.33,42.54,41.16,42.25,3445100,2026-01-01T03:44:36Z
AMT,2008-08-19,29.21,30.01,29.14,29.93,6211201,39.95,41.04,39.86,40.93,4541500,2026-01-01T03:44:36Z
AMT,2008-08-20,29.07,29.8,28.97,29.47,4715547,39.76,40.75,39.62,40.31,3447900,2026-01-01T03:44:36Z
AMT,2008-08-21,29.5,29.66,28.77,29.12,3458394,40.34,40.56,39.34,39.83,2528700,2026-01-01T03:44:36Z
AMT,2008-08-22,29.91,30.19,29.61,29.66,2818738,40.91,41.29,40.5,40.57,2061000,2026-01-01T03:44:36Z
AMT,2008-08-25,29.31,29.92,29.25,29.69,2224904,40.08,40.92,40,40.61,1626800,2026-01-01T03:44:36Z
AMT,2008-08-26,29.61,29.77,29.24,29.24,2418153,40.5,40.72,39.99,39.99,1768100,2026-01-01T03:44:36Z
AMT,2008-08-27,30.08,30.23,29.6,29.61,3142048,41.14,41.34,40.48,40.5,2297400,2026-01-01T03:44:36Z
AMT,2008-08-28,30.66,30.77,30.14,30.23,2626172,41.93,42.08,41.22,41.34,1920200,2026-01-01T03:44:36Z
AMT,2008-08-29,30.22,30.66,30.19,30.59,2997764,41.33,41.93,41.29,41.84,2191900,2026-01-01T03:44:36Z
AMT,2008-09-02,30.1,30.84,29.93,30.64,4100777,41.16,42.18,40.94,41.91,2998400,2026-01-01T03:44:36Z
AMT,2008-09-03,29.39,30.29,29.09,30.18,6927167,40.2,41.43,39.79,41.27,5065000,2026-01-01T03:44:36Z
AMT,2008-09-04,28.28,29.25,28.22,29.14,6537114,38.68,40.01,38.6,39.85,4779800,2026-01-01T03:44:36Z
AMT,2008-09-05,28.35,28.46,27.5,28.16,8010627,38.77,38.93,37.61,38.51,5857200,2026-01-01T03:44:36Z
AMT,2008-09-08,29.22,29.39,28.22,29.39,7305738,39.96,40.19,38.6,40.19,5341800,2026-01-01T03:44:36Z
AMT,2008-09-09,28.24,29.79,27.93,29.39,8900156,38.62,40.74,38.2,40.2,6507600,2026-01-01T03:44:36Z
AMT,2008-09-10,28.02,28.57,27.92,28.46,7047268,38.32,39.08,38.18,38.92,5152800,2026-01-01T03:44:36Z
AMT,2008-09-11,28.36,28.43,27.35,27.86,5152367,38.78,38.88,37.41,38.1,3767300,2026-01-01T03:44:36Z
AMT,2008-09-12,28.76,28.91,27.8,28.22,3850094,39.34,39.54,38.02,38.59,2815100,2026-01-01T03:44:36Z
AMT,2008-09-15,27.41,28.58,27.2,28.06,5593295,37.49,39.09,37.2,38.38,4089700,2026-01-01T03:44:36Z
AMT,2008-09-16,27.91,28.14,26.57,26.72,9091481,38.17,38.49,36.34,36.54,6647500,2026-01-01T03:44:36Z
AMT,2008-09-17,25.89,27.9,25.8,27.9,7926117,35.41,38.16,35.29,38.16,5795400,2026-01-01T03:44:36Z
AMT,2008-09-18,28.44,29.1,23.32,26.29,15103853,38.89,39.8,31.89,35.95,11043600,2026-01-01T03:44:36Z
AMT,2008-09-19,29.04,31.72,24.28,29.25,11567761,39.71,43.38,33.21,40,8458100,2026-01-01T03:44:36Z
AMT,2008-09-22,27.27,29.03,27.13,29.03,3799078,37.29,39.7,37.1,39.7,2777800,2026-01-01T03:44:36Z
AMT,2008-09-23,25.99,27.43,25.85,27.39,7479567,35.55,37.52,35.35,37.46,5468900,2026-01-01T03:44:36Z
AMT,2008-09-24,25.88,26.41,25.52,26.13,4673689,35.39,36.12,34.9,35.74,3417300,2026-01-01T03:44:36Z
AMT,2008-09-25,27.86,28.07,25.86,25.86,8726186,38.1,38.39,35.36,35.36,6380400,2026-01-01T03:44:36Z
AMT,2008-09-26,27.92,27.97,26.7,27.33,7982046,38.19,38.25,36.52,37.38,5836300,2026-01-01T03:44:36Z
AMT,2008-09-29,25.01,27.48,24.03,27.34,14598216,34.2,37.59,32.86,37.39,10673900,2026-01-01T03:44:36Z
AMT,2008-09-30,26.3,26.75,25.12,25.63,12295488,35.97,36.59,34.35,35.05,8990200,2026-01-01T03:44:36Z
AMT,2008-10-01,26.2,27.26,25.64,26.3,9011762,35.83,37.28,35.06,35.97,6589200,2026-01-01T03:44:36Z
AMT,2008-10-02,24.54,26.35,24.27,26.03,7935425,33.56,36.04,33.19,35.6,5802200,2026-01-01T03:44:36Z
AMT,2008-10-03,25.32,26.45,24.88,24.96,12236689,34.63,36.18,34.02,34.14,8947200,2026-01-01T03:44:36Z
AMT,2008-10-06,24.4,24.97,22.67,24.69,11581862,33.37,34.15,31,33.77,8468400,2026-01-01T03:44:36Z
AMT,2008-10-07,23,25.96,22.94,24.78,8568076,31.46,35.51,31.38,33.89,6264800,2026-01-01T03:44:36Z
AMT,2008-10-08,24.24,24.88,21.45,22.43,13165495,33.15,34.02,29.33,30.67,9626300,2026-01-01T03:44:36Z
AMT,2008-10-09,22.53,26.27,22.33,24.52,8914927,30.81,35.93,30.54,33.53,6518400,2026-01-01T03:44:36Z
AMT,2008-10-10,21.64,23.09,19.79,21.74,13416002,29.6,31.58,27.06,29.73,9809500,2026-01-01T03:44:36Z
AMT,2008-10-13,24.84,24.9,22.38,23.87,11843909,33.97,34.06,30.61,32.65,8660000,2026-01-01T03:44:36Z
AMT,2008-10-14,24.11,26.18,23.4,25.88,11330096,32.98,35.81,32,35.4,8284300,2026-01-01T03:44:36Z
AMT,2008-10-15,21.94,24.49,21.5,23.58,9793534,30.01,33.5,29.41,32.25,7160800,2026-01-01T03:44:36Z
AMT,2008-10-16,23.49,23.78,21.31,22.25,12780088,32.13,32.52,29.15,30.43,9344500,2026-01-01T03:44:36Z
AMT,2008-10-17,24.72,25.44,22.51,22.89,12951444,33.81,34.79,30.78,31.3,9469800,2026-01-01T03:44:36Z
AMT,2008-10-20,24.18,25.39,23.71,24.9,9485635,33.07,34.73,32.43,34.06,6935700,2026-01-01T03:44:36Z
AMT,2008-10-21,22.78,24.52,22.64,24.03,7064078,31.15,33.53,30.96,32.87,5165100,2026-01-01T03:44:36Z
AMT,2008-10-22,21.39,22.67,20.71,22.45,8244218,29.26,31,28.32,30.7,6028000,2026-01-01T03:44:36Z
AMT,2008-10-23,20.29,21.83,19.09,21.57,10417977,27.75,29.85,26.11,29.5,7617400,2026-01-01T03:44:36Z
AMT,2008-10-24,19.84,20.56,16.33,16.33,10505216,27.13,28.12,22.34,22.34,7681200,2026-01-01T03:44:36Z
AMT,2008-10-27,19.61,20.6,19.04,19.04,7136152,26.82,28.17,26.04,26.04,5217800,2026-01-01T03:44:36Z
AMT,2008-10-28,22.19,22.23,19.85,20.23,9086181,30.35,30.4,27.15,27.67,6643600,2026-01-01T03:44:36Z
AMT,2008-10-29,21.26,23.21,21.25,21.96,10199274,29.08,31.74,29.06,30.04,7457500,2026-01-01T03:44:36Z
AMT,2008-10-30,21.95,22.7,21.54,22.02,8354312,30.02,31.04,29.46,30.12,6108500,2026-01-01T03:44:36Z
AMT,2008-10-31,23.62,24.09,21.89,22.06,10947385,32.31,32.95,29.94,30.17,8004500,2026-01-01T03:44:36Z
AMT,2008-11-03,23.84,24.39,23.6,24.11,5933578,32.61,33.35,32.28,32.97,4338500,2026-01-01T03:44:36Z
AMT,2008-11-04,23.7,25.34,23.2,25.07,7297535,32.42,34.65,31.73,34.29,5335800,2026-01-01T03:44:36Z
AMT,2008-11-05,22.68,24,22.64,23.69,5589483,31.02,32.83,30.96,32.4,4086900,2026-01-01T03:44:36Z
AMT,2008-11-06,21.92,22.89,21.34,22.68,5991158,29.98,31.31,29.19,31.02,4380600,2026-01-01T03:44:36Z
AMT,2008-11-07,22.35,22.89,21.51,21.95,5382002,30.57,31.3,29.42,30.02,3935200,2026-01-01T03:44:36Z
AMT,2008-11-10,21.62,22.88,21.14,22.77,5160584,29.57,31.29,28.91,31.14,3773300,2026-01-01T03:44:36Z
AMT,2008-11-11,20.52,21.59,20.27,21.56,5364071,28.06,29.53,27.72,29.49,3922100,2026-01-01T03:44:36Z
AMT,2008-11-12,19.13,20.51,18.92,20.06,7983293,26.17,28.05,25.87,27.43,5837200,2026-01-01T03:44:36Z
AMT,2008-11-13,19.9,19.92,17.97,19.37,10465695,27.22,27.24,24.58,26.49,7652300,2026-01-01T03:44:36Z
AMT,2008-11-14,19.48,20.54,19.28,19.52,7626316,26.64,28.09,26.37,26.69,5576200,2026-01-01T03:44:36Z
AMT,2008-11-17,18.1,19.29,17.79,19.17,7979432,24.75,26.38,24.33,26.22,5834400,2026-01-01T03:44:36Z
AMT,2008-11-18,17.59,18.27,16.62,17.91,8509029,24.06,24.98,22.73,24.5,6221600,2026-01-01T03:44:36Z
AMT,2008-11-19,15.78,17.72,15.73,17.5,8341208,21.58,24.23,21.51,23.93,6098900,2026-01-01T03:44:36Z
AMT,2008-11-20,14.73,16.17,14.54,15.64,11418032,20.14,22.11,19.89,21.39,8348600,2026-01-01T03:44:36Z
AMT,2008-11-21,15.3,15.39,14.15,15.06,9155662,20.92,21.05,19.35,20.6,6694400,2026-01-01T03:44:36Z
AMT,2008-11-24,18.39,18.85,15.6,16.04,10882865,25.15,25.78,21.33,21.93,7957300,2026-01-01T03:44:36Z
AMT,2008-11-25,18.35,20.29,17.5,19.39,10358190,25.09,27.75,23.93,26.52,7573700,2026-01-01T03:44:36Z
AMT,2008-11-26,19.87,20.29,17.63,17.79,9652788,27.18,27.75,24.11,24.33,7057900,2026-01-01T03:44:36Z
AMT,2008-11-28,19.92,19.98,19.21,19.82,2771006,27.24,27.32,26.28,27.11,2026100,2026-01-01T03:44:36Z
AMT,2008-12-01,18.59,19.44,18.24,19.05,5733063,25.43,26.59,24.95,26.05,4191900,2026-01-01T03:44:36Z
AMT,2008-12-02,19.87,20.19,18.59,18.59,5948078,27.18,27.61,25.42,25.42,4349100,2026-01-01T03:44:36Z
AMT,2008-12-03,20.35,20.45,18.84,19.26,5874488,27.83,27.97,25.76,26.34,4295300,2026-01-01T03:44:36Z
AMT,2008-12-04,20.39,21.17,19.98,20.05,5759870,27.89,28.95,27.32,27.42,4211500,2026-01-01T03:44:36Z
AMT,2008-12-05,21.66,21.76,19.37,19.98,5426173,29.62,29.76,26.49,27.33,3967500,2026-01-01T03:44:36Z
AMT,2008-12-08,21.28,22.12,21.08,21.93,6654464,29.11,30.25,28.83,30,4865600,2026-01-01T03:44:36Z
AMT,2008-12-09,20.03,21.29,19.35,20.93,10502212,27.39,29.12,26.46,28.62,7679000,2026-01-01T03:44:36Z
AMT,2008-12-10,20.38,21.19,20.09,20.14,4796377,27.87,28.98,27.48,27.54,3507000,2026-01-01T03:44:36Z
AMT,2008-12-11,20.09,21.04,19.6,20.22,7917481,27.47,28.77,26.8,27.65,5789100,2026-01-01T03:44:36Z
AMT,2008-12-12,19.61,20.15,19.38,19.51,6119437,26.82,27.56,26.51,26.68,4474400,2026-01-01T03:44:36Z
AMT,2008-12-15,19.25,20.02,18.82,19.69,4850533,26.33,27.38,25.74,26.93,3546600,2026-01-01T03:44:36Z
AMT,2008-12-16,20.67,20.77,19.25,19.43,6469150,28.27,28.4,26.33,26.57,4730100,2026-01-01T03:44:36Z
AMT,2008-12-17,20.97,21.45,20.14,20.25,4705691,28.68,29.33,27.55,27.7,3440700,2026-01-01T03:44:36Z
AMT,2008-12-18,20.75,21.29,20.06,20.66,6651605,28.38,29.11,27.44,28.25,4863500,2026-01-01T03:44:36Z
AMT,2008-12-19,21.53,21.8,20.88,20.88,7412009,29.45,29.81,28.55,28.55,5419500,2026-01-01T03:44:36Z
AMT,2008-12-22,20.24,21.66,19.84,21.55,5258092,27.68,29.63,27.13,29.47,3844600,2026-01-01T03:44:36Z
AMT,2008-12-23,20.33,20.96,19.99,20.69,3892358,27.8,28.66,27.34,28.3,2846000,2026-01-01T03:44:36Z
AMT,2008-12-24,20.3,20.66,19.88,20.55,1219812,27.76,28.26,27.19,28.1,891900,2026-01-01T03:44:36Z
AMT,2008-12-26,20.68,20.73,20.33,20.41,1745267,28.28,28.35,27.8,27.91,1276100,2026-01-01T03:44:36Z
AMT,2008-12-29,20.07,20.52,19.77,20.46,2464520,27.45,28.07,27.04,27.98,1802000,2026-01-01T03:44:36Z
AMT,2008-12-30,20.66,20.95,20.01,20.22,3859110,28.25,28.65,27.37,27.66,2821700,2026-01-01T03:44:36Z
AMT,2008-12-31,21.44,21.77,20.57,20.62,4247536,29.32,29.77,28.14,28.2,3105700,2026-01-01T03:44:36Z
AMT,2009-01-02,22.07,22.18,20.77,21.91,3843107,30.19,30.34,28.4,29.96,2810000,2026-01-01T03:44:36Z
AMT,2009-01-05,21.99,22.4,21.66,21.88,6792197,30.07,30.63,29.62,29.93,4966300,2026-01-01T03:44:36Z
AMT,2009-01-06,22.1,22.56,21.45,22.18,6051607,30.23,30.85,29.34,30.34,4424800,2026-01-01T03:44:36Z
AMT,2009-01-07,21.25,21.79,20.85,21.72,5791348,29.06,29.8,28.51,29.71,4234500,2026-01-01T03:44:36Z
AMT,2009-01-08,21.11,21.23,20.45,21.17,6711364,28.87,29.04,27.97,28.95,4907200,2026-01-01T03:44:36Z
AMT,2009-01-09,20.76,21.55,20.47,21.17,5220353,28.39,29.47,28,28.95,3817000,2026-01-01T03:44:36Z
AMT,2009-01-12,20.49,20.85,20.11,20.69,3950065,28.02,28.52,27.51,28.3,2888200,2026-01-01T03:44:36Z
AMT,2009-01-13,20.82,20.96,20.16,20.44,6499660,28.47,28.66,27.57,27.95,4752400,2026-01-01T03:44:36Z
AMT,2009-01-14,20.52,20.86,20.03,20.39,7556149,28.07,28.53,27.39,27.89,5524900,2026-01-01T03:44:36Z
AMT,2009-01-15,20.96,21.2,19.99,20.85,8767889,28.66,29,27.34,28.52,6410900,2026-01-01T03:44:36Z
AMT,2009-01-16,21.26,21.64,20.79,21.57,5868897,29.07,29.6,28.43,29.5,4291200,2026-01-01T03:44:36Z
AMT,2009-01-20,20.44,21.17,20.41,21.09,6190292,27.95,28.95,27.92,28.85,4526200,2026-01-01T03:44:36Z
AMT,2009-01-21,21.61,21.65,20.42,20.52,5085497,29.56,29.61,27.93,28.07,3718400,2026-01-01T03:44:36Z
AMT,2009-01-22,21.77,22.12,21.11,21.11,4620485,29.78,30.26,28.87,28.87,3378400,2026-01-01T03:44:36Z
AMT,2009-01-23,22.02,22.12,20.97,21.18,3784164,30.12,30.26,28.68,28.96,2766900,2026-01-01T03:44:36Z
AMT,2009-01-26,21.94,22.75,21.63,22.08,7724125,30,31.12,29.58,30.2,5647700,2026-01-01T03:44:36Z
AMT,2009-01-27,22.12,22.37,21.45,22.23,4602717,30.25,30.6,29.34,30.4,3365400,2026-01-01T03:44:36Z
AMT,2009-01-28,23.4,23.46,22.22,22.64,6761553,32,32.09,30.39,30.96,4943900,2026-01-01T03:44:36Z
AMT,2009-01-29,22.83,23.33,22.69,22.86,3827244,31.22,31.91,31.03,31.27,2798400,2026-01-01T03:44:36Z
AMT,2009-01-30,22.18,23.14,21.8,22.86,6111655,30.34,31.65,29.82,31.26,4468700,2026-01-01T03:44:36Z
AMT,2009-02-02,22.12,22.32,21.5,21.91,4460206,30.25,30.52,29.41,29.96,3261200,2026-01-01T03:44:36Z
AMT,2009-02-03,22.37,22.54,22,22.13,5001118,30.6,30.83,30.09,30.27,3656700,2026-01-01T03:44:36Z
AMT,2009-02-04,22.11,22.89,21.91,22.48,2715210,30.24,31.31,29.97,30.75,1985300,2026-01-01T03:44:36Z
AMT,2009-02-05,22.4,22.56,21.29,21.78,6159237,30.64,30.86,29.11,29.79,4503500,2026-01-01T03:44:36Z
AMT,2009-02-06,22.08,22.84,21.82,22.23,7441818,30.2,31.24,29.84,30.41,5441300,2026-01-01T03:44:36Z
AMT,2009-02-09,21.96,22.06,21.46,21.87,3816578,30.04,30.17,29.35,29.91,2790600,2026-01-01T03:44:36Z
AMT,2009-02-10,21.14,22.19,21.01,21.8,5261225,28.91,30.35,28.73,29.82,3846900,2026-01-01T03:44:36Z
AMT,2009-02-11,21.15,21.47,20.75,21.19,2891767,28.92,29.36,28.38,28.98,2114400,2026-01-01T03:44:36Z
AMT,2009-02-12,21.1,21.11,20.44,20.77,5247011,28.86,28.87,27.96,28.4,3836500,2026-01-01T03:44:36Z
AMT,2009-02-13,21.09,21.57,21,21.12,3267464,28.85,29.5,28.72,28.89,2389100,2026-01-01T03:44:36Z
AMT,2009-02-17,19.91,20.57,19.8,20.46,5239484,27.23,28.13,27.08,27.98,3831000,2026-01-01T03:44:36Z
AMT,2009-02-18,19.69,20.15,19.21,20.02,6364121,26.93,27.56,26.27,27.38,4653300,2026-01-01T03:44:36Z
AMT,2009-02-19,19.19,20.12,19.12,19.43,6057355,26.25,27.52,26.15,26.57,4429000,2026-01-01T03:44:36Z
AMT,2009-02-20,19.45,19.76,18.67,18.87,6423618,26.6,27.02,25.53,25.81,4696800,2026-01-01T03:44:36Z
AMT,2009-02-23,18.78,19.84,18.7,19.84,6605765,25.69,27.14,25.57,27.14,4830000,2026-01-01T03:44:36Z
AMT,2009-02-24,19.92,20.02,18.61,18.83,7142172,27.25,27.38,25.45,25.75,5222200,2026-01-01T03:44:36Z
AMT,2009-02-25,19.61,20.11,19.07,19.78,8315345,26.82,27.5,26.08,27.05,6080000,2026-01-01T03:44:36Z
AMT,2009-02-26,21.06,22.07,20.1,20.32,12436522,28.8,30.19,27.49,27.79,9093300,2026-01-01T03:44:36Z
AMT,2009-02-27,21.29,21.7,20.4,20.85,8402195,29.12,29.68,27.9,28.51,6143500,2026-01-01T03:44:36Z
AMT,2009-03-02,20.37,21.39,20.2,20.9,6582124,27.86,29.25,27.62,28.58,4812700,2026-01-01T03:44:36Z
AMT,2009-03-03,20,20.67,19.63,20.67,7575590,27.35,28.27,26.85,28.27,5539100,2026-01-01T03:44:36Z
AMT,2009-03-04,20.63,20.96,20.06,20.39,8815240,28.21,28.66,27.44,27.88,6445500,2026-01-01T03:44:36Z
AMT,2009-03-05,20,20.36,19.82,19.99,6922534,27.35,27.85,27.11,27.34,5061600,2026-01-01T03:44:36Z
AMT,2009-03-06,19.95,20.47,19.45,20.18,5786152,27.28,28,26.6,27.6,4230700,2026-01-01T03:44:36Z
AMT,2009-03-09,19.65,20.25,19.44,19.56,4081075,26.87,27.69,26.59,26.75,2984000,2026-01-01T03:44:36Z
AMT,2009-03-10,20.76,20.82,19.75,20.09,7964971,28.39,28.48,27.01,27.48,5823800,2026-01-01T03:44:36Z
AMT,2009-03-11,21.42,21.66,20.5,20.89,5931801,29.3,29.62,28.04,28.57,4337200,2026-01-01T03:44:36Z
AMT,2009-03-12,21.83,21.93,20.41,20.94,8169273,29.86,30,27.92,28.64,5973200,2026-01-01T03:44:36Z
AMT,2009-03-13,21.38,21.91,20.81,21.86,5200796,29.24,29.96,28.46,29.9,3802700,2026-01-01T03:44:36Z
AMT,2009-03-16,21.23,21.88,21.18,21.55,5123651,29.04,29.93,28.97,29.47,3746300,2026-01-01T03:44:36Z
AMT,2009-03-17,22.08,22.08,21.23,21.57,4698303,30.2,30.2,29.04,29.5,3435300,2026-01-01T03:44:36Z
AMT,2009-03-18,22.67,22.82,21.86,22.03,6917336,31,31.21,29.9,30.13,5057800,2026-01-01T03:44:36Z
AMT,2009-03-19,22.54,23.01,22.3,23,5245375,30.83,31.47,30.5,31.45,3835300,2026-01-01T03:44:36Z
AMT,2009-03-20,22.37,23.16,22.29,22.64,6577344,30.6,31.67,30.49,30.96,4809200,2026-01-01T03:44:36Z
AMT,2009-03-23,23.49,23.5,22.52,22.94,5021494,32.12,32.14,30.8,31.37,3671600,2026-01-01T03:44:36Z
AMT,2009-03-24,23.41,23.79,23.2,23.21,5204892,32.02,32.53,31.73,31.75,3805700,2026-01-01T03:44:36Z
AMT,2009-03-25,23.33,23.73,22.64,23.65,5442174,31.91,32.45,30.97,32.35,3979200,2026-01-01T03:44:36Z
AMT,2009-03-26,23.19,23.66,23.02,23.6,6250725,31.72,32.36,31.49,32.28,4570400,2026-01-01T03:44:36Z
AMT,2009-03-27,23.41,23.59,22.9,22.9,4702960,32.01,32.26,31.32,31.32,3438700,2026-01-01T03:44:36Z
AMT,2009-03-30,22.28,23.02,22.08,22.91,4851485,30.47,31.49,30.2,31.34,3547300,2026-01-01T03:44:36Z
AMT,2009-03-31,22.25,22.67,22.18,22.54,4864762,30.43,31,30.34,30.82,3557000,2026-01-01T03:44:36Z
AMT,2009-04-01,23.06,23.2,21.75,22.1,7776887,31.54,31.73,29.75,30.23,5686300,2026-01-01T03:44:36Z
AMT,2009-04-02,24.23,24.79,23.31,23.77,9389657,33.14,33.9,31.88,32.51,6865500,2026-01-01T03:44:36Z
AMT,2009-04-03,25.15,25.24,24.31,24.49,5600827,34.39,34.52,33.25,33.5,4095200,2026-01-01T03:44:36Z
AMT,2009-04-06,23.9,24.82,23.08,24.38,7405039,32.69,33.95,31.56,33.34,5414400,2026-01-01T03:44:36Z
AMT,2009-04-07,23.24,23.61,23.16,23.54,4291027,31.78,32.29,31.67,32.19,3137500,2026-01-01T03:44:36Z
AMT,2009-04-08,23.3,23.72,23.06,23.26,3601181,31.87,32.44,31.54,31.81,2633100,2026-01-01T03:44:36Z
AMT,2009-04-09,24,24.52,23.48,23.92,4357482,32.82,33.54,32.11,32.72,3186100,2026-01-01T03:44:36Z
AMT,2009-04-13,23.56,24.05,23.18,23.83,3561780,32.22,32.89,31.7,32.59,2604300,2026-01-01T03:44:36Z
AMT,2009-04-14,22.6,23.57,22.01,23.55,7578596,30.91,32.23,30.1,32.21,5541300,2026-01-01T03:44:36Z
AMT,2009-04-15,23.73,23.76,22.26,22.54,6726960,32.45,32.49,30.45,30.82,4918600,2026-01-01T03:44:36Z
AMT,2009-04-16,24.25,24.41,23.55,23.71,4694472,33.16,33.38,32.21,32.43,3432500,2026-01-01T03:44:36Z
AMT,2009-04-17,24.06,24.45,23.85,24.32,4034578,32.9,33.44,32.62,33.26,2950000,2026-01-01T03:44:36Z
AMT,2009-04-20,23.07,23.85,23.04,23.69,3085563,31.55,32.62,31.51,32.4,2256100,2026-01-01T03:44:36Z
AMT,2009-04-21,23.57,23.64,22.79,22.89,4110757,32.23,32.33,31.17,31.3,3005700,2026-01-01T03:44:36Z
AMT,2009-04-22,23.41,23.92,23.17,23.39,3302343,32.01,32.71,31.69,31.99,2414600,2026-01-01T03:44:36Z
AMT,2009-04-23,23.39,23.54,22.83,23.4,4056601,31.99,32.19,31.22,32,2966100,2026-01-01T03:44:36Z
AMT,2009-04-24,23.98,24.14,23.4,23.65,5353422,32.79,33.02,32,32.34,3914300,2026-01-01T03:44:36Z
AMT,2009-04-27,24.08,24.31,23.41,23.62,4223183,32.93,33.25,32.02,32.31,3087900,2026-01-01T03:44:36Z
AMT,2009-04-28,23.79,24.14,23.36,23.98,4281179,32.54,33.02,31.95,32.8,3130300,2026-01-01T03:44:36Z
AMT,2009-04-29,24.34,24.72,23.76,24.72,4427105,33.29,33.81,32.5,33.81,3237000,2026-01-01T03:44:36Z
AMT,2009-04-30,23.22,24.84,22.91,24.5,9037613,31.76,33.98,31.34,33.51,6608100,2026-01-01T03:44:36Z
AMT,2009-05-01,22.53,23.56,22.39,23.15,6034370,30.81,32.22,30.62,31.66,4412200,2026-01-01T03:44:36Z
AMT,2009-05-04,21.82,22.73,21.58,22.53,10353727,29.84,31.08,29.51,30.81,7570400,2026-01-01T03:44:36Z
AMT,2009-05-05,22.69,22.75,21.31,21.95,11318151,31.03,31.12,29.15,30.02,8275600,2026-01-01T03:44:36Z
AMT,2009-05-06,22.75,23.07,22.1,22.9,10018374,31.11,31.55,30.23,31.32,7325200,2026-01-01T03:44:36Z
AMT,2009-05-07,21.94,23,21.57,23,9634201,30.01,31.46,29.5,31.46,7044300,2026-01-01T03:44:36Z
AMT,2009-05-08,21.56,22.43,21.31,22.1,6209850,29.48,30.68,29.14,30.22,4540500,2026-01-01T03:44:36Z
AMT,2009-05-11,21.64,21.86,21.1,21.29,4337922,29.59,29.89,28.86,29.12,3171800,2026-01-01T03:44:36Z
AMT,2009-05-12,21.17,21.93,20.8,21.7,5850286,28.95,29.99,28.45,29.68,4277600,2026-01-01T03:44:36Z
AMT,2009-05-13,20.52,21.01,20.45,20.87,6584428,28.06,28.74,27.97,28.54,4814400,2026-01-01T03:44:36Z
AMT,2009-05-14,21.12,21.25,20.47,20.57,7093905,28.89,29.07,28,28.13,5186900,2026-01-01T03:44:36Z
AMT,2009-05-15,20.63,21.23,20.42,21.23,6973278,28.21,29.03,27.93,29.03,5098700,2026-01-01T03:44:36Z
AMT,2009-05-18,22.14,22.16,21.16,21.22,7048069,30.28,30.3,28.94,29.02,5153400,2026-01-01T03:44:36Z
AMT,2009-05-19,22.03,22.32,21.93,22.3,4022958,30.13,30.53,29.99,30.5,2941500,2026-01-01T03:44:36Z
AMT,2009-05-20,21.92,22.57,21.85,22.26,4144000,29.98,30.87,29.88,30.44,3030000,2026-01-01T03:44:36Z
AMT,2009-05-21,21.5,21.86,21.12,21.69,3444720,29.4,29.89,28.89,29.66,2518700,2026-01-01T03:44:36Z
AMT,2009-05-22,21.6,21.85,21.23,21.48,3168175,29.54,29.88,29.03,29.38,2316500,2026-01-01T03:44:36Z
AMT,2009-05-26,22.29,22.61,21.22,21.39,4769291,30.48,30.92,29.02,29.26,3487200,2026-01-01T03:44:36Z
AMT,2009-05-27,22.4,23.04,22.08,22.45,4500952,30.63,31.51,30.2,30.71,3291000,2026-01-01T03:44:36Z
AMT,2009-05-28,22.8,23.02,22.24,22.43,4285555,31.18,31.49,30.42,30.68,3133500,2026-01-01T03:44:36Z
AMT,2009-05-29,23.3,23.33,22.72,22.8,4294721,31.87,31.91,31.07,31.19,3140200,2026-01-01T03:44:36Z
AMT,2009-06-01,23.55,23.76,23.24,23.7,4332468,32.21,32.5,31.79,32.41,3167800,2026-01-01T03:44:36Z
AMT,2009-06-02,23.43,23.76,23.06,23.43,4777760,32.05,32.49,31.54,32.05,3493400,2026-01-01T03:44:36Z
AMT,2009-06-03,22.69,23.35,22.5,23.35,4299081,31.03,31.94,30.77,31.94,3143400,2026-01-01T03:44:36Z
AMT,2009-06-04,22.56,22.97,22.28,22.77,6340738,30.85,31.41,30.47,31.14,4636200,2026-01-01T03:44:36Z
AMT,2009-06-05,22.29,23.01,22.11,22.84,5917168,30.49,31.47,30.24,31.23,4326500,2026-01-01T03:44:36Z
AMT,2009-06-08,21.72,22.01,21.46,21.99,8271992,29.71,30.1,29.35,30.07,6048300,2026-01-01T03:44:36Z
AMT,2009-06-09,22.42,22.66,21.58,21.86,5420708,30.66,30.99,29.51,29.9,3963500,2026-01-01T03:44:36Z
AMT,2009-06-10,22.07,22.81,21.85,22.73,7220117,30.19,31.2,29.88,31.09,5279200,2026-01-01T03:44:36Z
AMT,2009-06-11,22.1,22.48,21.88,22.05,3997113,30.23,30.75,29.92,30.15,2922600,2026-01-01T03:44:36Z
AMT,2009-06-12,22.25,22.25,21.86,22.04,3956773,30.43,30.43,29.9,30.14,2893100,2026-01-01T03:44:36Z
AMT,2009-06-15,21.85,22.12,21.57,22.12,4000803,29.88,30.26,29.5,30.26,2925300,2026-01-01T03:44:36Z
AMT,2009-06-16,21.53,22.05,21.45,21.93,3888928,29.45,30.15,29.34,29.99,2843500,2026-01-01T03:44:36Z
AMT,2009-06-17,21.41,21.72,21.36,21.58,4406722,29.28,29.71,29.21,29.51,3222100,2026-01-01T03:44:36Z
AMT,2009-06-18,21.64,21.73,21.28,21.41,4308244,29.59,29.72,29.1,29.28,3150100,2026-01-01T03:44:36Z
AMT,2009-06-19,21.68,21.97,21.63,21.76,4362417,29.65,30.05,29.58,29.76,3189700,2026-01-01T03:44:36Z
AMT,2009-06-22,21.36,21.63,21.22,21.55,5889129,29.21,29.58,29.02,29.48,4306000,2026-01-01T03:44:36Z
AMT,2009-06-23,21.81,21.89,21.36,21.45,4996193,29.83,29.94,29.21,29.33,3653100,2026-01-01T03:44:36Z
AMT,2009-06-24,23.13,23.39,22.36,22.38,7982861,31.64,31.99,30.58,30.61,5836900,2026-01-01T03:44:36Z
AMT,2009-06-25,23.44,23.56,22.85,23.13,5003015,32.06,32.22,31.25,31.63,3658100,2026-01-01T03:44:36Z
AMT,2009-06-26,23.3,23.57,23.13,23.27,5972291,31.87,32.23,31.63,31.83,4366800,2026-01-01T03:44:36Z
AMT,2009-06-29,23.56,23.73,23.13,23.42,3341724,32.22,32.46,31.64,32.03,2443400,2026-01-01T03:44:36Z
AMT,2009-06-30,23.05,23.67,22.9,23.57,4488655,31.53,32.37,31.32,32.23,3282000,2026-01-01T03:44:36Z
AMT,2009-07-01,23.14,23.35,23,23.16,3393152,31.65,31.93,31.45,31.68,2481000,2026-01-01T03:44:36Z
AMT,2009-07-02,22.65,22.82,22.39,22.82,4860648,30.98,31.21,30.62,31.21,3554000,2026-01-01T03:44:36Z
AMT,2009-07-06,22.43,22.52,22.12,22.32,3981388,30.67,30.8,30.25,30.53,2911100,2026-01-01T03:44:36Z
AMT,2009-07-07,22.01,22.58,21.86,22.38,4990430,30.1,30.88,29.89,30.61,3648900,2026-01-01T03:44:36Z
AMT,2009-07-08,22.13,22.32,21.91,22.06,4817969,30.27,30.53,29.96,30.17,3522800,2026-01-01T03:44:36Z
AMT,2009-07-09,22.61,22.77,21.95,22.29,4984564,30.92,31.14,30.02,30.48,3644600,2026-01-01T03:44:36Z
AMT,2009-07-10,22.51,22.76,22.2,22.57,4619386,30.78,31.13,30.36,30.87,3377600,2026-01-01T03:44:36Z
AMT,2009-07-13,23.13,23.15,22.37,22.66,5621193,31.63,31.66,30.59,30.99,4110100,2026-01-01T03:44:36Z
AMT,2009-07-14,23.27,23.32,22.83,23.08,3168174,31.83,31.9,31.22,31.57,2316500,2026-01-01T03:44:36Z
AMT,2009-07-15,23.92,23.93,23.39,23.49,5427689,32.72,32.73,31.99,32.13,3968600,2026-01-01T03:44:36Z
AMT,2009-07-16,23.84,24.06,23.68,23.84,4822768,32.61,32.9,32.38,32.6,3526300,2026-01-01T03:44:36Z
AMT,2009-07-17,23.56,23.97,23.22,23.96,4268993,32.22,32.78,31.76,32.77,3121400,2026-01-01T03:44:36Z
AMT,2009-07-20,23.73,23.91,23.6,23.68,5332362,32.46,32.7,32.28,32.38,3898900,2026-01-01T03:44:36Z
AMT,2009-07-21,23.64,24.13,23.24,23.84,4686680,32.33,33,31.78,32.6,3426800,2026-01-01T03:44:36Z
AMT,2009-07-22,23.92,24.1,23.48,23.65,3627712,32.71,32.96,32.12,32.34,2652500,2026-01-01T03:44:36Z
AMT,2009-07-23,24.69,24.77,23.76,23.91,3718106,33.77,33.88,32.5,32.7,2718600,2026-01-01T03:44:36Z
AMT,2009-07-24,24.48,24.7,24.27,24.37,3876217,33.48,33.78,33.19,33.33,2834200,2026-01-01T03:44:36Z
AMT,2009-07-27,24.45,24.77,24.22,24.44,3912589,33.44,33.88,33.13,33.42,2860800,2026-01-01T03:44:36Z
AMT,2009-07-28,24.52,24.82,24.15,24.25,3838873,33.53,33.95,33.03,33.16,2806900,2026-01-01T03:44:36Z
AMT,2009-07-29,24.34,24.36,23.5,24.11,5791069,33.29,33.32,32.14,32.97,4234300,2026-01-01T03:44:36Z
AMT,2009-07-30,25.13,25.33,24.6,24.67,4813189,34.37,34.64,33.65,33.74,3519300,2026-01-01T03:44:36Z
AMT,2009-07-31,24.93,25.32,24.89,25.01,4339155,34.09,34.63,34.04,34.21,3172700,2026-01-01T03:44:36Z
AMT,2009-08-03,25.52,25.52,24.86,25.18,3393429,34.9,34.9,34,34.44,2481200,2026-01-01T03:44:36Z
AMT,2009-08-04,25.16,25.47,24.98,25.33,4275298,34.41,34.84,34.16,34.64,3126000,2026-01-01T03:44:36Z
AMT,2009-08-05,24.51,25.3,24.37,25.17,4167519,33.52,34.6,33.33,34.42,3047200,2026-01-01T03:44:36Z
AMT,2009-08-06,23.97,24.74,23.9,24.53,5450932,32.78,33.83,32.69,33.55,3985600,2026-01-01T03:44:36Z
AMT,2009-08-07,23.6,24.29,23.24,24.29,8637300,32.27,33.22,31.78,33.22,6315400,2026-01-01T03:44:36Z
AMT,2009-08-10,23.67,23.78,23.52,23.62,4240286,32.37,32.52,32.16,32.3,3100400,2026-01-01T03:44:36Z
AMT,2009-08-11,23.59,23.75,23.44,23.57,2767862,32.26,32.48,32.06,32.24,2023800,2026-01-01T03:44:36Z
AMT,2009-08-12,23.59,23.94,23.48,23.48,3650274,32.26,32.74,32.11,32.11,2669000,2026-01-01T03:44:36Z
AMT,2009-08-13,23.78,24.08,23.47,23.54,5195316,32.52,32.93,32.1,32.19,3798700,2026-01-01T03:44:36Z
AMT,2009-08-14,23.49,23.73,23.32,23.68,3005430,32.13,32.46,31.9,32.39,2197500,2026-01-01T03:44:36Z
AMT,2009-08-17,23.19,23.48,23.04,23.19,4028561,31.72,32.11,31.51,31.71,2945600,2026-01-01T03:44:36Z
AMT,2009-08-18,23.73,23.75,23.09,23.27,4082047,32.45,32.48,31.58,31.83,2984700,2026-01-01T03:44:36Z
AMT,2009-08-19,23.66,23.74,23.32,23.41,3482465,32.36,32.47,31.9,32.02,2546300,2026-01-01T03:44:36Z
AMT,2009-08-20,24.15,24.16,23.59,23.62,2653116,33.03,33.05,32.26,32.3,1939900,2026-01-01T03:44:36Z
AMT,2009-08-21,24.22,24.47,24.02,24.27,4310991,33.12,33.47,32.85,33.19,3152100,2026-01-01T03:44:36Z
AMT,2009-08-24,23.98,24.31,23.9,24.27,2965081,32.79,33.25,32.69,33.19,2168000,2026-01-01T03:44:36Z
AMT,2009-08-25,23.78,24.27,23.75,24.14,3198538,32.52,33.2,32.48,33.02,2338700,2026-01-01T03:44:36Z
AMT,2009-08-26,23.73,23.89,23.48,23.75,5732126,32.45,32.68,32.12,32.48,4191200,2026-01-01T03:44:36Z
AMT,2009-08-27,23.57,23.85,23.4,23.84,4151789,32.24,32.62,32,32.6,3035700,2026-01-01T03:44:36Z
AMT,2009-08-28,23.48,23.84,23.35,23.84,2990520,32.11,32.6,31.93,32.6,2186600,2026-01-01T03:44:36Z
AMT,2009-08-31,23.14,23.49,23.04,23.28,5005891,31.65,32.13,31.51,31.84,3660200,2026-01-01T03:44:36Z
AMT,2009-09-01,22.73,23.32,22.68,23.15,4908249,31.09,31.89,31.02,31.66,3588800,2026-01-01T03:44:36Z
AMT,2009-09-02,22.65,22.9,22.56,22.7,2371241,30.98,31.32,30.85,31.04,1733800,2026-01-01T03:44:36Z
AMT,2009-09-03,23.39,23.42,22.75,22.81,5636516,31.99,32.03,31.11,31.2,4121300,2026-01-01T03:44:36Z
AMT,2009-09-04,24.41,24.53,23.42,23.42,6172100,33.38,33.55,32.03,32.03,4512900,2026-01-01T03:44:36Z
AMT,2009-09-08,25.06,25.09,24.49,24.63,7175812,34.28,34.32,33.49,33.69,5246800,2026-01-01T03:44:36Z
AMT,2009-09-09,25.06,25.16,24.78,25.04,5123096,34.27,34.41,33.89,34.24,3745900,2026-01-01T03:44:36Z
AMT,2009-09-10,25.56,25.56,24.96,25.09,5093284,34.96,34.96,34.14,34.31,3724100,2026-01-01T03:44:36Z
AMT,2009-09-11,25.91,26.07,25.54,25.72,6103720,35.43,35.65,34.93,35.18,4462900,2026-01-01T03:44:36Z
AMT,2009-09-14,25.45,25.79,24.88,25.23,10074562,34.8,35.27,34.03,34.51,7366300,2026-01-01T03:44:36Z
AMT,2009-09-15,25.92,26.02,25.25,25.49,5606287,35.45,35.59,34.53,34.86,4099200,2026-01-01T03:44:36Z
AMT,2009-09-16,26.16,26.52,25.71,26.48,7012395,35.78,36.27,35.17,36.21,5127300,2026-01-01T03:44:36Z
AMT,2009-09-17,26.83,26.83,26.08,26.11,7078992,36.69,36.69,35.67,35.71,5176000,2026-01-01T03:44:36Z
AMT,2009-09-18,27.51,27.57,26.86,27.01,11105514,37.63,37.71,36.74,36.94,8120100,2026-01-01T03:44:36Z
AMT,2009-09-21,27.32,27.48,27.04,27.28,5105190,37.37,37.59,36.98,37.31,3732800,2026-01-01T03:44:36Z
AMT,2009-09-22,27.29,27.57,27.24,27.54,3608692,37.32,37.7,37.25,37.67,2638600,2026-01-01T03:44:36Z
AMT,2009-09-23,27.2,27.54,26.98,27.46,4157130,37.2,37.66,36.9,37.55,3039600,2026-01-01T03:44:36Z
AMT,2009-09-24,26.61,27.46,26.55,27.3,6305299,36.4,37.56,36.31,37.33,4610300,2026-01-01T03:44:36Z
AMT,2009-09-25,26.61,26.78,26.23,26.45,5505903,36.39,36.63,35.88,36.18,4025800,2026-01-01T03:44:36Z
AMT,2009-09-28,26.94,27.03,26.61,26.74,3026486,36.85,36.97,36.4,36.57,2212900,2026-01-01T03:44:36Z
AMT,2009-09-29,26.61,27.02,26.53,26.95,3892891,36.39,36.95,36.29,36.86,2846400,2026-01-01T03:44:36Z
AMT,2009-09-30,26.61,26.93,26.27,26.82,6180569,36.4,36.83,35.93,36.68,4519100,2026-01-01T03:44:36Z
AMT,2009-10-01,25.87,26.29,25.76,25.99,6849352,35.38,35.95,35.23,35.55,5008100,2026-01-01T03:44:36Z
AMT,2009-10-02,26.07,26.42,25.61,25.66,5385555,35.65,36.13,35.03,35.09,3937800,2026-01-01T03:44:36Z
AMT,2009-10-05,26.64,26.68,26.08,26.16,3960325,36.44,36.49,35.67,35.78,2895700,2026-01-01T03:44:36Z
AMT,2009-10-06,27.24,27.32,26.66,26.69,7411869,37.25,37.37,36.46,36.5,5419400,2026-01-01T03:44:36Z
AMT,2009-10-07,26.99,27.23,26.83,27.23,3108816,36.91,37.24,36.7,37.24,2273100,2026-01-01T03:44:36Z
AMT,2009-10-08,26.77,27.25,26.61,27.09,4962408,36.61,37.27,36.4,37.05,3628400,2026-01-01T03:44:36Z
AMT,2009-10-09,26.82,26.89,26.62,26.64,3029359,36.68,36.78,36.41,36.44,2215000,2026-01-01T03:44:36Z
AMT,2009-10-12,27.59,27.6,26.86,26.86,5133368,37.73,37.75,36.73,36.73,3753400,2026-01-01T03:44:36Z
AMT,2009-10-13,27.18,27.6,27.13,27.52,4742207,37.17,37.75,37.11,37.64,3467400,2026-01-01T03:44:36Z
AMT,2009-10-14,27.87,27.89,27.3,27.53,6897364,38.12,38.15,37.33,37.65,5043200,2026-01-01T03:44:36Z
AMT,2009-10-15,29.28,29.39,27.79,27.79,13159024,40.04,40.2,38,38,9621600,2026-01-01T03:44:36Z
AMT,2009-10-16,28.84,29.16,28.74,29.16,4356117,39.45,39.88,39.31,39.88,3185100,2026-01-01T03:44:36Z
AMT,2009-10-19,29.31,29.48,28.84,29.2,3499150,40.08,40.32,39.45,39.94,2558500,2026-01-01T03:44:36Z
AMT,2009-10-20,28.98,29.64,28.48,29.57,6161013,39.63,40.54,38.95,40.44,4504800,2026-01-01T03:44:36Z
AMT,2009-10-21,28.48,29.58,28.44,28.93,4863245,38.95,40.45,38.89,39.57,3555900,2026-01-01T03:44:36Z
AMT,2009-10-22,28.56,28.82,28.28,28.49,3465368,39.06,39.41,38.68,38.96,2533800,2026-01-01T03:44:36Z
AMT,2009-10-23,28.12,28.87,28.03,28.81,2911603,38.46,39.49,38.33,39.4,2128900,2026-01-01T03:44:36Z
AMT,2009-10-26,27.88,28.73,27.77,28.11,3215634,38.13,39.3,37.98,38.45,2351200,2026-01-01T03:44:36Z
AMT,2009-10-27,27.61,28.15,27.6,27.8,2990241,37.76,38.5,37.75,38.02,2186400,2026-01-01T03:44:36Z
AMT,2009-10-28,27.26,27.62,26.97,27.5,6099612,37.28,37.78,36.88,37.61,4459900,2026-01-01T03:44:36Z
AMT,2009-10-29,27.96,28.01,27.4,27.44,4083007,38.24,38.31,37.48,37.53,2985400,2026-01-01T03:44:36Z
AMT,2009-10-30,26.92,27.95,26.9,27.89,4032256,36.82,38.23,36.79,38.14,2948300,2026-01-01T03:44:36Z
AMT,2009-11-02,27.15,27.58,26.73,27.14,5027511,37.13,37.72,36.55,37.12,3676000,2026-01-01T03:44:36Z
AMT,2009-11-03,28.09,28.16,26.43,26.86,5817179,38.42,38.51,36.15,36.74,4253400,2026-01-01T03:44:36Z
AMT,2009-11-04,28.04,28.7,27.55,27.97,4772294,38.35,39.25,37.68,38.25,3489400,2026-01-01T03:44:36Z
AMT,2009-11-05,28.3,28.68,28.12,28.33,2661047,38.7,39.23,38.46,38.75,1945700,2026-01-01T03:44:36Z
AMT,2009-11-06,28.34,28.42,28.08,28.3,2841574,38.76,38.87,38.4,38.7,2077700,2026-01-01T03:44:36Z
AMT,2009-11-09,29.04,29.11,28.6,28.6,3181713,39.72,39.81,39.11,39.11,2326400,2026-01-01T03:44:36Z
AMT,2009-11-10,29,29.28,28.8,28.91,2549996,39.66,40.04,39.39,39.54,1864500,2026-01-01T03:44:36Z
AMT,2009-11-11,29.24,29.32,28.79,29.16,4223186,39.99,40.1,39.37,39.88,3087900,2026-01-01T03:44:36Z
AMT,2009-11-12,28.82,29.32,28.7,29.32,2856763,39.42,40.1,39.25,40.1,2088800,2026-01-01T03:44:36Z
AMT,2009-11-13,29.08,29.19,28.63,28.79,1964367,39.77,39.92,39.15,39.38,1436300,2026-01-01T03:44:36Z
AMT,2009-11-16,29.63,29.64,29.05,29.2,2969458,40.52,40.54,39.73,39.93,2171200,2026-01-01T03:44:36Z
AMT,2009-11-17,30.08,30.15,29.33,29.5,3004052,41.14,41.23,40.11,40.34,2196500,2026-01-01T03:44:36Z
AMT,2009-11-18,29.93,30.2,29.77,30.12,2694968,40.94,41.3,40.71,41.2,1970500,2026-01-01T03:44:36Z
AMT,2009-11-19,29.55,29.8,29.17,29.79,3518707,40.42,40.75,39.9,40.74,2572800,2026-01-01T03:44:36Z
AMT,2009-11-20,29.72,29.82,29.07,29.33,3772265,40.64,40.79,39.76,40.11,2758200,2026-01-01T03:44:36Z
AMT,2009-11-23,29.83,30.55,29.68,30.13,3690341,40.8,41.78,40.59,41.21,2698300,2026-01-01T03:44:36Z
AMT,2009-11-24,29.84,29.96,29.55,29.8,3453055,40.81,40.97,40.42,40.75,2524800,2026-01-01T03:44:36Z
AMT,2009-11-25,30.16,30.2,29.76,29.9,4331365,41.25,41.3,40.7,40.89,3167000,2026-01-01T03:44:36Z
AMT,2009-11-27,29.89,30.16,29.28,29.39,1428788,40.88,41.25,40.05,40.19,1044700,2026-01-01T03:44:36Z
AMT,2009-11-30,29.92,29.96,29.56,29.95,2913654,40.92,40.97,40.43,40.96,2130400,2026-01-01T03:44:36Z
AMT,2009-12-01,30.47,30.61,29.92,30.06,3129742,41.67,41.86,40.92,41.11,2288400,2026-01-01T03:44:36Z
AMT,2009-12-02,30.37,31.02,30.24,30.38,3190198,41.54,42.42,41.36,41.55,2332600,2026-01-01T03:44:36Z
AMT,2009-12-03,29.97,30.64,29.96,30.5,3232863,40.99,41.9,40.98,41.71,2363800,2026-01-01T03:44:36Z
AMT,2009-12-04,29.98,30.8,29.8,30.42,4769836,41,42.13,40.75,41.6,3487600,2026-01-01T03:44:36Z
AMT,2009-12-07,29.48,30.07,29.39,30.07,5283801,40.32,41.13,40.19,41.13,3863400,2026-01-01T03:44:36Z
AMT,2009-12-08,28.64,29.35,28.55,29.29,7309447,39.17,40.14,39.05,40.06,5344500,2026-01-01T03:44:36Z
AMT,2009-12-09,28.79,28.82,28.46,28.71,4827685,39.37,39.41,38.93,39.27,3529900,2026-01-01T03:44:36Z
AMT,2009-12-10,29.32,29.65,28.93,28.93,4122393,40.1,40.55,39.57,39.57,3014200,2026-01-01T03:44:36Z
AMT,2009-12-11,29.28,29.5,29.2,29.5,2415688,40.04,40.35,39.93,40.34,1766300,2026-01-01T03:44:36Z
AMT,2009-12-14,29.85,29.97,29.45,29.6,3210160,40.82,40.99,40.28,40.48,2347200,2026-01-01T03:44:36Z
AMT,2009-12-15,29.94,30.24,29.62,29.69,3312193,40.95,41.36,40.51,40.6,2421800,2026-01-01T03:44:36Z
AMT,2009-12-16,30.4,30.6,30.12,30.15,3947600,41.58,41.85,41.2,41.23,2886400,2026-01-01T03:44:36Z
AMT,2009-12-17,30.46,30.76,30.2,30.34,3549748,41.66,42.07,41.3,41.5,2595500,2026-01-01T03:44:36Z
AMT,2009-12-18,30.8,30.83,30.45,30.55,5082486,42.12,42.16,41.64,41.78,3716200,2026-01-01T03:44:36Z
AMT,2009-12-21,31.19,31.44,31.02,31.27,2695654,42.66,43,42.43,42.77,1971000,2026-01-01T03:44:36Z
AMT,2009-12-22,31.47,31.47,31.07,31.33,2251298,43.04,43.04,42.5,42.85,1646100,2026-01-01T03:44:36Z
