ticker,tradeDate,clsPx,hiPx,loPx,open,stockVolume,unadjClsPx,unadjHiPx,unadjLoPx,unadjOpen,unadjStockVolume,updatedAt
AMZN,2006-01-03,2.38,2.39,2.31,2.37,151642000,47.58,47.85,46.25,47.47,7582100,2022-06-09T23:25:22Z
AMZN,2006-01-04,2.36,2.39,2.33,2.37,148818000,47.25,47.73,46.69,47.49,7440900,2022-06-09T23:25:22Z
AMZN,2006-01-05,2.38,2.41,2.36,2.36,108344000,47.65,48.2,47.11,47.16,5417200,2022-06-09T23:25:22Z
AMZN,2006-01-06,2.39,2.43,2.37,2.4,123084000,47.87,48.58,47.32,47.97,6154200,2022-06-09T23:25:22Z
AMZN,2006-01-09,2.35,2.35,2.32,2.33,178900000,47.08,47.1,46.4,46.55,8945000,2022-06-09T23:25:22Z
AMZN,2006-01-10,2.28,2.34,2.27,2.32,193738000,45.65,46.75,45.36,46.41,9686900,2022-06-09T23:25:22Z
AMZN,2006-01-11,2.25,2.29,2.21,2.28,169946000,44.93,45.7,44.26,45.65,8497300,2022-06-09T23:25:22Z
AMZN,2006-01-12,2.22,2.25,2.2,2.23,116366000,44.36,45.09,44.09,44.67,5818300,2022-06-09T23:25:22Z
AMZN,2006-01-13,2.22,2.24,2.2,2.22,88644000,44.4,44.85,44,44.48,4432200,2022-06-09T23:25:22Z
AMZN,2006-01-17,2.2,2.22,2.18,2.2,112704000,44,44.32,43.66,43.95,5635200,2022-06-09T23:25:22Z
AMZN,2006-01-18,2.22,2.23,2.15,2.16,174888000,44.32,44.59,43.1,43.19,8744400,2022-06-09T23:25:22Z
AMZN,2006-01-19,2.22,2.26,2.21,2.23,103138000,44.45,45.24,44.3,44.5,5156900,2022-06-09T23:25:22Z
AMZN,2006-01-20,2.2,2.22,2.16,2.21,166886000,43.92,44.36,43.2,44.23,8344300,2022-06-09T23:25:22Z
AMZN,2006-01-23,2.19,2.24,2.17,2.21,115056000,43.73,44.75,43.5,44.18,5752800,2022-06-09T23:25:22Z
AMZN,2006-01-24,2.2,2.22,2.17,2.18,86848000,44.02,44.43,43.42,43.66,4342400,2022-06-09T23:25:22Z
AMZN,2006-01-25,2.18,2.22,2.17,2.2,85750000,43.6,44.47,43.34,44.05,4287500,2022-06-09T23:25:22Z
AMZN,2006-01-26,2.23,2.24,2.19,2.2,97818000,44.68,44.78,43.79,43.95,4890900,2022-06-09T23:25:22Z
AMZN,2006-01-27,2.26,2.26,2.23,2.23,83480000,45.22,45.22,44.53,44.55,4174000,2022-06-09T23:25:22Z
AMZN,2006-01-30,2.25,2.3,2.24,2.27,81996000,44.96,45.97,44.74,45.41,4099800,2022-06-09T23:25:22Z
AMZN,2006-01-31,2.24,2.26,2.21,2.24,81120000,44.82,45.21,44.25,44.76,4056000,2022-06-09T23:25:22Z
AMZN,2006-02-01,2.2,2.23,2.17,2.2,150030000,43.98,44.69,43.5,43.92,7501500,2022-06-09T23:25:22Z
AMZN,2006-02-02,2.14,2.2,1.99,2.19,474780000,42.74,44.04,39.8,43.84,23739000,2022-06-09T23:25:22Z
AMZN,2006-02-03,1.92,1.93,1.87,1.89,670656000,38.33,38.5,37.37,37.7,33532800,2022-06-09T23:25:22Z
AMZN,2006-02-06,1.9,1.92,1.89,1.92,170064000,37.95,38.34,37.77,38.34,8503200,2022-06-09T23:25:22Z
AMZN,2006-02-07,1.88,1.91,1.86,1.91,148092000,37.52,38.2,37.2,38.09,7404600,2022-06-09T23:25:22Z
AMZN,2006-02-08,1.91,1.92,1.85,1.89,150892000,38.17,38.39,37.11,37.7,7544600,2022-06-09T23:25:22Z
AMZN,2006-02-09,1.9,1.95,1.9,1.93,138654000,37.99,39,37.93,38.61,6932700,2022-06-09T23:25:22Z
AMZN,2006-02-10,1.93,1.93,1.87,1.9,100234000,38.52,38.52,37.37,37.98,5011700,2022-06-09T23:25:22Z
AMZN,2006-02-13,1.89,1.92,1.88,1.91,95006000,37.86,38.42,37.53,38.25,4750300,2022-06-09T23:25:22Z
AMZN,2006-02-14,1.91,1.93,1.87,1.9,90284000,38.25,38.49,37.38,38.04,4514200,2022-06-09T23:25:22Z
AMZN,2006-02-15,1.96,1.96,1.91,1.91,138054000,39.26,39.28,38.1,38.25,6902700,2022-06-09T23:25:22Z
AMZN,2006-02-16,1.96,2,1.94,1.97,113705992,39.15,40,38.83,39.37,5685300,2022-06-09T23:25:22Z
AMZN,2006-02-17,1.96,1.97,1.95,1.95,91634000,39.19,39.38,38.91,38.93,4581700,2022-06-09T23:25:22Z
AMZN,2006-02-21,1.91,1.96,1.91,1.95,101122000,38.29,39.11,38.26,39.01,5056100,2022-06-09T23:25:22Z
AMZN,2006-02-22,1.94,1.96,1.89,1.92,147150000,38.72,39.1,37.71,38.31,7357500,2022-06-09T23:25:22Z
AMZN,2006-02-23,1.9,1.94,1.89,1.93,185750000,37.9,38.75,37.87,38.62,9287500,2022-06-09T23:25:22Z
AMZN,2006-02-24,1.92,1.92,1.89,1.91,74414000,38.35,38.41,37.86,38.25,3720700,2022-06-09T23:25:22Z
AMZN,2006-02-27,1.9,1.94,1.9,1.92,88982000,38.01,38.78,37.93,38.4,4449100,2022-06-09T23:25:22Z
AMZN,2006-02-28,1.87,1.91,1.85,1.89,183030000,37.44,38.09,37.05,37.79,9151500,2022-06-09T23:25:22Z
AMZN,2006-03-01,1.86,1.89,1.84,1.87,139184000,37.12,37.69,36.85,37.45,6959200,2022-06-09T23:25:22Z
AMZN,2006-03-02,1.84,1.85,1.77,1.78,231694016,36.88,37,35.37,35.64,11584700,2022-06-09T23:25:22Z
AMZN,2006-03-03,1.86,1.89,1.83,1.84,120897992,37.21,37.83,36.67,36.89,6044900,2022-06-09T23:25:22Z
AMZN,2006-03-06,1.84,1.88,1.84,1.87,85166000,36.86,37.58,36.77,37.32,4258300,2022-06-09T23:25:22Z
AMZN,2006-03-07,1.85,1.87,1.83,1.83,94456000,36.93,37.42,36.7,36.71,4722800,2022-06-09T23:25:22Z
AMZN,2006-03-08,1.84,1.87,1.83,1.84,124741992,36.81,37.47,36.61,36.72,6237100,2022-06-09T23:25:22Z
AMZN,2006-03-09,1.81,1.85,1.79,1.84,144002000,36.12,36.96,35.9,36.8,7200100,2022-06-09T23:25:22Z
AMZN,2006-03-10,1.81,1.82,1.79,1.81,99460000,36.22,36.5,35.74,36.25,4973000,2022-06-09T23:25:22Z
AMZN,2006-03-13,1.81,1.83,1.8,1.81,65560000,36.19,36.63,35.97,36.31,3278000,2022-06-09T23:25:22Z
AMZN,2006-03-14,1.85,1.85,1.8,1.8,83702000,36.91,37,36.01,36.04,4185100,2022-06-09T23:25:22Z
AMZN,2006-03-15,1.84,1.85,1.82,1.85,56036000,36.89,37,36.43,36.95,2801800,2022-06-09T23:25:22Z
AMZN,2006-03-16,1.84,1.87,1.84,1.85,96456000,36.77,37.39,36.74,37.08,4822800,2022-06-09T23:25:22Z
AMZN,2006-03-17,1.8,1.85,1.79,1.84,137754000,35.99,36.98,35.85,36.89,6887700,2022-06-09T23:25:22Z
AMZN,2006-03-20,1.81,1.86,1.79,1.8,123416008,36.23,37.27,35.8,35.92,6170800,2022-06-09T23:25:22Z
AMZN,2006-03-21,1.8,1.84,1.78,1.82,133430000,35.92,36.73,35.66,36.33,6671500,2022-06-09T23:25:22Z
AMZN,2006-03-22,1.8,1.83,1.79,1.8,86036000,36,36.54,35.79,36,4301800,2022-06-09T23:25:22Z
AMZN,2006-03-23,1.78,1.82,1.77,1.8,80898000,35.68,36.34,35.48,35.96,4044900,2022-06-09T23:25:22Z
AMZN,2006-03-24,1.77,1.81,1.77,1.79,73642000,35.47,36.12,35.31,35.72,3682100,2022-06-09T23:25:22Z
AMZN,2006-03-27,1.76,1.78,1.76,1.77,74192000,35.25,35.66,35.14,35.5,3709600,2022-06-09T23:25:22Z
AMZN,2006-03-28,1.78,1.8,1.76,1.76,114544008,35.69,36.02,35.2,35.21,5727200,2022-06-09T23:25:22Z
AMZN,2006-03-29,1.82,1.84,1.77,1.78,143982000,36.32,36.81,35.31,35.69,7199100,2022-06-09T23:25:22Z
AMZN,2006-03-30,1.83,1.84,1.81,1.82,80984000,36.67,36.9,36.18,36.45,4049200,2022-06-09T23:25:22Z
AMZN,2006-03-31,1.83,1.84,1.82,1.83,53428000,36.53,36.77,36.48,36.68,2671400,2022-06-09T23:25:22Z
AMZN,2006-04-03,1.81,1.87,1.8,1.83,101078000,36.14,37.33,36.1,36.67,5053900,2022-06-09T23:25:22Z
AMZN,2006-04-04,1.84,1.85,1.8,1.81,74356000,36.77,37.1,36.02,36.14,3717800,2022-06-09T23:25:22Z
AMZN,2006-04-05,1.87,1.87,1.81,1.83,111190000,37.34,37.34,36.27,36.66,5559500,2022-06-09T23:25:22Z
AMZN,2006-04-06,1.93,1.94,1.86,1.86,185890000,38.51,38.84,37.13,37.2,9294500,2022-06-09T23:25:22Z
AMZN,2006-04-07,1.85,1.93,1.85,1.93,114406000,37.09,38.67,37,38.55,5720300,2022-06-09T23:25:22Z
AMZN,2006-04-10,1.83,1.86,1.81,1.86,94958000,36.61,37.28,36.22,37.16,4747900,2022-06-09T23:25:22Z
AMZN,2006-04-11,1.8,1.84,1.78,1.83,132112000,36.06,36.75,35.52,36.61,6605600,2022-06-09T23:25:22Z
AMZN,2006-04-12,1.81,1.82,1.8,1.8,57116000,36.13,36.44,35.91,35.91,2855800,2022-06-09T23:25:22Z
AMZN,2006-04-13,1.83,1.84,1.77,1.8,74302000,36.62,36.72,35.49,35.95,3715100,2022-06-09T23:25:22Z
AMZN,2006-04-17,1.76,1.83,1.75,1.82,88844000,35.27,36.62,35.05,36.47,4442200,2022-06-09T23:25:22Z
AMZN,2006-04-18,1.81,1.82,1.76,1.77,91914000,36.28,36.45,35.2,35.39,4595700,2022-06-09T23:25:22Z
AMZN,2006-04-19,1.84,1.85,1.79,1.81,85638000,36.89,36.96,35.89,36.12,4281900,2022-06-09T23:25:22Z
AMZN,2006-04-20,1.82,1.86,1.81,1.83,107750000,36.34,37.2,36.23,36.7,5387500,2022-06-09T23:25:22Z
AMZN,2006-04-21,1.8,1.84,1.79,1.83,88470000,36.03,36.78,35.72,36.62,4423500,2022-06-09T23:25:22Z
AMZN,2006-04-24,1.79,1.81,1.77,1.81,61762000,35.79,36.12,35.32,36.12,3088100,2022-06-09T23:25:22Z
AMZN,2006-04-25,1.78,1.79,1.75,1.78,256363984,35.55,35.77,35.01,35.59,12818200,2022-06-09T23:25:22Z
AMZN,2006-04-26,1.79,1.82,1.76,1.77,221440016,35.79,36.35,35.15,35.34,11072000,2022-06-09T23:25:22Z
AMZN,2006-04-27,1.79,1.79,1.76,1.78,118702000,35.74,35.87,35.3,35.51,5935100,2022-06-09T23:25:22Z
AMZN,2006-04-28,1.76,1.79,1.76,1.79,69866000,35.21,35.89,35.14,35.77,3493300,2022-06-09T23:25:22Z
AMZN,2006-05-01,1.73,1.78,1.72,1.76,141452000,34.59,35.57,34.44,35.19,7072600,2022-06-09T23:25:22Z
AMZN,2006-05-02,1.72,1.75,1.71,1.73,117152000,34.38,34.94,34.23,34.64,5857600,2022-06-09T23:25:22Z
AMZN,2006-05-03,1.7,1.72,1.68,1.71,151738000,33.96,34.39,33.51,34.29,7586900,2022-06-09T23:25:22Z
AMZN,2006-05-04,1.72,1.74,1.72,1.73,119958000,34.47,34.72,34.38,34.62,5997900,2022-06-09T23:25:22Z
AMZN,2006-05-05,1.75,1.75,1.71,1.73,114836008,35.04,35.04,34.15,34.65,5741800,2022-06-09T23:25:22Z
AMZN,2006-05-08,1.73,1.77,1.72,1.75,84754000,34.69,35.31,34.47,34.99,4237700,2022-06-09T23:25:22Z
AMZN,2006-05-09,1.74,1.76,1.71,1.72,109712000,34.84,35.26,34.21,34.42,5485600,2022-06-09T23:25:22Z
AMZN,2006-05-10,1.71,1.75,1.71,1.73,66032004,34.16,35,34.1,34.68,3301600,2022-06-09T23:25:22Z
AMZN,2006-05-11,1.68,1.71,1.65,1.71,153918000,33.53,34.15,33.08,34.12,7695900,2022-06-09T23:25:22Z
AMZN,2006-05-12,1.64,1.69,1.63,1.68,97508000,32.73,33.78,32.55,33.56,4875400,2022-06-09T23:25:22Z
AMZN,2006-05-15,1.64,1.64,1.61,1.63,86214000,32.78,32.85,32.21,32.55,4310700,2022-06-09T23:25:22Z
AMZN,2006-05-16,1.64,1.65,1.62,1.64,77678000,32.76,33.02,32.32,32.84,3883900,2022-06-09T23:25:22Z
AMZN,2006-05-17,1.58,1.64,1.58,1.62,136620000,31.61,32.7,31.53,32.45,6831000,2022-06-09T23:25:22Z
AMZN,2006-05-18,1.63,1.68,1.58,1.58,240542000,32.61,33.64,31.52,31.71,12027100,2022-06-09T23:25:22Z
AMZN,2006-05-19,1.7,1.7,1.6,1.63,196362000,33.94,34,32.03,32.66,9818100,2022-06-09T23:25:22Z
AMZN,2006-05-22,1.74,1.75,1.66,1.7,222510000,34.83,34.99,33.18,33.96,11125500,2022-06-09T23:25:22Z
AMZN,2006-05-23,1.69,1.8,1.69,1.75,176496000,33.76,36,33.76,35,8824800,2022-06-09T23:25:22Z
AMZN,2006-05-24,1.76,1.76,1.67,1.67,190860000,35.19,35.23,33.37,33.41,9543000,2022-06-09T23:25:22Z
AMZN,2006-05-25,1.78,1.78,1.73,1.77,116912000,35.63,35.69,34.6,35.36,5845600,2022-06-09T23:25:22Z
AMZN,2006-05-26,1.8,1.82,1.77,1.78,90486000,36.07,36.5,35.46,35.66,4524300,2022-06-09T23:25:22Z
AMZN,2006-05-30,1.73,1.79,1.72,1.79,118414000,34.64,35.75,34.44,35.73,5920700,2022-06-09T23:25:22Z
AMZN,2006-05-31,1.73,1.75,1.69,1.74,103932000,34.61,34.94,33.73,34.74,5196600,2022-06-09T23:25:22Z
AMZN,2006-06-01,1.75,1.77,1.72,1.73,118642000,35.07,35.45,34.3,34.63,5932100,2022-06-09T23:25:22Z
AMZN,2006-06-02,1.74,1.76,1.7,1.76,108862000,34.76,35.22,34.05,35.19,5443100,2022-06-09T23:25:22Z
AMZN,2006-06-05,1.67,1.73,1.66,1.72,100988000,33.49,34.54,33.27,34.46,5049400,2022-06-09T23:25:22Z
AMZN,2006-06-06,1.67,1.69,1.65,1.68,85532000,33.41,33.8,32.93,33.58,4276600,2022-06-09T23:25:22Z
AMZN,2006-06-07,1.69,1.73,1.65,1.67,106098000,33.77,34.54,32.91,33.4,5304900,2022-06-09T23:25:22Z
AMZN,2006-06-08,1.68,1.7,1.62,1.68,166220000,33.55,34.06,32.42,33.55,8311000,2022-06-09T23:25:22Z
AMZN,2006-06-09,1.69,1.72,1.67,1.68,104656000,33.78,34.35,33.45,33.5,5232800,2022-06-09T23:25:22Z
AMZN,2006-06-12,1.68,1.72,1.68,1.7,83932000,33.6,34.45,33.49,34,4196600,2022-06-09T23:25:22Z
AMZN,2006-06-13,1.67,1.71,1.66,1.68,108060000,33.47,34.17,33.14,33.49,5403000,2022-06-09T23:25:22Z
AMZN,2006-06-14,1.68,1.7,1.65,1.68,97382000,33.68,33.99,33.08,33.5,4869100,2022-06-09T23:25:22Z
AMZN,2006-06-15,1.75,1.76,1.68,1.69,124129992,34.96,35.17,33.67,33.84,6206500,2022-06-09T23:25:22Z
AMZN,2006-06-16,1.75,1.76,1.74,1.74,102716000,35.09,35.26,34.7,34.88,5135800,2022-06-09T23:25:22Z
AMZN,2006-06-19,1.75,1.77,1.75,1.76,84232000,35.07,35.48,35.04,35.2,4211600,2022-06-09T23:25:22Z
AMZN,2006-06-20,1.77,1.78,1.74,1.75,89310000,35.48,35.65,34.88,35.01,4465500,2022-06-09T23:25:22Z
AMZN,2006-06-21,1.83,1.85,1.77,1.77,157420000,36.65,37.05,35.34,35.34,7871000,2022-06-09T23:25:22Z
AMZN,2006-06-22,1.82,1.84,1.81,1.83,95004000,36.37,36.85,36.11,36.55,4750200,2022-06-09T23:25:22Z
AMZN,2006-06-23,1.83,1.83,1.8,1.82,78466000,36.55,36.65,36.02,36.46,3923300,2022-06-09T23:25:22Z
AMZN,2006-06-26,1.84,1.86,1.82,1.83,72114000,36.77,37.17,36.43,36.55,3605700,2022-06-09T23:25:22Z
AMZN,2006-06-27,1.82,1.88,1.81,1.84,112817992,36.48,37.5,36.17,36.72,5640900,2022-06-09T23:25:22Z
AMZN,2006-06-28,1.83,1.85,1.82,1.83,75064000,36.7,37.11,36.48,36.7,3753200,2022-06-09T23:25:22Z
AMZN,2006-06-29,1.93,1.93,1.83,1.84,127452000,38.52,38.57,36.7,36.82,6372600,2022-06-09T23:25:22Z
AMZN,2006-06-30,1.93,1.94,1.89,1.93,103940000,38.68,38.84,37.83,38.58,5197000,2022-06-09T23:25:22Z
AMZN,2006-07-03,1.93,1.93,1.91,1.93,28725998,38.61,38.62,38.23,38.52,1436300,2022-06-09T23:25:22Z
AMZN,2006-07-05,1.86,1.92,1.84,1.91,114702000,37.11,38.43,36.78,38.28,5735100,2022-06-09T23:25:22Z
AMZN,2006-07-06,1.84,1.89,1.83,1.85,87454000,36.8,37.74,36.52,37.07,4372700,2022-06-09T23:25:22Z
AMZN,2006-07-07,1.81,1.86,1.79,1.83,100082000,36.11,37.28,35.75,36.71,5004100,2022-06-09T23:25:22Z
AMZN,2006-07-10,1.79,1.83,1.77,1.81,77534000,35.79,36.7,35.4,36.3,3876700,2022-06-09T23:25:22Z
AMZN,2006-07-11,1.78,1.8,1.75,1.79,121792000,35.66,35.92,35.01,35.74,6089600,2022-06-09T23:25:22Z
AMZN,2006-07-12,1.73,1.79,1.73,1.78,97892000,34.63,35.9,34.57,35.6,4894600,2022-06-09T23:25:22Z
AMZN,2006-07-13,1.69,1.73,1.69,1.72,129108008,33.73,34.63,33.71,34.33,6455400,2022-06-09T23:25:22Z
AMZN,2006-07-14,1.65,1.69,1.64,1.68,161894000,32.92,33.73,32.8,33.51,8094700,2022-06-09T23:25:22Z
AMZN,2006-07-17,1.68,1.7,1.64,1.64,144670000,33.67,33.93,32.79,32.79,7233500,2022-06-09T23:25:22Z
AMZN,2006-07-18,1.67,1.71,1.65,1.68,104384000,33.49,34.29,32.96,33.65,5219200,2022-06-09T23:25:22Z
AMZN,2006-07-19,1.72,1.74,1.67,1.68,177332000,34.48,34.77,33.39,33.5,8866600,2022-06-09T23:25:22Z
AMZN,2006-07-20,1.71,1.74,1.69,1.72,116738008,34.18,34.81,33.83,34.39,5836900,2022-06-09T23:25:22Z
AMZN,2006-07-21,1.66,1.7,1.65,1.69,142730000,33.19,33.97,32.92,33.85,7136500,2022-06-09T23:25:22Z
AMZN,2006-07-24,1.72,1.73,1.67,1.67,147728000,34.31,34.68,33.34,33.35,7386400,2022-06-09T23:25:22Z
AMZN,2006-07-25,1.68,1.71,1.67,1.7,359953984,33.59,34.16,33.39,34,17997700,2022-06-09T23:25:22Z
AMZN,2006-07-26,1.31,1.45,1.3,1.44,1539788032,26.26,29,25.96,28.76,76989400,2022-06-09T23:25:22Z
AMZN,2006-07-27,1.33,1.34,1.3,1.32,527876032,26.56,26.8,26,26.45,26393800,2022-06-09T23:25:22Z
AMZN,2006-07-28,1.36,1.36,1.33,1.34,248456000,27.17,27.18,26.57,26.8,12422800,2022-06-09T23:25:22Z
AMZN,2006-07-31,1.34,1.36,1.34,1.35,161524000,26.89,27.29,26.74,27.02,8076200,2022-06-09T23:25:22Z
AMZN,2006-08-01,1.32,1.33,1.29,1.33,271249984,26.32,26.64,25.84,26.55,13562500,2022-06-09T23:25:22Z
AMZN,2006-08-02,1.3,1.31,1.29,1.31,156260000,26.09,26.3,25.89,26.15,7813000,2022-06-09T23:25:22Z
AMZN,2006-08-03,1.33,1.34,1.29,1.3,138878000,26.69,26.9,25.9,26.09,6943900,2022-06-09T23:25:22Z
AMZN,2006-08-04,1.36,1.38,1.34,1.35,205052000,27.29,27.59,26.8,26.94,10252600,2022-06-09T23:25:22Z
AMZN,2006-08-07,1.34,1.36,1.33,1.36,109538000,26.78,27.29,26.59,27.19,5476900,2022-06-09T23:25:22Z
AMZN,2006-08-08,1.32,1.35,1.31,1.34,145334000,26.36,27.02,26.19,26.8,7266700,2022-06-09T23:25:22Z
AMZN,2006-08-09,1.31,1.33,1.3,1.33,138224000,26.21,26.7,26,26.54,6911200,2022-06-09T23:25:22Z
AMZN,2006-08-10,1.32,1.33,1.29,1.31,128112000,26.49,26.52,25.88,26.2,6405600,2022-06-09T23:25:22Z
AMZN,2006-08-11,1.3,1.32,1.29,1.32,102318000,26.07,26.43,25.76,26.43,5115900,2022-06-09T23:25:22Z
AMZN,2006-08-14,1.33,1.35,1.31,1.31,102560000,26.53,27.06,26.18,26.22,5128000,2022-06-09T23:25:22Z
AMZN,2006-08-15,1.39,1.39,1.33,1.35,164032000,27.77,27.86,26.62,26.97,8201600,2022-06-09T23:25:22Z
AMZN,2006-08-16,1.4,1.41,1.38,1.4,152732000,27.95,28.14,27.52,27.97,7636600,2022-06-09T23:25:22Z
AMZN,2006-08-17,1.45,1.49,1.39,1.4,191550000,29.09,29.75,27.83,27.96,9577500,2022-06-09T23:25:22Z
AMZN,2006-08-18,1.46,1.46,1.41,1.45,119972000,29.12,29.23,28.22,29.09,5998600,2022-06-09T23:25:22Z
AMZN,2006-08-21,1.41,1.45,1.4,1.41,106702000,28.13,28.98,27.97,28.11,5335100,2022-06-09T23:25:22Z
AMZN,2006-08-22,1.42,1.44,1.4,1.41,91746000,28.37,28.89,28.05,28.14,4587300,2022-06-09T23:25:22Z
AMZN,2006-08-23,1.41,1.44,1.39,1.43,94540000,28.14,28.89,27.77,28.56,4727000,2022-06-09T23:25:22Z
AMZN,2006-08-24,1.4,1.41,1.38,1.41,90344000,27.97,28.25,27.54,28.24,4517200,2022-06-09T23:25:22Z
AMZN,2006-08-25,1.4,1.41,1.38,1.39,70850000,28.03,28.23,27.62,27.79,3542500,2022-06-09T23:25:22Z
AMZN,2006-08-28,1.45,1.45,1.41,1.42,121348008,28.91,29,28.27,28.4,6067400,2022-06-09T23:25:22Z
AMZN,2006-08-29,1.48,1.49,1.44,1.45,147972000,29.52,29.72,28.75,28.97,7398600,2022-06-09T23:25:22Z
AMZN,2006-08-30,1.53,1.54,1.47,1.48,226124000,30.67,30.85,29.48,29.57,11306200,2022-06-09T23:25:22Z
AMZN,2006-08-31,1.54,1.55,1.52,1.54,119336000,30.83,30.99,30.47,30.75,5966800,2022-06-09T23:25:22Z
AMZN,2006-09-01,1.59,1.59,1.54,1.54,131273992,31.76,31.8,30.85,30.85,6563700,2022-06-09T23:25:22Z
AMZN,2006-09-05,1.61,1.61,1.56,1.58,149368000,32.23,32.3,31.24,31.61,7468400,2022-06-09T23:25:22Z
AMZN,2006-09-06,1.54,1.6,1.53,1.59,182306000,30.8,31.98,30.65,31.76,9115300,2022-06-09T23:25:22Z
AMZN,2006-09-07,1.49,1.53,1.48,1.53,178060000,29.73,30.64,29.68,30.57,8903000,2022-06-09T23:25:22Z
AMZN,2006-09-08,1.53,1.53,1.5,1.51,104542000,30.51,30.66,29.94,30.19,5227100,2022-06-09T23:25:22Z
AMZN,2006-09-11,1.54,1.56,1.49,1.51,148076000,30.79,31.13,29.72,30.23,7403800,2022-06-09T23:25:22Z
AMZN,2006-09-12,1.59,1.6,1.53,1.54,130666008,31.72,31.94,30.53,30.87,6533300,2022-06-09T23:25:22Z
AMZN,2006-09-13,1.58,1.6,1.57,1.59,87464000,31.67,31.96,31.37,31.73,4373200,2022-06-09T23:25:22Z
AMZN,2006-09-14,1.58,1.59,1.56,1.58,74114000,31.65,31.87,31.18,31.54,3705700,2022-06-09T23:25:22Z
AMZN,2006-09-15,1.63,1.64,1.58,1.59,206190000,32.52,32.74,31.58,31.9,10309500,2022-06-09T23:25:22Z
AMZN,2006-09-18,1.6,1.63,1.59,1.62,102462000,32.08,32.67,31.88,32.45,5123100,2022-06-09T23:25:22Z
AMZN,2006-09-19,1.58,1.61,1.54,1.61,170926000,31.58,32.3,30.82,32.24,8546300,2022-06-09T23:25:22Z
AMZN,2006-09-20,1.61,1.64,1.59,1.59,170898000,32.12,32.81,31.8,31.81,8544900,2022-06-09T23:25:22Z
AMZN,2006-09-21,1.51,1.63,1.5,1.61,311100000,30.22,32.56,30.07,32.24,15555000,2022-06-09T23:25:22Z
AMZN,2006-09-22,1.54,1.55,1.5,1.51,144984000,30.84,30.95,29.9,30.22,7249200,2022-06-09T23:25:22Z
AMZN,2006-09-25,1.59,1.6,1.54,1.55,132368000,31.79,31.97,30.74,31.05,6618400,2022-06-09T23:25:22Z
AMZN,2006-09-26,1.62,1.63,1.59,1.59,132025992,32.5,32.59,31.8,31.89,6601300,2022-06-09T23:25:22Z
AMZN,2006-09-27,1.62,1.62,1.6,1.61,109334000,32.33,32.46,31.93,32.28,5466700,2022-06-09T23:25:22Z
AMZN,2006-09-28,1.59,1.62,1.56,1.61,149990000,31.84,32.33,31.22,32.27,7499500,2022-06-09T23:25:22Z
AMZN,2006-09-29,1.61,1.62,1.58,1.6,104544000,32.12,32.34,31.54,32.01,5227200,2022-06-09T23:25:22Z
AMZN,2006-10-02,1.54,1.6,1.54,1.6,136300000,30.87,32.03,30.83,31.98,6815000,2022-06-09T23:25:22Z
AMZN,2006-10-03,1.58,1.6,1.53,1.54,160664000,31.7,32,30.58,30.9,8033200,2022-06-09T23:25:22Z
AMZN,2006-10-04,1.64,1.64,1.56,1.59,141204000,32.76,32.83,31.3,31.75,7060200,2022-06-09T23:25:22Z
AMZN,2006-10-05,1.67,1.67,1.62,1.63,169118000,33.32,33.4,32.4,32.68,8455900,2022-06-09T23:25:22Z
AMZN,2006-10-06,1.63,1.66,1.62,1.66,84340000,32.59,33.22,32.5,33.15,4217000,2022-06-09T23:25:22Z
AMZN,2006-10-09,1.67,1.67,1.62,1.62,105786000,33.38,33.48,32.45,32.49,5289300,2022-06-09T23:25:22Z
AMZN,2006-10-10,1.63,1.68,1.62,1.66,126910008,32.62,33.58,32.49,33.27,6345500,2022-06-09T23:25:22Z
AMZN,2006-10-11,1.65,1.66,1.61,1.63,134542000,32.91,33.15,32.27,32.61,6727100,2022-06-09T23:25:22Z
AMZN,2006-10-12,1.68,1.69,1.63,1.66,119626008,33.55,33.71,32.63,33.1,5981300,2022-06-09T23:25:22Z
AMZN,2006-10-13,1.67,1.68,1.65,1.67,81362000,33.32,33.58,33.08,33.35,4068100,2022-06-09T23:25:22Z
AMZN,2006-10-16,1.63,1.66,1.63,1.64,135400000,32.6,33.2,32.55,32.85,6770000,2022-06-09T23:25:22Z
AMZN,2006-10-17,1.62,1.63,1.59,1.61,132714008,32.47,32.61,31.75,32.2,6635700,2022-06-09T23:25:22Z
AMZN,2006-10-18,1.62,1.64,1.6,1.63,106874000,32.31,32.78,32,32.57,5343700,2022-06-09T23:25:22Z
AMZN,2006-10-19,1.63,1.64,1.6,1.61,80784000,32.54,32.84,32.1,32.17,4039200,2022-06-09T23:25:22Z
AMZN,2006-10-20,1.63,1.64,1.61,1.64,116786000,32.57,32.69,32.21,32.69,5839300,2022-06-09T23:25:22Z
AMZN,2006-10-23,1.64,1.65,1.61,1.62,161152000,32.88,32.91,32.14,32.47,8057600,2022-06-09T23:25:22Z
AMZN,2006-10-24,1.68,1.9,1.64,1.64,468330016,33.63,38,32.86,32.87,23416500,2022-06-09T23:25:22Z
AMZN,2006-10-25,1.88,1.9,1.8,1.86,933536000,37.68,37.98,36.04,37.3,46676800,2022-06-09T23:25:22Z
AMZN,2006-10-26,1.92,1.93,1.86,1.86,341529984,38.3,38.49,37.18,37.25,17076500,2022-06-09T23:25:22Z
AMZN,2006-10-27,1.91,1.92,1.88,1.91,197530000,38.24,38.38,37.66,38.15,9876500,2022-06-09T23:25:22Z
AMZN,2006-10-30,1.91,1.92,1.88,1.9,137598000,38.15,38.34,37.68,38.05,6879900,2022-06-09T23:25:22Z
AMZN,2006-10-31,1.9,1.93,1.89,1.91,123806000,38.09,38.59,37.8,38.22,6190300,2022-06-09T23:25:22Z
AMZN,2006-11-01,1.88,1.91,1.87,1.91,133394008,37.56,38.2,37.46,38.13,6669700,2022-06-09T23:25:22Z
AMZN,2006-11-02,1.87,1.89,1.85,1.87,108946000,37.45,37.77,37.11,37.33,5447300,2022-06-09T23:25:22Z
AMZN,2006-11-03,1.87,1.89,1.84,1.88,102484000,37.46,37.71,36.87,37.61,5124200,2022-06-09T23:25:22Z
AMZN,2006-11-06,1.91,1.92,1.88,1.88,90802000,38.21,38.35,37.53,37.64,4540100,2022-06-09T23:25:22Z
AMZN,2006-11-07,1.94,1.95,1.9,1.91,154932000,38.77,39,38.04,38.2,7746600,2022-06-09T23:25:22Z
AMZN,2006-11-08,1.97,1.97,1.92,1.93,163290000,39.47,39.48,38.46,38.58,8164500,2022-06-09T23:25:22Z
AMZN,2006-11-09,1.94,1.99,1.94,1.98,116156008,38.84,39.77,38.81,39.5,5807800,2022-06-09T23:25:22Z
AMZN,2006-11-10,1.96,1.97,1.94,1.94,89908000,39.26,39.36,38.76,38.79,4495400,2022-06-09T23:25:22Z
AMZN,2006-11-13,2,2,1.96,1.96,138958000,39.99,40,39.13,39.23,6947900,2022-06-09T23:25:22Z
AMZN,2006-11-14,2.08,2.08,1.98,2.01,219058000,41.51,41.67,39.62,40.11,10952900,2022-06-09T23:25:22Z
AMZN,2006-11-15,2.13,2.15,2.08,2.08,270737984,42.6,43.1,41.5,41.5,13536900,2022-06-09T23:25:22Z
AMZN,2006-11-16,2.14,2.15,2.12,2.12,213692000,42.84,42.95,42.4,42.45,10684600,2022-06-09T23:25:22Z
AMZN,2006-11-17,2.13,2.13,2.11,2.13,130171992,42.55,42.67,42.22,42.55,6508600,2022-06-09T23:25:22Z
AMZN,2006-11-20,2.12,2.13,2.1,2.12,115927992,42.44,42.55,41.94,42.35,5796400,2022-06-09T23:25:22Z
AMZN,2006-11-21,2.13,2.16,2.11,2.13,139690000,42.54,43.25,42.12,42.55,6984500,2022-06-09T23:25:22Z
AMZN,2006-11-22,2.15,2.15,2.11,2.12,90714000,42.96,42.98,42.18,42.5,4535700,2022-06-09T23:25:22Z
AMZN,2006-11-24,2.12,2.15,2.12,2.13,44886000,42.41,42.94,42.31,42.56,2244300,2022-06-09T23:25:22Z
AMZN,2006-11-27,2.04,2.14,2.04,2.11,178370000,40.85,42.8,40.72,42.18,8918500,2022-06-09T23:25:22Z
AMZN,2006-11-28,2.05,2.05,2.02,2.04,141890000,40.92,41.07,40.3,40.75,7094500,2022-06-09T23:25:22Z
AMZN,2006-11-29,2.03,2.06,2,2.02,157068000,40.63,41.1,40,40.48,7853400,2022-06-09T23:25:22Z
AMZN,2006-11-30,2.02,2.03,1.99,2.02,126614008,40.34,40.64,39.85,40.42,6330700,2022-06-09T23:25:22Z
AMZN,2006-12-01,1.97,2.03,1.95,2.01,166142000,39.41,40.54,39.09,40.26,8307100,2022-06-09T23:25:22Z
AMZN,2006-12-04,1.96,1.97,1.94,1.97,194430000,39.1,39.48,38.87,39.38,9721500,2022-06-09T23:25:22Z
AMZN,2006-12-05,1.95,1.97,1.94,1.96,114766000,38.98,39.3,38.72,39.13,5738300,2022-06-09T23:25:22Z
AMZN,2006-12-06,1.95,1.98,1.93,1.94,115542000,38.9,39.58,38.64,38.77,5777100,2022-06-09T23:25:22Z
AMZN,2006-12-07,1.91,1.95,1.9,1.95,132413992,38.12,39.09,38.05,38.93,6620700,2022-06-09T23:25:22Z
AMZN,2006-12-08,1.92,1.95,1.89,1.9,102794000,38.46,38.95,37.7,37.92,5139700,2022-06-09T23:25:22Z
AMZN,2006-12-11,1.93,1.96,1.9,1.91,96904000,38.69,39.15,38.08,38.22,4845200,2022-06-09T23:25:22Z
AMZN,2006-12-12,1.92,1.95,1.91,1.92,102122000,38.46,38.94,38.15,38.44,5106100,2022-06-09T23:25:22Z
AMZN,2006-12-13,1.93,1.96,1.91,1.93,93292000,38.5,39.19,38.19,38.61,4664600,2022-06-09T23:25:22Z
AMZN,2006-12-14,1.95,1.98,1.93,1.94,126068000,39.02,39.54,38.6,38.74,6303400,2022-06-09T23:25:22Z
AMZN,2006-12-15,2,2.01,1.96,1.97,162566000,40.01,40.19,39.23,39.38,8128300,2022-06-09T23:25:22Z
AMZN,2006-12-18,1.96,2.03,1.94,2.01,129746000,39.26,40.64,38.86,40.2,6487300,2022-06-09T23:25:22Z
AMZN,2006-12-19,1.97,1.99,1.91,1.94,150036000,39.42,39.72,38.23,38.78,7501800,2022-06-09T23:25:22Z
AMZN,2006-12-20,2,2.02,1.97,1.97,156026000,40.01,40.3,39.39,39.43,7801300,2022-06-09T23:25:22Z
AMZN,2006-12-21,1.99,2.02,1.98,1.99,130851992,39.89,40.34,39.65,39.87,6542600,2022-06-09T23:25:22Z
AMZN,2006-12-22,2.01,2.03,2,2,111702000,40.24,40.51,39.91,39.98,5585100,2022-06-09T23:25:22Z
AMZN,2006-12-26,1.99,2.01,1.97,2.01,89472000,39.8,40.13,39.42,40.13,4473600,2022-06-09T23:25:22Z
AMZN,2006-12-27,2.01,2.02,1.99,1.99,70682000,40.29,40.47,39.8,39.86,3534100,2022-06-09T23:25:22Z
AMZN,2006-12-28,2.01,2.03,2,2.02,91658000,40.21,40.63,39.92,40.38,4582900,2022-06-09T23:25:22Z
AMZN,2006-12-29,1.97,2.01,1.97,2,83956000,39.46,40.25,39.35,40.06,4197800,2022-06-09T23:25:22Z
AMZN,2007-01-03,1.94,1.95,1.9,1.93,248200016,38.7,39.06,38.05,38.68,12410000,2022-06-09T23:25:22Z
AMZN,2007-01-04,1.95,1.96,1.91,1.93,126540000,38.9,39.14,38.26,38.59,6327000,2022-06-09T23:25:22Z
AMZN,2007-01-05,1.92,1.94,1.88,1.94,132416000,38.37,38.79,37.6,38.72,6620800,2022-06-09T23:25:22Z
AMZN,2007-01-08,1.88,1.92,1.86,1.91,132980000,37.5,38.31,37.17,38.22,6649000,2022-06-09T23:25:22Z
AMZN,2007-01-09,1.89,1.9,1.87,1.88,113996008,37.78,38.06,37.34,37.6,5699800,2022-06-09T23:25:22Z
AMZN,2007-01-10,1.86,1.89,1.85,1.87,129538000,37.15,37.7,37.07,37.49,6476900,2022-06-09T23:25:22Z
AMZN,2007-01-11,1.87,1.9,1.86,1.86,129310000,37.4,38,37.17,37.17,6465500,2022-06-09T23:25:22Z
AMZN,2007-01-12,1.91,1.91,1.86,1.87,89306000,38.2,38.21,37.27,37.36,4465300,2022-06-09T23:25:22Z
AMZN,2007-01-16,1.93,1.94,1.9,1.92,112797992,38.66,38.89,37.97,38.4,5639900,2022-06-09T23:25:22Z
AMZN,2007-01-17,1.89,1.95,1.89,1.94,100994000,37.88,39,37.78,38.7,5049700,2022-06-09T23:25:22Z
AMZN,2007-01-18,1.85,1.88,1.84,1.88,182088000,36.98,37.65,36.72,37.5,9104400,2022-06-09T23:25:22Z
AMZN,2007-01-19,1.85,1.87,1.83,1.83,121928000,37.02,37.48,36.6,36.69,6096400,2022-06-09T23:25:22Z
AMZN,2007-01-22,1.85,1.9,1.84,1.88,166270000,36.95,37.9,36.8,37.65,8313500,2022-06-09T23:25:22Z
AMZN,2007-01-23,1.82,1.85,1.81,1.84,106308000,36.43,37.07,36.3,36.9,5315400,2022-06-09T23:25:22Z
AMZN,2007-01-24,1.86,1.87,1.82,1.82,105454000,37.26,37.36,36.5,36.51,5272700,2022-06-09T23:25:22Z
AMZN,2007-01-25,1.85,1.91,1.84,1.9,134958000,37.08,38.23,36.78,38.08,6747900,2022-06-09T23:25:22Z
AMZN,2007-01-26,1.84,1.86,1.81,1.86,82778000,36.85,37.26,36.3,37.26,4138900,2022-06-09T23:25:22Z
AMZN,2007-01-29,1.87,1.87,1.83,1.83,147920000,37.43,37.45,36.54,36.7,7396000,2022-06-09T23:25:22Z
AMZN,2007-01-30,1.85,1.87,1.83,1.86,96266000,37.05,37.42,36.63,37.29,4813300,2022-06-09T23:25:22Z
AMZN,2007-01-31,1.88,1.91,1.84,1.85,144450000,37.67,38.19,36.76,36.95,7222500,2022-06-09T23:25:22Z
AMZN,2007-02-01,1.94,1.97,1.89,1.9,523473984,38.7,39.3,37.85,37.95,26173700,2022-06-09T23:25:22Z
AMZN,2007-02-02,1.87,1.89,1.83,1.86,514472032,37.39,37.74,36.68,37.23,25723600,2022-06-09T23:25:22Z
AMZN,2007-02-05,1.86,1.87,1.84,1.86,122266008,37.16,37.42,36.77,37.25,6113300,2022-06-09T23:25:22Z
AMZN,2007-02-06,1.91,1.92,1.85,1.86,172088000,38.27,38.41,37.08,37.2,8604400,2022-06-09T23:25:22Z
AMZN,2007-02-07,1.95,1.98,1.92,1.93,209824000,38.98,39.52,38.4,38.49,10491200,2022-06-09T23:25:22Z
AMZN,2007-02-08,1.96,1.98,1.93,1.95,109648000,39.1,39.51,38.67,38.95,5482400,2022-06-09T23:25:22Z
AMZN,2007-02-09,1.94,1.97,1.93,1.96,119052000,38.72,39.31,38.66,39.19,5952600,2022-06-09T23:25:22Z
AMZN,2007-02-12,1.94,1.95,1.92,1.94,76524000,38.85,38.99,38.36,38.79,3826200,2022-06-09T23:25:22Z
AMZN,2007-02-13,1.97,1.98,1.94,1.94,89716000,39.31,39.61,38.85,38.85,4485800,2022-06-09T23:25:22Z
AMZN,2007-02-14,2.01,2.01,1.96,1.96,136266000,40.14,40.28,39.14,39.23,6813300,2022-06-09T23:25:22Z
AMZN,2007-02-15,2,2.02,1.99,2.01,101806000,40.06,40.32,39.86,40.14,5090300,2022-06-09T23:25:22Z
AMZN,2007-02-16,2.02,2.02,1.99,2,93628000,40.33,40.44,39.87,39.9,4681400,2022-06-09T23:25:22Z
AMZN,2007-02-20,2.08,2.09,2,2.01,178188000,41.51,41.74,40,40.13,8909400,2022-06-09T23:25:22Z
AMZN,2007-02-21,2.06,2.07,2.05,2.06,89266000,41.26,41.32,40.92,41.19,4463300,2022-06-09T23:25:22Z
AMZN,2007-02-22,2.05,2.1,2.04,2.07,98326000,41,42,40.89,41.4,4916300,2022-06-09T23:25:22Z
AMZN,2007-02-23,2.04,2.06,2.04,2.05,123013992,40.78,41.2,40.74,41,6150700,2022-06-09T23:25:22Z
AMZN,2007-02-26,2.04,2.06,2.02,2.04,80744000,40.88,41.2,40.4,40.86,4037200,2022-06-09T23:25:22Z
AMZN,2007-02-27,1.94,2.03,1.94,2.01,177078000,38.83,40.54,38.78,40.19,8853900,2022-06-09T23:25:22Z
AMZN,2007-02-28,1.96,1.98,1.9,1.95,153986000,39.14,39.58,38.08,38.91,7699300,2022-06-09T23:25:22Z
AMZN,2007-03-01,1.94,1.97,1.9,1.97,185054000,38.85,39.32,38.05,39.32,9252700,2022-06-09T23:25:22Z
AMZN,2007-03-02,1.88,1.94,1.89,1.92,155338000,37.69,38.87,37.69,38.32,7766900,2022-06-09T23:25:22Z
AMZN,2007-03-05,1.85,1.92,1.85,1.86,191268000,37.05,38.32,37.04,37.15,9563400,2022-06-09T23:25:22Z
AMZN,2007-03-06,1.93,1.93,1.87,1.89,257086016,38.58,38.66,37.41,37.69,12854300,2022-06-09T23:25:22Z
AMZN,2007-03-07,1.92,1.97,1.91,1.94,172892000,38.36,39.32,38.28,38.69,8644600,2022-06-09T23:25:22Z
AMZN,2007-03-08,1.91,1.96,1.9,1.94,152436000,38.1,39.22,37.98,38.72,7621800,2022-06-09T23:25:22Z
AMZN,2007-03-09,1.94,1.94,1.9,1.92,123982000,38.84,38.89,38,38.48,6199100,2022-06-09T23:25:22Z
AMZN,2007-03-12,1.94,1.95,1.92,1.93,97590000,38.81,39.05,38.38,38.64,4879500,2022-06-09T23:25:22Z
AMZN,2007-03-13,1.89,1.94,1.89,1.92,104076000,37.82,38.88,37.69,38.3,5203800,2022-06-09T23:25:22Z
AMZN,2007-03-14,1.9,1.91,1.86,1.89,171814000,38.08,38.22,37.26,37.76,8590700,2022-06-09T23:25:22Z
AMZN,2007-03-15,1.89,1.92,1.88,1.91,145298000,37.78,38.29,37.55,38.1,7264900,2022-06-09T23:25:22Z
AMZN,2007-03-16,1.89,1.9,1.88,1.89,137228000,37.85,38.08,37.52,37.72,6861400,2022-06-09T23:25:22Z
AMZN,2007-03-19,1.92,1.93,1.9,1.9,84350000,38.45,38.54,38,38,4217500,2022-06-09T23:25:22Z
AMZN,2007-03-20,1.93,1.94,1.91,1.93,76016000,38.58,38.69,38.23,38.53,3800800,2022-06-09T23:25:22Z
AMZN,2007-03-21,1.99,1.99,1.92,1.93,99958000,39.8,39.8,38.31,38.55,4997900,2022-06-09T23:25:22Z
AMZN,2007-03-22,1.97,1.99,1.95,1.97,107706000,39.49,39.72,38.91,39.48,5385300,2022-06-09T23:25:22Z
AMZN,2007-03-23,1.95,1.98,1.95,1.98,58836000,38.98,39.6,38.98,39.56,2941800,2022-06-09T23:25:22Z
AMZN,2007-03-26,1.95,1.95,1.92,1.95,70422000,39.01,39.05,38.43,38.98,3521100,2022-06-09T23:25:22Z
AMZN,2007-03-27,1.97,1.97,1.94,1.94,79874000,39.37,39.42,38.76,38.82,3993700,2022-06-09T23:25:22Z
AMZN,2007-03-28,1.97,1.98,1.94,1.95,124520000,39.34,39.51,38.74,39.09,6226000,2022-06-09T23:25:22Z
AMZN,2007-03-29,1.99,2,1.97,1.98,128082000,39.81,39.92,39.3,39.65,6404100,2022-06-09T23:25:22Z
AMZN,2007-03-30,1.99,2.01,1.97,1.99,119934000,39.79,40.24,39.42,39.89,5996700,2022-06-09T23:25:22Z
AMZN,2007-04-02,2.02,2.02,1.98,1.99,141816000,40.42,40.47,39.55,39.85,7090800,2022-06-09T23:25:22Z
AMZN,2007-04-03,2.06,2.07,2.02,2.02,119315992,41.19,41.38,40.4,40.42,5965800,2022-06-09T23:25:22Z
AMZN,2007-04-04,2.08,2.08,2.05,2.06,81300000,41.53,41.55,40.92,41.17,4065000,2022-06-09T23:25:22Z
AMZN,2007-04-05,2.08,2.09,2.07,2.08,65789996,41.68,41.76,41.44,41.56,3289500,2022-06-09T23:25:22Z
AMZN,2007-04-09,2.08,2.11,2.08,2.09,83652000,41.66,42.14,41.61,41.72,4182600,2022-06-09T23:25:22Z
AMZN,2007-04-10,2.09,2.1,2.07,2.08,68434000,41.86,41.96,41.46,41.57,3421700,2022-06-09T23:25:22Z
AMZN,2007-04-11,2.08,2.09,2.06,2.09,101590000,41.68,41.87,41.24,41.81,5079500,2022-06-09T23:25:22Z
AMZN,2007-04-12,2.11,2.12,2.07,2.09,95102000,42.27,42.37,41.4,41.73,4755100,2022-06-09T23:25:22Z
AMZN,2007-04-13,2.12,2.12,2.1,2.11,72068000,42.41,42.5,41.93,42.2,3603400,2022-06-09T23:25:22Z
AMZN,2007-04-16,2.26,2.27,2.18,2.19,268928000,45.2,45.3,43.67,43.77,13446400,2022-06-09T23:25:22Z
AMZN,2007-04-17,2.25,2.27,2.24,2.26,148332000,45.07,45.32,44.75,45.28,7416600,2022-06-09T23:25:22Z
AMZN,2007-04-18,2.25,2.26,2.23,2.24,99936000,44.99,45.15,44.63,44.8,4996800,2022-06-09T23:25:22Z
AMZN,2007-04-19,2.23,2.26,2.22,2.23,96208000,44.64,45.15,44.41,44.61,4810400,2022-06-09T23:25:22Z
AMZN,2007-04-20,2.25,2.26,2.23,2.25,119814000,44.95,45.17,44.52,45.07,5990700,2022-06-09T23:25:22Z
AMZN,2007-04-23,2.24,2.24,2.21,2.21,142370000,44.77,44.81,44.16,44.27,7118500,2022-06-09T23:25:22Z
AMZN,2007-04-24,2.24,2.25,2.22,2.24,426616000,44.75,45,44.43,44.75,21330800,2022-06-09T23:25:22Z
AMZN,2007-04-25,2.84,2.86,2.65,2.66,2087602048,56.81,57.18,52.95,53.12,104380096,2022-06-09T23:25:22Z
AMZN,2007-04-26,3.14,3.15,2.8,2.83,1245728000,62.78,63.04,56.07,56.5,62286400,2022-06-09T23:25:22Z
AMZN,2007-04-27,3.13,3.19,3.03,3.06,1015267968,62.6,63.84,60.62,61.28,50763400,2022-06-09T23:25:22Z
AMZN,2007-04-30,3.07,3.12,3.06,3.1,481277984,61.33,62.44,61.18,61.91,24063900,2022-06-09T23:25:22Z
AMZN,2007-05-01,3.1,3.1,3.01,3.06,370733984,62.04,62.04,60.28,61.12,18536700,2022-06-09T23:25:22Z
AMZN,2007-05-02,3.06,3.11,3.04,3.08,288748000,61.18,62.25,60.9,61.68,14437400,2022-06-09T23:25:22Z
AMZN,2007-05-03,3.11,3.13,3.04,3.05,270196000,62.19,62.54,60.76,61.08,13509800,2022-06-09T23:25:22Z
AMZN,2007-05-04,3.16,3.19,3.12,3.12,286184000,63.23,63.75,62.35,62.39,14309200,2022-06-09T23:25:22Z
AMZN,2007-05-07,3.04,3.16,3.04,3.13,296188000,60.82,63.23,60.71,62.61,14809400,2022-06-09T23:25:22Z
AMZN,2007-05-08,3.09,3.09,2.98,3.03,271188000,61.83,61.84,59.7,60.55,13559400,2022-06-09T23:25:22Z
AMZN,2007-05-09,3.14,3.15,3.06,3.1,177568000,62.85,62.95,61.3,62,8878400,2022-06-09T23:25:22Z
AMZN,2007-05-10,3.05,3.13,3.04,3.12,201100000,60.92,62.65,60.85,62.44,10055000,2022-06-09T23:25:22Z
AMZN,2007-05-11,3.08,3.08,3.03,3.05,160166000,61.56,61.6,60.56,60.96,8008300,2022-06-09T23:25:22Z
AMZN,2007-05-14,3.08,3.09,3.03,3.08,155444000,61.7,61.74,60.6,61.68,7772200,2022-06-09T23:25:22Z
AMZN,2007-05-15,3.03,3.1,3.03,3.07,174092000,60.58,61.97,60.52,61.4,8704600,2022-06-09T23:25:22Z
AMZN,2007-05-16,3.16,3.17,3,3.05,290121984,63.22,63.34,60.1,61.02,14506100,2022-06-09T23:25:22Z
AMZN,2007-05-17,3.11,3.18,3.1,3.15,237566000,62.17,63.52,62.02,62.92,11878300,2022-06-09T23:25:22Z
AMZN,2007-05-18,3.17,3.17,3.11,3.12,196584000,63.3,63.3,62.28,62.48,9829200,2022-06-09T23:25:22Z
AMZN,2007-05-21,3.42,3.43,3.17,3.18,730177984,68.3,68.68,63.3,63.58,36508900,2022-06-09T23:25:22Z
AMZN,2007-05-22,3.44,3.45,3.36,3.42,344437984,68.88,69.07,67.21,68.48,17221900,2022-06-09T23:25:22Z
AMZN,2007-05-23,3.45,3.67,3.44,3.46,851896000,69,73.31,68.79,69.21,42594800,2022-06-09T23:25:22Z
AMZN,2007-05-24,3.47,3.52,3.38,3.45,475205984,69.35,70.42,67.71,69.04,23760300,2022-06-09T23:25:22Z
AMZN,2007-05-25,3.43,3.48,3.41,3.48,199744000,68.55,69.7,68.25,69.69,9987200,2022-06-09T23:25:22Z
AMZN,2007-05-29,3.48,3.49,3.39,3.42,234668000,69.63,69.78,67.72,68.43,11733400,2022-06-09T23:25:22Z
AMZN,2007-05-30,3.49,3.5,3.44,3.45,211656000,69.86,70.08,68.86,69.06,10582800,2022-06-09T23:25:22Z
AMZN,2007-05-31,3.46,3.54,3.43,3.53,185642000,69.14,70.74,68.57,70.68,9282100,2022-06-09T23:25:22Z
AMZN,2007-06-01,3.43,3.46,3.42,3.45,139834000,68.58,69.3,68.35,69.01,6991700,2022-06-09T23:25:22Z
AMZN,2007-06-04,3.52,3.53,3.38,3.41,227792000,70.42,70.65,67.65,68.25,11389600,2022-06-09T23:25:22Z
AMZN,2007-06-05,3.68,3.71,3.54,3.56,609043968,73.65,74.24,70.86,71.1,30452200,2022-06-09T23:25:22Z
AMZN,2007-06-06,3.61,3.69,3.59,3.66,314341984,72.29,73.75,71.86,73.14,15717100,2022-06-09T23:25:22Z
AMZN,2007-06-07,3.6,3.74,3.54,3.63,483155968,72.04,74.72,70.88,72.57,24157800,2022-06-09T23:25:22Z
AMZN,2007-06-08,3.66,3.66,3.55,3.62,203282000,73.24,73.24,71.05,72.47,10164100,2022-06-09T23:25:22Z
AMZN,2007-06-11,3.56,3.65,3.55,3.65,223348000,71.17,73.05,71,73,11167400,2022-06-09T23:25:22Z
AMZN,2007-06-12,3.5,3.54,3.47,3.52,236690000,70.07,70.76,69.42,70.44,11834500,2022-06-09T23:25:22Z
AMZN,2007-06-13,3.54,3.59,3.46,3.54,238634016,70.89,71.89,69.25,70.9,11931700,2022-06-09T23:25:22Z
AMZN,2007-06-14,3.6,3.61,3.54,3.54,164940000,71.94,72.12,70.8,70.9,8247000,2022-06-09T23:25:22Z
AMZN,2007-06-15,3.62,3.64,3.56,3.64,196758000,72.4,72.87,71.19,72.85,9837900,2022-06-09T23:25:22Z
AMZN,2007-06-18,3.59,3.63,3.57,3.62,156322000,71.83,72.64,71.4,72.34,7816100,2022-06-09T23:25:22Z
AMZN,2007-06-19,3.49,3.58,3.48,3.58,237532000,69.81,71.66,69.68,71.55,11876600,2022-06-09T23:25:22Z
AMZN,2007-06-20,3.46,3.52,3.45,3.51,182844000,69.1,70.5,69.05,70.25,9142200,2022-06-09T23:25:22Z
AMZN,2007-06-21,3.48,3.49,3.43,3.46,151886000,69.67,69.77,68.66,69.16,7594300,2022-06-09T23:25:22Z
AMZN,2007-06-22,3.44,3.49,3.42,3.48,167676000,68.86,69.88,68.42,69.55,8383800,2022-06-09T23:25:22Z
AMZN,2007-06-25,3.43,3.48,3.42,3.46,151878000,68.66,69.63,68.3,69.28,7593900,2022-06-09T23:25:22Z
AMZN,2007-06-26,3.37,3.43,3.37,3.43,223241984,67.48,68.63,67.38,68.53,11162100,2022-06-09T23:25:22Z
AMZN,2007-06-27,3.41,3.41,3.34,3.35,164880000,68.14,68.21,66.71,66.96,8244000,2022-06-09T23:25:22Z
AMZN,2007-06-28,3.44,3.51,3.41,3.42,195704000,68.89,70.23,68.15,68.46,9785200,2022-06-09T23:25:22Z
AMZN,2007-06-29,3.42,3.46,3.41,3.45,106350000,68.41,69.19,68.15,69.03,5317500,2022-06-09T23:25:22Z
AMZN,2007-07-02,3.48,3.49,3.41,3.44,97834000,69.61,69.71,68.2,68.81,4891700,2022-06-09T23:25:22Z
AMZN,2007-07-03,3.47,3.5,3.45,3.5,44468000,69.45,70.05,69.02,70.04,2223400,2022-06-09T23:25:22Z
AMZN,2007-07-05,3.44,3.48,3.4,3.47,89650000,68.73,69.65,68.06,69.36,4482500,2022-06-09T23:25:22Z
AMZN,2007-07-06,3.45,3.46,3.4,3.44,92330000,68.97,69.3,68.01,68.75,4616500,2022-06-09T23:25:22Z
AMZN,2007-07-09,3.6,3.62,3.45,3.47,295485984,72.07,72.35,69.02,69.38,14774300,2022-06-09T23:25:22Z
AMZN,2007-07-10,3.51,3.6,3.5,3.58,176516000,70.28,71.94,70.07,71.65,8825800,2022-06-09T23:25:22Z
AMZN,2007-07-11,3.54,3.58,3.51,3.53,131772000,70.73,71.65,70.15,70.58,6588600,2022-06-09T23:25:22Z
AMZN,2007-07-12,3.64,3.68,3.54,3.57,229042000,72.79,73.57,70.73,71.31,11452100,2022-06-09T23:25:22Z
AMZN,2007-07-13,3.75,3.77,3.65,3.65,248426000,75.1,75.35,72.97,73.08,12421300,2022-06-09T23:25:22Z
AMZN,2007-07-16,3.68,3.74,3.65,3.74,166678000,73.69,74.84,73,74.73,8333900,2022-06-09T23:25:22Z
AMZN,2007-07-17,3.69,3.73,3.68,3.72,121659992,73.79,74.52,73.59,74.39,6083000,2022-06-09T23:25:22Z
AMZN,2007-07-18,3.67,3.67,3.61,3.66,125822000,73.32,73.49,72.25,73.27,6291100,2022-06-09T23:25:22Z
AMZN,2007-07-19,3.67,3.72,3.66,3.71,105502000,73.35,74.32,73.12,74.24,5275100,2022-06-09T23:25:22Z
AMZN,2007-07-20,3.58,3.65,3.52,3.63,182548000,71.63,72.96,70.5,72.62,9127400,2022-06-09T23:25:22Z
AMZN,2007-07-23,3.59,3.63,3.54,3.59,185276000,71.74,72.67,70.85,71.78,9263800,2022-06-09T23:25:22Z
AMZN,2007-07-24,3.46,3.61,3.44,3.55,521409984,69.25,72.16,68.85,71.02,26070500,2022-06-09T23:25:22Z
AMZN,2007-07-25,4.31,4.44,4.18,4.23,1210131968,86.18,88.8,83.65,84.66,60506600,2022-06-09T23:25:22Z
AMZN,2007-07-26,4.2,4.45,4.17,4.25,465617984,84.01,89,83.43,85.02,23280900,2022-06-09T23:25:22Z
AMZN,2007-07-27,4.2,4.27,4.12,4.21,278324000,84.04,85.33,82.48,84.27,13916200,2022-06-09T23:25:22Z
AMZN,2007-07-30,4.13,4.2,4.08,4.15,257592000,82.7,84.05,81.51,83,12879600,2022-06-09T23:25:22Z
AMZN,2007-07-31,3.93,4.19,3.9,4.18,282129984,78.54,83.73,78,83.7,14106500,2022-06-09T23:25:22Z
AMZN,2007-08-01,3.87,3.91,3.75,3.9,338428000,77.31,78.15,75.06,78.1,16921400,2022-06-09T23:25:22Z
AMZN,2007-08-02,3.99,3.99,3.81,3.89,206630000,79.71,79.76,76.12,77.86,10331500,2022-06-09T23:25:22Z
AMZN,2007-08-03,3.84,4.04,3.84,3.98,159272000,76.8,80.75,76.71,79.54,7963600,2022-06-09T23:25:22Z
AMZN,2007-08-06,3.95,3.95,3.83,3.85,179914000,79,79,76.6,77.06,8995700,2022-06-09T23:25:22Z
AMZN,2007-08-07,3.96,4,3.89,3.93,161284000,79.14,80,77.89,78.55,8064200,2022-06-09T23:25:22Z
AMZN,2007-08-08,3.89,3.99,3.83,3.99,164380000,77.78,79.88,76.56,79.77,8219000,2022-06-09T23:25:22Z
AMZN,2007-08-09,3.71,3.86,3.71,3.82,165834000,74.11,77.26,74.11,76.4,8291700,2022-06-09T23:25:22Z
AMZN,2007-08-10,3.74,3.83,3.62,3.66,181350000,74.78,76.5,72.37,73.15,9067500,2022-06-09T23:25:22Z
AMZN,2007-08-13,3.74,3.82,3.73,3.8,121397992,74.87,76.32,74.7,76.09,6069900,2022-06-09T23:25:22Z
AMZN,2007-08-14,3.67,3.74,3.65,3.74,118924000,73.45,74.79,72.92,74.79,5946200,2022-06-09T23:25:22Z
AMZN,2007-08-15,3.62,3.76,3.61,3.65,127516000,72.38,75.15,72.26,73.02,6375800,2022-06-09T23:25:22Z
AMZN,2007-08-16,3.64,3.66,3.5,3.6,215160000,72.79,73.24,70.05,72,10758000,2022-06-09T23:25:22Z
AMZN,2007-08-17,3.75,3.75,3.66,3.72,144854000,75.02,75.04,73.11,74.49,7242700,2022-06-09T23:25:22Z
AMZN,2007-08-20,3.73,3.76,3.69,3.75,118324000,74.7,75.28,73.8,74.98,5916200,2022-06-09T23:25:22Z
AMZN,2007-08-21,3.87,3.89,3.7,3.71,168638000,77.49,77.83,74.09,74.21,8431900,2022-06-09T23:25:22Z
AMZN,2007-08-22,3.92,3.97,3.89,3.91,136876000,78.5,79.49,77.84,78.24,6843800,2022-06-09T23:25:22Z
AMZN,2007-08-23,3.87,3.95,3.83,3.95,113344000,77.3,79,76.51,78.94,5667200,2022-06-09T23:25:22Z
AMZN,2007-08-24,3.96,3.97,3.83,3.92,113306000,79.25,79.4,76.69,78.47,5665300,2022-06-09T23:25:22Z
AMZN,2007-08-27,3.93,4.04,3.92,4.03,139028000,78.65,80.8,78.42,80.56,6951400,2022-06-09T23:25:22Z
AMZN,2007-08-28,3.81,3.93,3.8,3.89,115342000,76.22,78.65,76.08,77.86,5767100,2022-06-09T23:25:22Z
AMZN,2007-08-29,3.95,3.95,3.84,3.85,101550000,79.05,79.05,76.86,76.96,5077500,2022-06-09T23:25:22Z
AMZN,2007-08-30,3.93,4,3.92,3.92,92482000,78.68,80.11,78.3,78.4,4624100,2022-06-09T23:25:22Z
AMZN,2007-08-31,4,4.03,3.98,4,123170000,79.91,80.53,79.7,80,6158500,2022-06-09T23:25:22Z
AMZN,2007-09-04,4.13,4.18,3.99,4,164434000,82.7,83.53,79.73,79.9,8221700,2022-06-09T23:25:22Z
AMZN,2007-09-05,4.19,4.25,4.11,4.11,181294000,83.75,84.89,82.22,82.24,9064700,2022-06-09T23:25:22Z
AMZN,2007-09-06,4.31,4.32,4.14,4.22,176536000,86.21,86.46,82.85,84.5,8826800,2022-06-09T23:25:22Z
AMZN,2007-09-07,4.23,4.25,4.16,4.24,164686000,84.52,84.97,83.21,84.7,8234300,2022-06-09T23:25:22Z
AMZN,2007-09-10,4.17,4.26,4.12,4.25,107350000,83.34,85.16,82.51,84.93,5367500,2022-06-09T23:25:22Z
AMZN,2007-09-11,4.31,4.33,4.18,4.21,137272000,86.28,86.61,83.53,84.17,6863600,2022-06-09T23:25:22Z
AMZN,2007-09-12,4.37,4.44,4.3,4.3,180632000,87.3,88.89,85.97,86.07,9031600,2022-06-09T23:25:22Z
AMZN,2007-09-13,4.36,4.4,4.33,4.4,119754000,87.26,88.07,86.5,87.95,5987700,2022-06-09T23:25:22Z
AMZN,2007-09-14,4.39,4.4,4.32,4.32,79136000,87.77,88.09,86.31,86.41,3956800,2022-06-09T23:25:22Z
AMZN,2007-09-17,4.35,4.37,4.3,4.35,89722000,86.91,87.34,85.98,86.98,4486100,2022-06-09T23:25:22Z
AMZN,2007-09-18,4.44,4.58,4.33,4.37,178614000,88.75,91.6,86.71,87.38,8930700,2022-06-09T23:25:22Z
AMZN,2007-09-19,4.45,4.49,4.41,4.48,129184000,89,89.82,88.26,89.52,6459200,2022-06-09T23:25:22Z
AMZN,2007-09-20,4.48,4.52,4.44,4.45,115636008,89.65,90.42,88.82,88.9,5781800,2022-06-09T23:25:22Z
AMZN,2007-09-21,4.57,4.59,4.48,4.51,130555992,91.3,91.9,89.65,90.29,6527800,2022-06-09T23:25:22Z
AMZN,2007-09-24,4.63,4.69,4.54,4.57,106512000,92.59,93.75,90.81,91.3,5325600,2022-06-09T23:25:22Z
AMZN,2007-09-25,4.67,4.67,4.55,4.6,116002000,93.48,93.5,90.95,91.99,5800100,2022-06-09T23:25:22Z
AMZN,2007-09-26,4.67,4.71,4.61,4.7,115432000,93.43,94.26,92.29,94.04,5771600,2022-06-09T23:25:22Z
AMZN,2007-09-27,4.67,4.71,4.66,4.7,56286000,93.38,94.11,93.11,94.07,2814300,2022-06-09T23:25:22Z
AMZN,2007-09-28,4.66,4.68,4.58,4.64,96336000,93.15,93.6,91.7,92.77,4816800,2022-06-09T23:25:22Z
AMZN,2007-10-01,4.67,4.71,4.64,4.67,107962000,93.41,94.1,92.83,93.42,5398100,2022-06-09T23:25:22Z
AMZN,2007-10-02,4.62,4.7,4.57,4.69,97342000,92.36,93.9,91.4,93.87,4867100,2022-06-09T23:25:22Z
AMZN,2007-10-03,4.62,4.64,4.59,4.61,101082000,92.46,92.8,91.78,92.19,5054100,2022-06-09T23:25:22Z
AMZN,2007-10-04,4.61,4.63,4.57,4.63,66408004,92.26,92.57,91.45,92.55,3320400,2022-06-09T23:25:22Z
AMZN,2007-10-05,4.67,4.69,4.62,4.68,110536008,93.43,93.71,92.34,93.55,5526800,2022-06-09T23:25:22Z
AMZN,2007-10-08,4.79,4.79,4.7,4.71,148646000,95.85,95.85,94,94.22,7432300,2022-06-09T23:25:22Z
AMZN,2007-10-09,4.77,4.84,4.74,4.83,142926000,95.32,96.73,94.75,96.59,7146300,2022-06-09T23:25:22Z
AMZN,2007-10-10,4.73,4.79,4.72,4.78,111482008,94.66,95.75,94.37,95.5,5574100,2022-06-09T23:25:22Z
AMZN,2007-10-11,4.47,4.79,4.41,4.77,196474000,89.34,95.74,88.13,95.33,9823700,2022-06-09T23:25:22Z
AMZN,2007-10-12,4.62,4.62,4.45,4.47,167240000,92.37,92.39,88.92,89.42,8362000,2022-06-09T23:25:22Z
AMZN,2007-10-15,4.53,4.61,4.5,4.59,112263992,90.53,92.12,90.1,91.8,5613200,2022-06-09T23:25:22Z
AMZN,2007-10-16,4.48,4.5,4.42,4.43,170228000,89.53,90.05,88.5,88.69,8511400,2022-06-09T23:25:22Z
AMZN,2007-10-17,4.53,4.59,4.45,4.59,153218000,90.55,91.9,89.06,91.9,7660900,2022-06-09T23:25:22Z
AMZN,2007-10-18,4.49,4.52,4.46,4.47,106706000,89.85,90.43,89.15,89.37,5335300,2022-06-09T23:25:22Z
AMZN,2007-10-19,4.49,4.53,4.47,4.5,182606000,89.76,90.65,89.32,89.93,9130300,2022-06-09T23:25:22Z
AMZN,2007-10-22,4.56,4.58,4.45,4.47,197366000,91.29,91.69,89.02,89.42,9868300,2022-06-09T23:25:22Z
AMZN,2007-10-23,5.04,5.05,4.71,4.76,835233984,100.82,101.09,94.21,95.28,41761700,2022-06-09T23:25:22Z
AMZN,2007-10-24,4.44,4.54,4.16,4.54,832345984,88.73,90.88,83.27,90.87,41617300,2022-06-09T23:25:22Z
AMZN,2007-10-25,4.41,4.47,4.32,4.41,232744000,88.21,89.5,86.32,88.23,11637200,2022-06-09T23:25:22Z
AMZN,2007-10-26,4.5,4.54,4.38,4.45,176608000,90,90.88,87.7,89,8830400,2022-06-09T23:25:22Z
AMZN,2007-10-29,4.5,4.57,4.47,4.52,141942000,90.1,91.47,89.48,90.41,7097100,2022-06-09T23:25:22Z
AMZN,2007-10-30,4.41,4.53,4.4,4.48,108166000,88.24,90.65,88.05,89.67,5408300,2022-06-09T23:25:22Z
AMZN,2007-10-31,4.46,4.48,4.35,4.4,140986000,89.15,89.6,87,88.05,7049300,2022-06-09T23:25:22Z
AMZN,2007-11-01,4.38,4.48,4.33,4.39,165366000,87.65,89.58,86.5,87.75,8268300,2022-06-09T23:25:22Z
AMZN,2007-11-02,4.3,4.41,4.17,4.4,204620000,85.98,88.12,83.5,87.97,10231000,2022-06-09T23:25:22Z
AMZN,2007-11-05,4.22,4.3,4.14,4.22,149170000,84.37,86.02,82.76,84.35,7458500,2022-06-09T23:25:22Z
AMZN,2007-11-06,4.36,4.38,4.22,4.23,158692000,87.27,87.5,84.37,84.61,7934600,2022-06-09T23:25:22Z
AMZN,2007-11-07,4.35,4.46,4.31,4.32,168040000,87.04,89.16,86.16,86.41,8402000,2022-06-09T23:25:22Z
AMZN,2007-11-08,4.18,4.35,4.07,4.34,236080000,83.58,86.96,81.4,86.8,11804000,2022-06-09T23:25:22Z
AMZN,2007-11-09,3.94,4.12,3.94,4.12,232424000,78.89,82.42,78.84,82.42,11621200,2022-06-09T23:25:22Z
AMZN,2007-11-12,3.85,4,3.83,3.91,188014000,77,80.09,76.5,78.26,9400700,2022-06-09T23:25:22Z
AMZN,2007-11-13,3.99,4,3.89,3.9,189928000,79.86,80.05,77.8,77.91,9496400,2022-06-09T23:25:22Z
AMZN,2007-11-14,3.93,4.06,3.91,4.02,168596000,78.51,81.15,78.15,80.4,8429800,2022-06-09T23:25:22Z
AMZN,2007-11-15,3.89,3.99,3.83,3.97,156714000,77.85,79.73,76.7,79.43,7835700,2022-06-09T23:25:22Z
AMZN,2007-11-16,3.93,3.95,3.83,3.85,142284000,78.6,78.99,76.63,77.01,7114200,2022-06-09T23:25:22Z
AMZN,2007-11-19,3.96,3.99,3.9,3.94,168194000,79.18,79.75,77.94,78.83,8409700,2022-06-09T23:25:22Z
AMZN,2007-11-20,4.02,4.1,3.92,3.99,232198000,80.39,82,78.31,79.86,11609900,2022-06-09T23:25:22Z
AMZN,2007-11-21,3.99,4.04,3.93,3.96,133588008,79.76,80.86,78.65,79.24,6679400,2022-06-09T23:25:22Z
AMZN,2007-11-23,4.07,4.07,3.95,4,55670000,81.43,81.45,78.98,80.11,2783500,2022-06-09T23:25:22Z
AMZN,2007-11-26,4.07,4.22,4.06,4.12,172260000,81.3,84.49,81.14,82.3,8613000,2022-06-09T23:25:22Z
AMZN,2007-11-27,4.28,4.28,4.11,4.15,172716000,85.59,85.65,82.21,82.92,8635800,2022-06-09T23:25:22Z
AMZN,2007-11-28,4.51,4.53,4.34,4.38,228116000,90.3,90.57,86.75,87.55,11405800,2022-06-09T23:25:22Z
AMZN,2007-11-29,4.46,4.57,4.43,4.52,139576000,89.15,91.47,88.68,90.33,6978800,2022-06-09T23:25:22Z
AMZN,2007-11-30,4.53,4.55,4.42,4.53,137750000,90.56,91.08,88.31,90.56,6887500,2022-06-09T23:25:22Z
AMZN,2007-12-03,4.55,4.61,4.49,4.5,120016000,90.91,92.25,89.77,90.03,6000800,2022-06-09T23:25:22Z
AMZN,2007-12-04,4.72,4.73,4.5,4.5,146756000,94.41,94.56,90.04,90.04,7337800,2022-06-09T23:25:22Z
AMZN,2007-12-05,4.66,4.75,4.6,4.75,132190008,93.19,94.99,91.98,94.99,6609500,2022-06-09T23:25:22Z
AMZN,2007-12-06,4.71,4.75,4.64,4.66,109464000,94.21,95,92.83,93.28,5473200,2022-06-09T23:25:22Z
AMZN,2007-12-07,4.72,4.73,4.65,4.73,78708000,94.31,94.68,92.91,94.56,3935400,2022-06-09T23:25:22Z
AMZN,2007-12-10,4.65,4.72,4.62,4.71,103622000,93.02,94.35,92.3,94.31,5181100,2022-06-09T23:25:22Z
AMZN,2007-12-11,4.54,4.8,4.54,4.66,205438000,90.75,95.94,90.75,93.1,10271900,2022-06-09T23:25:22Z
AMZN,2007-12-12,4.56,4.69,4.47,4.64,144592000,91.28,93.75,89.32,92.84,7229600,2022-06-09T23:25:22Z
AMZN,2007-12-13,4.62,4.65,4.53,4.55,122982000,92.4,93,90.63,91.05,6149100,2022-06-09T23:25:22Z
AMZN,2007-12-14,4.45,4.56,4.45,4.54,120056000,89.08,91.24,88.93,90.77,6002800,2022-06-09T23:25:22Z
AMZN,2007-12-17,4.25,4.45,4.25,4.45,153970000,85.09,89.06,84.99,89.01,7698500,2022-06-09T23:25:22Z
AMZN,2007-12-18,4.34,4.37,4.19,4.29,145324000,86.89,87.46,83.86,85.83,7266200,2022-06-09T23:25:22Z
AMZN,2007-12-19,4.47,4.5,4.34,4.35,152394000,89.38,89.95,86.83,86.94,7619700,2022-06-09T23:25:22Z
AMZN,2007-12-20,4.53,4.54,4.46,4.51,117631992,90.58,90.75,89.09,90.14,5881600,2022-06-09T23:25:22Z
AMZN,2007-12-21,4.56,4.61,4.52,4.57,132378000,91.26,92.28,90.39,91.38,6618900,2022-06-09T23:25:22Z
AMZN,2007-12-24,4.55,4.58,4.51,4.55,40342000,91.01,91.56,90.3,91.05,2017100,2022-06-09T23:25:22Z
AMZN,2007-12-26,4.64,4.7,4.53,4.57,108898000,92.85,93.94,90.5,91.48,5444900,2022-06-09T23:25:22Z
AMZN,2007-12-27,4.71,4.76,4.62,4.63,142316000,94.25,95.29,92.5,92.67,7115800,2022-06-09T23:25:22Z
AMZN,2007-12-28,4.72,4.79,4.61,4.76,151758000,94.45,95.9,92.1,95.27,7587900,2022-06-09T23:25:22Z
AMZN,2007-12-31,4.63,4.72,4.62,4.69,115166008,92.64,94.37,92.45,93.81,5758300,2022-06-09T23:25:22Z
AMZN,2008-01-02,4.81,4.87,4.74,4.77,277325984,96.25,97.43,94.7,95.35,13866300,2022-06-09T23:25:22Z
AMZN,2008-01-03,4.76,4.86,4.73,4.8,182454000,95.21,97.25,94.52,96.06,9122700,2022-06-09T23:25:22Z
AMZN,2008-01-04,4.44,4.67,4.42,4.66,205462000,88.79,93.4,88.5,93.26,10273100,2022-06-09T23:25:22Z
AMZN,2008-01-07,4.44,4.53,4.27,4.43,199646000,88.82,90.57,85.47,88.62,9982300,2022-06-09T23:25:22Z
AMZN,2008-01-08,4.39,4.59,4.35,4.38,245712000,87.88,91.83,86.93,87.55,12285600,2022-06-09T23:25:22Z
AMZN,2008-01-09,4.26,4.39,4.01,4.38,328237984,85.22,87.8,80.24,87.56,16411900,2022-06-09T23:25:22Z
AMZN,2008-01-10,4.21,4.3,4.15,4.2,232195984,84.26,85.97,82.97,83.98,11609800,2022-06-09T23:25:22Z
AMZN,2008-01-11,4.05,4.2,4.01,4.2,212488000,81.08,84.03,80.29,84.03,10624400,2022-06-09T23:25:22Z
AMZN,2008-01-14,4.14,4.17,3.94,4.11,181164000,82.87,83.32,78.87,82.18,9058200,2022-06-09T23:25:22Z
AMZN,2008-01-15,4.01,4.05,3.93,4.02,193248000,80.24,81.01,78.51,80.49,9662400,2022-06-09T23:25:22Z
AMZN,2008-01-16,4.02,4.12,3.92,3.98,248202000,80.35,82.36,78.44,79.58,12410100,2022-06-09T23:25:22Z
AMZN,2008-01-17,4.01,4.11,3.98,4.01,198060000,80.12,82.25,79.54,80.16,9903000,2022-06-09T23:25:22Z
AMZN,2008-01-18,3.99,4.12,3.9,4,267283984,79.76,82.31,78.04,79.93,13364200,2022-06-09T23:25:22Z
AMZN,2008-01-22,3.92,3.99,3.61,3.68,256748000,78.48,79.72,72.22,73.58,12837400,2022-06-09T23:25:22Z
AMZN,2008-01-23,3.7,3.84,3.5,3.78,408385984,73.97,76.8,69.95,75.6,20419300,2022-06-09T23:25:22Z
AMZN,2008-01-24,3.88,3.89,3.71,3.73,197782000,77.67,77.88,74.19,74.53,9889100,2022-06-09T23:25:22Z
AMZN,2008-01-25,3.88,4.07,3.82,3.93,200550000,77.6,81.43,76.33,78.69,10027500,2022-06-09T23:25:22Z
AMZN,2008-01-28,3.79,3.87,3.72,3.85,170104000,75.82,77.4,74.34,76.91,8505200,2022-06-09T23:25:22Z
AMZN,2008-01-29,3.7,3.79,3.6,3.79,199238000,73.95,75.9,72.06,75.77,9961900,2022-06-09T23:25:22Z
AMZN,2008-01-30,3.71,3.87,3.66,3.68,505972000,74.21,77.42,73.25,73.54,25298600,2022-06-09T23:25:22Z
AMZN,2008-01-31,3.88,3.94,3.44,3.45,857715968,77.7,78.87,68.84,68.91,42885800,2022-06-09T23:25:22Z
AMZN,2008-02-01,3.73,3.97,3.67,3.95,327221984,74.63,79.4,73.37,79.02,16361100,2022-06-09T23:25:22Z
AMZN,2008-02-04,3.7,3.83,3.69,3.73,183112000,73.95,76.66,73.9,74.5,9155600,2022-06-09T23:25:22Z
AMZN,2008-02-05,3.6,3.71,3.6,3.64,192676000,72.09,74.21,72,72.8,9633800,2022-06-09T23:25:22Z
AMZN,2008-02-06,3.42,3.62,3.41,3.62,248122000,68.49,72.43,68.17,72.3,12406100,2022-06-09T23:25:22Z
AMZN,2008-02-07,3.55,3.64,3.36,3.37,290036000,70.91,72.71,67.22,67.37,14501800,2022-06-09T23:25:22Z
AMZN,2008-02-08,3.67,3.73,3.63,3.67,234039984,73.5,74.6,72.52,73.4,11702000,2022-06-09T23:25:22Z
AMZN,2008-02-11,3.76,3.8,3.64,3.66,155272000,75.19,75.96,72.77,73.14,7763600,2022-06-09T23:25:22Z
AMZN,2008-02-12,3.72,3.85,3.69,3.77,189012000,74.45,77.05,73.79,75.43,9450600,2022-06-09T23:25:22Z
AMZN,2008-02-13,3.89,3.94,3.66,3.75,221424000,77.73,78.85,73.27,74.99,11071200,2022-06-09T23:25:22Z
AMZN,2008-02-14,3.79,3.89,3.76,3.89,149960000,75.8,77.88,75.18,77.73,7498000,2022-06-09T23:25:22Z
AMZN,2008-02-15,3.65,3.76,3.6,3.75,222528016,72.96,75.19,71.94,75,11126400,2022-06-09T23:25:22Z
AMZN,2008-02-19,3.6,3.7,3.58,3.68,142206000,72.08,74,71.55,73.54,7110300,2022-06-09T23:25:22Z
AMZN,2008-02-20,3.68,3.69,3.56,3.6,129014000,73.64,73.88,71.1,71.9,6450700,2022-06-09T23:25:22Z
AMZN,2008-02-21,3.5,3.71,3.47,3.7,263146000,69.9,74.21,69.37,73.94,13157300,2022-06-09T23:25:22Z
AMZN,2008-02-22,3.6,3.61,3.49,3.53,246877984,72.08,72.21,69.86,70.54,12343900,2022-06-09T23:25:22Z
AMZN,2008-02-25,3.66,3.67,3.57,3.62,157130000,73.27,73.5,71.41,72.35,7856500,2022-06-09T23:25:22Z
AMZN,2008-02-26,3.58,3.67,3.51,3.6,197824000,71.69,73.5,70.28,71.91,9891200,2022-06-09T23:25:22Z
AMZN,2008-02-27,3.54,3.57,3.48,3.53,178618000,70.87,71.48,69.57,70.68,8930900,2022-06-09T23:25:22Z
AMZN,2008-02-28,3.39,3.53,3.36,3.52,263386016,67.85,70.6,67.11,70.3,13169300,2022-06-09T23:25:22Z
AMZN,2008-02-29,3.22,3.38,3.2,3.35,233290000,64.47,67.5,63.97,67.01,11664500,2022-06-09T23:25:22Z
AMZN,2008-03-03,3.12,3.22,3.06,3.18,274540000,62.43,64.49,61.2,63.59,13727000,2022-06-09T23:25:22Z
AMZN,2008-03-04,3.27,3.33,3.06,3.08,334148000,65.34,66.6,61.23,61.67,16707400,2022-06-09T23:25:22Z
AMZN,2008-03-05,3.25,3.32,3.19,3.28,222546000,64.99,66.34,63.82,65.66,11127300,2022-06-09T23:25:22Z
AMZN,2008-03-06,3.14,3.27,3.12,3.24,166868000,62.74,65.46,62.5,64.75,8343400,2022-06-09T23:25:22Z
AMZN,2008-03-07,3.2,3.24,3.1,3.11,208800000,64.09,64.87,62.01,62.2,10440000,2022-06-09T23:25:22Z
AMZN,2008-03-10,3.17,3.26,3.15,3.19,186494000,63.47,65.15,62.91,63.9,9324700,2022-06-09T23:25:22Z
AMZN,2008-03-11,3.36,3.36,3.19,3.3,194988000,67.15,67.17,63.71,65.95,9749400,2022-06-09T23:25:22Z
AMZN,2008-03-12,3.33,3.41,3.28,3.34,154982000,66.51,68.23,65.64,66.77,7749100,2022-06-09T23:25:22Z
AMZN,2008-03-13,3.42,3.48,3.22,3.26,214164000,68.32,69.55,64.37,65.13,10708200,2022-06-09T23:25:22Z
AMZN,2008-03-14,3.41,3.53,3.3,3.43,248429984,68.22,70.68,66.06,68.61,12421500,2022-06-09T23:25:22Z
AMZN,2008-03-17,3.33,3.39,3.25,3.29,194210000,66.53,67.79,64.92,65.72,9710500,2022-06-09T23:25:22Z
AMZN,2008-03-18,3.58,3.6,3.38,3.41,191064000,71.7,71.93,67.59,68.25,9553200,2022-06-09T23:25:22Z
AMZN,2008-03-19,3.51,3.7,3.51,3.56,220859984,70.17,74,70.17,71.13,11043000,2022-06-09T23:25:22Z
AMZN,2008-03-20,3.66,3.67,3.47,3.51,228248000,73.19,73.49,69.38,70.17,11412400,2022-06-09T23:25:22Z
AMZN,2008-03-24,3.8,3.85,3.64,3.69,187926000,75.95,76.93,72.75,73.82,9396300,2022-06-09T23:25:22Z
AMZN,2008-03-25,3.76,3.81,3.7,3.79,127051992,75.17,76.29,74.05,75.83,6352600,2022-06-09T23:25:22Z
AMZN,2008-03-26,3.69,3.76,3.66,3.71,125702008,73.8,75.12,73.24,74.14,6285100,2022-06-09T23:25:22Z
AMZN,2008-03-27,3.54,3.73,3.54,3.72,158860000,70.8,74.69,70.8,74.37,7943000,2022-06-09T23:25:22Z
AMZN,2008-03-28,3.49,3.61,3.46,3.55,105580000,69.76,72.21,69.26,71.06,5279000,2022-06-09T23:25:22Z
AMZN,2008-03-31,3.56,3.58,3.48,3.51,109424000,71.3,71.64,69.63,70.25,5471200,2022-06-09T23:25:22Z
AMZN,2008-04-01,3.83,3.85,3.64,3.65,194898000,76.7,77.09,72.76,72.99,9744900,2022-06-09T23:25:22Z
AMZN,2008-04-02,3.87,3.95,3.81,3.85,171878000,77.37,79,76.12,77.08,8593900,2022-06-09T23:25:22Z
AMZN,2008-04-03,3.75,3.8,3.69,3.76,163000000,74.94,76.01,73.81,75.15,8150000,2022-06-09T23:25:22Z
AMZN,2008-04-04,3.84,3.89,3.71,3.76,143072000,76.87,77.83,74.28,75.26,7153600,2022-06-09T23:25:22Z
AMZN,2008-04-07,3.85,3.92,3.8,3.87,133447992,76.9,78.43,76,77.36,6672400,2022-06-09T23:25:22Z
AMZN,2008-04-08,3.87,3.88,3.77,3.82,99368000,77.3,77.61,75.5,76.4,4968400,2022-06-09T23:25:22Z
AMZN,2008-04-09,3.72,3.83,3.68,3.83,133216000,74.39,76.67,73.66,76.56,6660800,2022-06-09T23:25:22Z
AMZN,2008-04-10,3.74,3.77,3.64,3.72,125119992,74.83,75.49,72.73,74.48,6256000,2022-06-09T23:25:22Z
AMZN,2008-04-11,3.6,3.71,3.58,3.69,135710000,71.99,74.3,71.62,73.84,6785500,2022-06-09T23:25:22Z
AMZN,2008-04-14,3.63,3.7,3.56,3.58,87090000,72.61,74,71.29,71.7,4354500,2022-06-09T23:25:22Z
AMZN,2008-04-15,3.62,3.7,3.53,3.65,136288000,72.5,73.98,70.65,72.97,6814400,2022-06-09T23:25:22Z
AMZN,2008-04-16,3.73,3.75,3.65,3.65,134944000,74.59,75,72.94,73.02,6747200,2022-06-09T23:25:22Z
AMZN,2008-04-17,3.7,3.75,3.68,3.71,124442000,74.04,75.02,73.61,74.18,6222100,2022-06-09T23:25:22Z
AMZN,2008-04-18,4,4.1,3.82,3.82,335848000,80.1,82,76.32,76.48,16792400,2022-06-09T23:25:22Z
AMZN,2008-04-21,4.01,4.07,3.95,4,186772000,80.18,81.34,79.06,80.03,9338600,2022-06-09T23:25:22Z
AMZN,2008-04-22,3.98,4,3.88,4,144970000,79.6,79.94,77.54,79.94,7248500,2022-06-09T23:25:22Z
AMZN,2008-04-23,4.05,4.13,3.94,4.01,385005984,81,82.64,78.74,80.3,19250300,2022-06-09T23:25:22Z
AMZN,2008-04-24,3.88,4.03,3.85,3.89,421556000,77.69,80.53,76.93,77.71,21077800,2022-06-09T23:25:22Z
AMZN,2008-04-25,4.04,4.07,3.86,3.89,189164000,80.86,81.32,77.26,77.81,9458200,2022-06-09T23:25:22Z
AMZN,2008-04-28,4.1,4.12,4.01,4.03,219878000,81.97,82.5,80.12,80.64,10993900,2022-06-09T23:25:22Z
AMZN,2008-04-29,4.04,4.09,3.99,4.07,134528000,80.74,81.77,79.86,81.42,6726400,2022-06-09T23:25:22Z
AMZN,2008-04-30,3.93,4.07,3.9,4.04,157542000,78.63,81.34,77.92,80.88,7877100,2022-06-09T23:25:22Z
AMZN,2008-05-01,3.97,4,3.9,3.92,143938000,79.36,80.01,77.97,78.4,7196900,2022-06-09T23:25:22Z
AMZN,2008-05-02,3.87,4.06,3.82,4.01,163118000,77.31,81.2,76.4,80.3,8155900,2022-06-09T23:25:22Z
AMZN,2008-05-05,3.8,3.89,3.79,3.86,112956000,75.92,77.77,75.87,77.27,5647800,2022-06-09T23:25:22Z
AMZN,2008-05-06,3.79,3.84,3.75,3.78,130918000,75.71,76.77,75.05,75.51,6545900,2022-06-09T23:25:22Z
AMZN,2008-05-07,3.66,3.83,3.65,3.76,167548000,73.18,76.64,73.09,75.26,8377400,2022-06-09T23:25:22Z
AMZN,2008-05-08,3.64,3.71,3.58,3.69,162644000,72.79,74.16,71.56,73.73,8132200,2022-06-09T23:25:22Z
AMZN,2008-05-09,3.62,3.67,3.58,3.61,84868000,72.41,73.34,71.66,72.2,4243400,2022-06-09T23:25:22Z
AMZN,2008-05-12,3.73,3.75,3.59,3.65,144308000,74.53,74.93,71.78,73,7215400,2022-06-09T23:25:22Z
AMZN,2008-05-13,3.73,3.75,3.67,3.73,100420000,74.56,74.96,73.31,74.57,5021000,2022-06-09T23:25:22Z
AMZN,2008-05-14,3.71,3.79,3.7,3.75,91792000,74.2,75.75,73.98,74.92,4589600,2022-06-09T23:25:22Z
AMZN,2008-05-15,3.81,3.82,3.68,3.69,138418000,76.12,76.32,73.55,73.89,6920900,2022-06-09T23:25:22Z
AMZN,2008-05-16,3.82,3.84,3.74,3.82,124132000,76.46,76.83,74.86,76.42,6206600,2022-06-09T23:25:22Z
AMZN,2008-05-19,4.11,4.24,3.94,3.95,373845984,82.29,84.75,78.86,79.07,18692300,2022-06-09T23:25:22Z
AMZN,2008-05-20,4.04,4.13,4,4.11,158244000,80.72,82.7,80.03,82.17,7912200,2022-06-09T23:25:22Z
AMZN,2008-05-21,3.92,4.06,3.88,4.02,141410000,78.3,81.15,77.5,80.37,7070500,2022-06-09T23:25:22Z
AMZN,2008-05-22,3.96,3.98,3.9,3.93,107810000,79.26,79.69,78,78.68,5390500,2022-06-09T23:25:22Z
AMZN,2008-05-23,3.92,3.94,3.87,3.93,126636000,78.35,78.87,77.43,78.55,6331800,2022-06-09T23:25:22Z
AMZN,2008-05-27,4.03,4.04,3.9,3.91,202188000,80.62,80.9,77.97,78.26,10109400,2022-06-09T23:25:22Z
AMZN,2008-05-28,4,4.04,3.95,4.04,134014000,80.08,80.79,78.99,80.73,6700700,2022-06-09T23:25:22Z
AMZN,2008-05-29,4.02,4.1,4.01,4.03,137160000,80.35,81.96,80.17,80.61,6858000,2022-06-09T23:25:22Z
AMZN,2008-05-30,4.08,4.09,4.01,4.03,105444000,81.62,81.77,80.3,80.58,5272200,2022-06-09T23:25:22Z
AMZN,2008-06-02,4.01,4.08,4,4.06,124302000,80.23,81.57,80.05,81.15,6215100,2022-06-09T23:25:22Z
AMZN,2008-06-03,4.01,4.09,3.96,4.04,125298000,80.11,81.89,79.26,80.71,6264900,2022-06-09T23:25:22Z
AMZN,2008-06-04,4.08,4.09,3.99,4,129205992,81.5,81.82,79.72,80.11,6460300,2022-06-09T23:25:22Z
AMZN,2008-06-05,4.23,4.24,4.09,4.1,178796000,84.51,84.88,81.8,82.06,8939800,2022-06-09T23:25:22Z
AMZN,2008-06-06,4.03,4.18,4.03,4.16,156924000,80.63,83.64,80.56,83.19,7846200,2022-06-09T23:25:22Z
AMZN,2008-06-09,3.97,4.08,3.91,4.07,130752000,79.43,81.53,78.12,81.37,6537600,2022-06-09T23:25:22Z
AMZN,2008-06-10,3.98,4.05,3.91,3.91,121338000,79.62,81.04,78.2,78.2,6066900,2022-06-09T23:25:22Z
AMZN,2008-06-11,3.86,4,3.85,3.97,117492000,77.28,80,77.03,79.35,5874600,2022-06-09T23:25:22Z
AMZN,2008-06-12,3.81,3.95,3.75,3.9,124090008,76.15,79.05,75.01,78.02,6204500,2022-06-09T23:25:22Z
AMZN,2008-06-13,3.96,4,3.83,3.83,119488000,79.17,80,76.7,76.7,5974400,2022-06-09T23:25:22Z
AMZN,2008-06-16,4.08,4.13,3.92,3.92,115120000,81.7,82.53,78.41,78.42,5756000,2022-06-09T23:25:22Z
AMZN,2008-06-17,4.15,4.21,4.14,4.16,176050000,82.97,84.3,82.8,83.15,8802500,2022-06-09T23:25:22Z
AMZN,2008-06-18,4.13,4.16,4.07,4.09,136950000,82.52,83.17,81.32,81.89,6847500,2022-06-09T23:25:22Z
AMZN,2008-06-19,4.21,4.22,4.08,4.1,134354000,84.26,84.47,81.5,82.07,6717700,2022-06-09T23:25:22Z
AMZN,2008-06-20,4.05,4.17,4.03,4.15,131776000,81.1,83.46,80.51,83,6588800,2022-06-09T23:25:22Z
AMZN,2008-06-23,4.03,4.11,3.98,4.08,148524000,80.68,82.15,79.55,81.66,7426200,2022-06-09T23:25:22Z
AMZN,2008-06-24,3.98,4.04,3.88,3.98,142808000,79.64,80.79,77.63,79.55,7140400,2022-06-09T23:25:22Z
AMZN,2008-06-25,4.03,4.11,3.98,4.02,147888000,80.51,82.15,79.52,80.45,7394400,2022-06-09T23:25:22Z
AMZN,2008-06-26,3.81,3.99,3.8,3.96,226238000,76.3,79.89,76,79.13,11311900,2022-06-09T23:25:22Z
AMZN,2008-06-27,3.73,3.8,3.63,3.77,236808000,74.66,76.07,72.62,75.44,11840400,2022-06-09T23:25:22Z
AMZN,2008-06-30,3.67,3.81,3.66,3.75,142084000,73.33,76.12,73.21,75.03,7104200,2022-06-09T23:25:22Z
AMZN,2008-07-01,3.68,3.71,3.53,3.61,205848000,73.62,74.23,70.52,72.22,10292400,2022-06-09T23:25:22Z
AMZN,2008-07-02,3.57,3.72,3.57,3.7,140898000,71.44,74.41,71.38,74.05,7044900,2022-06-09T23:25:22Z
AMZN,2008-07-03,3.6,3.69,3.53,3.62,84962000,72,73.84,70.52,72.35,4248100,2022-06-09T23:25:22Z
AMZN,2008-07-07,3.62,3.72,3.54,3.62,147264000,72.49,74.4,70.76,72.37,7363200,2022-06-09T23:25:22Z
AMZN,2008-07-08,3.75,3.77,3.59,3.62,158334000,75.04,75.49,71.75,72.38,7916700,2022-06-09T23:25:22Z
AMZN,2008-07-09,3.53,3.75,3.52,3.73,138252000,70.61,74.9,70.48,74.56,6912600,2022-06-09T23:25:22Z
AMZN,2008-07-10,3.53,3.59,3.4,3.54,198850000,70.63,71.77,67.99,70.7,9942500,2022-06-09T23:25:22Z
AMZN,2008-07-11,3.43,3.5,3.34,3.47,158610000,68.54,69.99,66.74,69.4,7930500,2022-06-09T23:25:22Z
AMZN,2008-07-14,3.31,3.48,3.28,3.47,180432000,66.28,69.5,65.59,69.31,9021600,2022-06-09T23:25:22Z
AMZN,2008-07-15,3.35,3.43,3.15,3.29,226942000,67.03,68.62,62.99,65.87,11347100,2022-06-09T23:25:22Z
AMZN,2008-07-16,3.59,3.64,3.34,3.35,240784016,71.84,72.75,66.84,66.94,12039200,2022-06-09T23:25:22Z
AMZN,2008-07-17,3.61,3.62,3.39,3.56,191946000,72.11,72.38,67.74,71.2,9597300,2022-06-09T23:25:22Z
AMZN,2008-07-18,3.46,3.54,3.42,3.51,165988000,69.12,70.84,68.4,70.11,8299400,2022-06-09T23:25:22Z
AMZN,2008-07-21,3.42,3.49,3.31,3.48,137938000,68.48,69.8,66.3,69.52,6896900,2022-06-09T23:25:22Z
AMZN,2008-07-22,3.4,3.46,3.29,3.35,175920000,67.97,69.14,65.88,67.09,8796000,2022-06-09T23:25:22Z
AMZN,2008-07-23,3.53,3.6,3.37,3.37,358321984,70.54,72.07,67.46,67.46,17916100,2022-06-09T23:25:22Z
AMZN,2008-07-24,3.94,4.12,3.81,3.81,620008000,78.72,82.38,76.29,76.29,31000400,2022-06-09T23:25:22Z
AMZN,2008-07-25,3.92,4.05,3.91,3.98,183012000,78.31,80.94,78.12,79.63,9150600,2022-06-09T23:25:22Z
AMZN,2008-07-28,3.8,3.92,3.74,3.85,209604000,75.98,78.31,74.86,77.08,10480200,2022-06-09T23:25:22Z
AMZN,2008-07-29,3.91,3.94,3.81,3.82,135510000,78.21,78.8,76.16,76.49,6775500,2022-06-09T23:25:22Z
AMZN,2008-07-30,3.91,3.99,3.82,3.92,151398000,78.21,79.85,76.42,78.36,7569900,2022-06-09T23:25:22Z
AMZN,2008-07-31,3.82,3.91,3.81,3.84,106024000,76.34,78.17,76.1,76.75,5301200,2022-06-09T23:25:22Z
AMZN,2008-08-01,3.79,3.82,3.7,3.82,95498000,75.75,76.49,74.05,76.36,4774900,2022-06-09T23:25:22Z
AMZN,2008-08-04,3.79,3.87,3.75,3.8,89974000,75.71,77.3,75.01,76,4498700,2022-06-09T23:25:22Z
AMZN,2008-08-05,3.96,3.98,3.83,3.84,155920000,79.11,79.52,76.52,76.79,7796000,2022-06-09T23:25:22Z
AMZN,2008-08-06,3.9,3.93,3.84,3.93,128123992,78.09,78.63,76.73,78.55,6406200,2022-06-09T23:25:22Z
AMZN,2008-08-07,3.85,3.9,3.8,3.85,108904000,76.95,78.05,76,77.01,5445200,2022-06-09T23:25:22Z
AMZN,2008-08-08,4.03,4.06,3.81,3.84,183252000,80.51,81.21,76.29,76.78,9162600,2022-06-09T23:25:22Z
AMZN,2008-08-11,4.4,4.59,3.99,4.01,501444000,88.09,91.75,79.78,80.18,25072200,2022-06-09T23:25:22Z
AMZN,2008-08-12,4.36,4.42,4.3,4.37,160576000,87.25,88.48,86.1,87.32,8028800,2022-06-09T23:25:22Z
AMZN,2008-08-13,4.33,4.41,4.23,4.31,144178000,86.69,88.25,84.54,86.28,7208900,2022-06-09T23:25:22Z
AMZN,2008-08-14,4.4,4.44,4.26,4.29,138032000,88.03,88.75,85.22,85.87,6901600,2022-06-09T23:25:22Z
AMZN,2008-08-15,4.32,4.48,4.31,4.41,137434000,86.4,89.53,86.26,88.28,6871700,2022-06-09T23:25:22Z
AMZN,2008-08-18,4.16,4.31,4.15,4.3,130948008,83.11,86.28,83.04,86.09,6547400,2022-06-09T23:25:22Z
AMZN,2008-08-19,4.06,4.18,4.05,4.16,132612008,81.29,83.51,81.06,83.21,6630600,2022-06-09T23:25:22Z
AMZN,2008-08-20,4.11,4.16,4.06,4.1,119016000,82.13,83.25,81.2,81.97,5950800,2022-06-09T23:25:22Z
AMZN,2008-08-21,4.16,4.19,4.05,4.07,123176000,83.26,83.77,80.98,81.41,6158800,2022-06-09T23:25:22Z
AMZN,2008-08-22,4.26,4.27,4.2,4.21,93580000,85.26,85.46,83.93,84.27,4679000,2022-06-09T23:25:22Z
AMZN,2008-08-25,4.14,4.23,4.12,4.23,87140000,82.85,84.64,82.45,84.63,4357000,2022-06-09T23:25:22Z
AMZN,2008-08-26,4.09,4.16,4.06,4.14,87508000,81.76,83.12,81.25,82.74,4375400,2022-06-09T23:25:22Z
AMZN,2008-08-27,4.09,4.14,4.05,4.07,112705992,81.73,82.74,81,81.44,5635300,2022-06-09T23:25:22Z
AMZN,2008-08-28,4.17,4.18,4.09,4.11,156684000,83.42,83.65,81.8,82.21,7834200,2022-06-09T23:25:22Z
AMZN,2008-08-29,4.04,4.14,4.03,4.14,94574000,80.81,82.9,80.5,82.9,4728700,2022-06-09T23:25:22Z
AMZN,2008-09-02,4.07,4.22,4.06,4.16,120014008,81.41,84.5,81.21,83.16,6000700,2022-06-09T23:25:22Z
AMZN,2008-09-03,4.04,4.1,4,4.07,114850008,80.77,82,80.02,81.4,5742500,2022-06-09T23:25:22Z
AMZN,2008-09-04,3.9,4.04,3.9,4.03,166336000,78.03,80.81,78.02,80.6,8316800,2022-06-09T23:25:22Z
AMZN,2008-09-05,3.96,4.04,3.85,3.87,161426000,79.19,80.72,77.08,77.34,8071300,2022-06-09T23:25:22Z
AMZN,2008-09-08,4.06,4.19,3.94,4.12,189810000,81.16,83.75,78.85,82.3,9490500,2022-06-09T23:25:22Z
AMZN,2008-09-09,3.95,4.1,3.95,4.04,116436000,79.04,81.96,78.99,80.76,5821800,2022-06-09T23:25:22Z
AMZN,2008-09-10,3.84,4.01,3.81,4,188892000,76.74,80.22,76.15,80.01,9444600,2022-06-09T23:25:22Z
AMZN,2008-09-11,3.98,3.99,3.75,3.76,156272000,79.51,79.8,75.1,75.27,7813600,2022-06-09T23:25:22Z
AMZN,2008-09-12,3.92,3.98,3.83,3.94,129606000,78.3,79.6,76.62,78.81,6480300,2022-06-09T23:25:22Z
AMZN,2008-09-15,3.87,3.99,3.81,3.84,179620000,77.34,79.88,76.3,76.8,8981000,2022-06-09T23:25:22Z
AMZN,2008-09-16,3.94,3.98,3.83,3.84,261938000,78.73,79.63,76.67,76.82,13096900,2022-06-09T23:25:22Z
AMZN,2008-09-17,3.58,3.91,3.56,3.88,263420016,71.54,78.24,71.24,77.61,13171000,2022-06-09T23:25:22Z
AMZN,2008-09-18,3.83,3.88,3.5,3.65,247944000,76.5,77.5,70.08,73.08,12397200,2022-06-09T23:25:22Z
AMZN,2008-09-19,4.05,4.34,3.83,4.01,295444000,81,86.77,76.5,80.12,14772200,2022-06-09T23:25:22Z
AMZN,2008-09-22,3.75,4.08,3.72,4.06,140780000,74.93,81.63,74.32,81.13,7039000,2022-06-09T23:25:22Z
AMZN,2008-09-23,3.59,3.81,3.54,3.78,171936000,71.76,76.29,70.77,75.65,8596800,2022-06-09T23:25:22Z
AMZN,2008-09-24,3.5,3.68,3.45,3.62,188098000,69.96,73.65,68.94,72.3,9404900,2022-06-09T23:25:22Z
AMZN,2008-09-25,3.6,3.64,3.5,3.53,121470008,72.08,72.75,70.01,70.66,6073500,2022-06-09T23:25:22Z
AMZN,2008-09-26,3.54,3.55,3.4,3.48,134956000,70.7,71.05,68.08,69.52,6747800,2022-06-09T23:25:22Z
AMZN,2008-09-29,3.17,3.47,3.07,3.42,240149984,63.35,69.37,61.32,68.41,12007500,2022-06-09T23:25:22Z
AMZN,2008-09-30,3.64,3.66,3.27,3.28,261120016,72.76,73.12,65.32,65.6,13056000,2022-06-09T23:25:22Z
AMZN,2008-10-01,3.48,3.6,3.42,3.58,192480000,69.58,71.99,68.41,71.54,9624000,2022-06-09T23:25:22Z
AMZN,2008-10-02,3.37,3.45,3.27,3.38,174548000,67.36,68.96,65.41,67.63,8727400,2022-06-09T23:25:22Z
AMZN,2008-10-03,3.35,3.55,3.33,3.47,225040000,67,70.95,66.59,69.42,11252000,2022-06-09T23:25:22Z
AMZN,2008-10-06,3.26,3.29,3.02,3.2,267722000,65.23,65.89,60.47,64.06,13386100,2022-06-09T23:25:22Z
AMZN,2008-10-07,2.93,3.32,2.92,3.29,255136000,58.52,66.43,58.5,65.79,12756800,2022-06-09T23:25:22Z
AMZN,2008-10-08,3.05,3.14,2.77,2.78,286509984,61.02,62.75,55.35,55.65,14325500,2022-06-09T23:25:22Z
AMZN,2008-10-09,2.8,3.17,2.8,3.1,278645984,56,63.5,56,61.98,13932300,2022-06-09T23:25:22Z
AMZN,2008-10-10,2.81,2.99,2.55,2.65,360596000,56.25,59.75,51.05,52.99,18029800,2022-06-09T23:25:22Z
AMZN,2008-10-13,3.1,3.11,2.87,2.95,224028000,62.02,62.21,57.37,58.98,11201400,2022-06-09T23:25:22Z
AMZN,2008-10-14,2.79,3.2,2.74,3.17,346185984,55.86,64,54.8,63.5,17309300,2022-06-09T23:25:22Z
AMZN,2008-10-15,2.44,2.73,2.42,2.72,325209984,48.72,54.69,48.35,54.46,16260500,2022-06-09T23:25:22Z
AMZN,2008-10-16,2.51,2.54,2.17,2.32,441697952,50.29,50.7,43.39,46.4,22084900,2022-06-09T23:25:22Z
AMZN,2008-10-17,2.53,3.12,2.42,2.45,259026000,50.65,62.33,48.41,49,12951300,2022-06-09T23:25:22Z
AMZN,2008-10-20,2.65,2.65,2.5,2.61,169048000,52.97,53.1,49.91,52.17,8452400,2022-06-09T23:25:22Z
AMZN,2008-10-21,2.51,2.65,2.5,2.59,173518000,50.23,52.95,49.92,51.86,8675900,2022-06-09T23:25:22Z
AMZN,2008-10-22,2.5,2.62,2.4,2.5,390261984,49.99,52.47,47.9,50.05,19513100,2022-06-09T23:25:22Z
AMZN,2008-10-23,2.52,2.55,2.17,2.17,652128000,50.32,50.91,43.31,43.37,32606400,2022-06-09T23:25:22Z
AMZN,2008-10-24,2.45,2.62,2.23,2.23,392149984,48.96,52.32,44.5,44.7,19607500,2022-06-09T23:25:22Z
AMZN,2008-10-27,2.48,2.63,2.42,2.44,235331984,49.58,52.59,48.43,48.88,11766600,2022-06-09T23:25:22Z
AMZN,2008-10-28,2.8,2.81,2.45,2.57,296868000,56.04,56.3,49.07,51.46,14843400,2022-06-09T23:25:22Z
AMZN,2008-10-29,2.84,2.99,2.73,2.78,304237984,56.89,59.79,54.52,55.61,15211900,2022-06-09T23:25:22Z
AMZN,2008-10-30,2.84,2.99,2.75,2.93,222570000,56.71,59.89,55.08,58.68,11128500,2022-06-09T23:25:22Z
AMZN,2008-10-31,2.86,2.86,2.75,2.81,170722000,57.24,57.25,55.01,56.11,8536100,2022-06-09T23:25:22Z
AMZN,2008-11-03,2.79,2.86,2.75,2.82,143400000,55.77,57.25,55.02,56.35,7170000,2022-06-09T23:25:22Z
AMZN,2008-11-04,2.92,2.94,2.76,2.86,153278000,58.45,58.73,55.22,57.17,7663900,2022-06-09T23:25:22Z
AMZN,2008-11-05,2.6,2.9,2.58,2.87,230024000,51.98,58,51.62,57.47,11501200,2022-06-09T23:25:22Z
AMZN,2008-11-06,2.36,2.55,2.31,2.49,309829984,47.22,51.04,46.3,49.76,15491500,2022-06-09T23:25:22Z
AMZN,2008-11-07,2.46,2.49,2.35,2.4,148794000,49.21,49.79,47.01,47.91,7439700,2022-06-09T23:25:22Z
AMZN,2008-11-10,2.42,2.53,2.34,2.5,179726000,48.46,50.68,46.86,49.98,8986300,2022-06-09T23:25:22Z
AMZN,2008-11-11,2.31,2.4,2.24,2.35,198808000,46.3,48.06,44.81,47.1,9940400,2022-06-09T23:25:22Z
AMZN,2008-11-12,2.08,2.27,2.04,2.2,295461984,41.56,45.44,40.9,43.96,14773100,2022-06-09T23:25:22Z
AMZN,2008-11-13,2.25,2.25,1.92,2.07,338772000,44.93,45,38.48,41.31,16938600,2022-06-09T23:25:22Z
AMZN,2008-11-14,2.09,2.23,2.08,2.18,238992000,41.75,44.5,41.5,43.61,11949600,2022-06-09T23:25:22Z
AMZN,2008-11-17,1.98,2.06,1.95,2,214272000,39.69,41.26,39.07,39.91,10713600,2022-06-09T23:25:22Z
AMZN,2008-11-18,1.92,2.03,1.8,2,301101984,38.44,40.66,36.08,39.99,15055100,2022-06-09T23:25:22Z
AMZN,2008-11-19,1.79,1.95,1.79,1.91,250454000,35.84,39,35.75,38.17,12522700,2022-06-09T23:25:22Z
AMZN,2008-11-20,1.75,1.99,1.73,1.77,368513984,35.03,39.72,34.68,35.36,18425700,2022-06-09T23:25:22Z
AMZN,2008-11-21,1.89,1.95,1.79,1.82,300900000,37.87,39,35.72,36.4,15045000,2022-06-09T23:25:22Z
AMZN,2008-11-24,2.12,2.17,1.94,1.94,291052000,42.5,43.44,38.7,38.79,14552600,2022-06-09T23:25:22Z
AMZN,2008-11-25,2.11,2.14,1.98,2.1,260314000,42.19,42.89,39.61,42.1,13015700,2022-06-09T23:25:22Z
AMZN,2008-11-26,2.2,2.2,2.01,2.04,268897984,43.96,44,40.29,40.73,13444900,2022-06-09T23:25:22Z
AMZN,2008-11-28,2.13,2.21,2.11,2.2,73748000,42.7,44.1,42.22,44.03,3687400,2022-06-09T23:25:22Z
AMZN,2008-12-01,2.02,2.16,2.02,2.1,223608000,40.47,43.26,40.38,42,11180400,2022-06-09T23:25:22Z
AMZN,2008-12-02,2.06,2.09,1.94,2.07,174524000,41.19,41.71,38.82,41.39,8726200,2022-06-09T23:25:22Z
AMZN,2008-12-03,2.26,2.29,2,2.01,313577984,45.21,45.88,40.05,40.16,15678900,2022-06-09T23:25:22Z
AMZN,2008-12-04,2.37,2.52,2.29,2.3,395805984,47.32,50.5,45.75,45.94,19790300,2022-06-09T23:25:22Z
AMZN,2008-12-05,2.41,2.42,2.17,2.29,292209984,48.26,48.49,43.3,45.89,14610500,2022-06-09T23:25:22Z
AMZN,2008-12-08,2.57,2.61,2.37,2.46,218876000,51.41,52.14,47.36,49.15,10943800,2022-06-09T23:25:22Z
AMZN,2008-12-09,2.56,2.72,2.48,2.49,266428016,51.25,54.48,49.7,49.81,13321400,2022-06-09T23:25:22Z
AMZN,2008-12-10,2.48,2.58,2.42,2.57,155100000,49.7,51.5,48.34,51.46,7755000,2022-06-09T23:25:22Z
AMZN,2008-12-11,2.41,2.52,2.41,2.47,151734000,48.25,50.49,48.17,49.33,7586700,2022-06-09T23:25:22Z
AMZN,2008-12-12,2.56,2.57,2.38,2.38,173340000,51.25,51.38,47.52,47.52,8667000,2022-06-09T23:25:22Z
AMZN,2008-12-15,2.44,2.55,2.41,2.53,145730000,48.85,50.95,48.15,50.65,7286500,2022-06-09T23:25:22Z
AMZN,2008-12-16,2.63,2.65,2.46,2.48,177284000,52.63,52.96,49.29,49.62,8864200,2022-06-09T23:25:22Z
AMZN,2008-12-17,2.66,2.74,2.58,2.61,183746000,53.18,54.77,51.53,52.26,9187300,2022-06-09T23:25:22Z
AMZN,2008-12-18,2.6,2.74,2.56,2.65,150372000,52.08,54.85,51.2,53,7518600,2022-06-09T23:25:22Z
AMZN,2008-12-19,2.58,2.65,2.55,2.58,221176000,51.56,52.99,50.92,51.59,11058800,2022-06-09T23:25:22Z
AMZN,2008-12-22,2.49,2.61,2.42,2.58,178522000,49.84,52.15,48.47,51.6,8926100,2022-06-09T23:25:22Z
AMZN,2008-12-23,2.55,2.58,2.51,2.51,116944000,51.08,51.61,50.12,50.12,5847200,2022-06-09T23:25:22Z
AMZN,2008-12-24,2.57,2.6,2.55,2.58,32996000,51.44,51.95,51.01,51.66,1649800,2022-06-09T23:25:22Z
AMZN,2008-12-26,2.59,2.7,2.58,2.69,137014000,51.78,53.95,51.55,53.79,6850700,2022-06-09T23:25:22Z
AMZN,2008-12-29,2.47,2.59,2.43,2.57,130176008,49.4,51.77,48.56,51.43,6508800,2022-06-09T23:25:22Z
AMZN,2008-12-30,2.54,2.56,2.44,2.48,132038000,50.76,51.21,48.74,49.51,6601900,2022-06-09T23:25:22Z
AMZN,2008-12-31,2.56,2.58,2.5,2.54,155848000,51.28,51.69,49.91,50.74,7792400,2022-06-09T23:25:22Z
AMZN,2009-01-02,2.72,2.73,2.55,2.57,145932000,54.36,54.53,51.07,51.35,7296600,2022-06-09T23:25:22Z
AMZN,2009-01-05,2.7,2.79,2.65,2.79,190234000,54.06,55.74,53.03,55.73,9511700,2022-06-09T23:25:22Z
AMZN,2009-01-06,2.87,2.91,2.69,2.73,221688000,57.36,58.22,53.75,54.55,11084400,2022-06-09T23:25:22Z
AMZN,2009-01-07,2.81,2.85,2.77,2.81,158854000,56.2,56.95,55.35,56.29,7942700,2022-06-09T23:25:22Z
AMZN,2009-01-08,2.86,2.87,2.73,2.75,131610000,57.16,57.32,54.58,54.99,6580500,2022-06-09T23:25:22Z
AMZN,2009-01-09,2.78,2.85,2.73,2.85,133706000,55.51,57,54.7,56.92,6685300,2022-06-09T23:25:22Z
AMZN,2009-01-12,2.6,2.71,2.54,2.71,191146000,51.92,54.3,50.87,54.12,9557300,2022-06-09T23:25:22Z
AMZN,2009-01-13,2.57,2.66,2.54,2.55,157698000,51.45,53.29,50.75,50.96,7884900,2022-06-09T23:25:22Z
AMZN,2009-01-14,2.42,2.5,2.41,2.5,209054000,48.49,50.1,48.14,50.1,10452700,2022-06-09T23:25:22Z
AMZN,2009-01-15,2.57,2.61,2.38,2.43,232394016,51.44,52.23,47.63,48.56,11619700,2022-06-09T23:25:22Z
AMZN,2009-01-16,2.58,2.62,2.48,2.59,165190000,51.59,52.33,49.53,51.8,8259500,2022-06-09T23:25:22Z
AMZN,2009-01-20,2.42,2.58,2.41,2.54,135346000,48.44,51.7,48.27,50.75,6767300,2022-06-09T23:25:22Z
AMZN,2009-01-21,2.53,2.53,2.41,2.47,116634000,50.54,50.69,48.25,49.31,5831700,2022-06-09T23:25:22Z
AMZN,2009-01-22,2.5,2.54,2.41,2.47,142678000,49.94,50.88,48.26,49.42,7133900,2022-06-09T23:25:22Z
AMZN,2009-01-23,2.53,2.57,2.42,2.44,116029992,50.63,51.42,48.45,48.9,5801500,2022-06-09T23:25:22Z
AMZN,2009-01-26,2.48,2.54,2.43,2.51,143138000,49.63,50.89,48.52,50.18,7156900,2022-06-09T23:25:22Z
AMZN,2009-01-27,2.42,2.52,2.39,2.46,174808000,48.44,50.42,47.72,49.3,8740400,2022-06-09T23:25:22Z
AMZN,2009-01-28,2.52,2.57,2.45,2.49,161216000,50.36,51.49,48.97,49.72,8060800,2022-06-09T23:25:22Z
AMZN,2009-01-29,2.5,2.59,2.46,2.5,362957984,50,51.85,49.14,49.96,18147900,2022-06-09T23:25:22Z
AMZN,2009-01-30,2.94,2.99,2.86,2.87,795998016,58.82,59.74,57.24,57.36,39799900,2022-06-09T23:25:22Z
AMZN,2009-02-02,3.06,3.1,2.91,2.93,386529984,61.15,62,58.13,58.57,19326500,2022-06-09T23:25:22Z
AMZN,2009-02-03,3.18,3.21,3,3.04,293937984,63.59,64.2,60,60.87,14696900,2022-06-09T23:25:22Z
AMZN,2009-02-04,3.05,3.17,3.04,3.17,274608000,61.06,63.44,60.83,63.38,13730400,2022-06-09T23:25:22Z
AMZN,2009-02-05,3.16,3.19,3.03,3.06,203440000,63.18,63.81,60.63,61.15,10172000,2022-06-09T23:25:22Z
AMZN,2009-02-06,3.33,3.35,3.16,3.16,241024000,66.55,67,63.18,63.18,12051200,2022-06-09T23:25:22Z
AMZN,2009-02-09,3.34,3.37,3.27,3.33,188918000,66.71,67.36,65.38,66.56,9445900,2022-06-09T23:25:22Z
AMZN,2009-02-10,3.17,3.36,3.15,3.31,214052000,63.31,67.23,63.07,66.15,10702600,2022-06-09T23:25:22Z
AMZN,2009-02-11,3.22,3.25,3.11,3.15,167016000,64.35,64.9,62.25,63.1,8350800,2022-06-09T23:25:22Z
AMZN,2009-02-12,3.2,3.21,3.09,3.16,161968000,63.96,64.25,61.71,63.25,8098400,2022-06-09T23:25:22Z
AMZN,2009-02-13,3.16,3.23,3.14,3.2,82630000,63.26,64.68,62.87,63.97,4131500,2022-06-09T23:25:22Z
AMZN,2009-02-17,3.08,3.13,3.06,3.08,142536000,61.67,62.65,61.18,61.67,7126800,2022-06-09T23:25:22Z
AMZN,2009-02-18,3.12,3.14,3.03,3.11,147344000,62.35,62.78,60.52,62.27,7367200,2022-06-09T23:25:22Z
AMZN,2009-02-19,3.1,3.21,3.08,3.14,135424000,61.95,64.18,61.67,62.84,6771200,2022-06-09T23:25:22Z
AMZN,2009-02-20,3.19,3.21,3.04,3.05,187096000,63.86,64.15,60.84,61.07,9354800,2022-06-09T23:25:22Z
AMZN,2009-02-23,3.09,3.25,3.08,3.21,146728000,61.71,64.91,61.52,64.16,7336400,2022-06-09T23:25:22Z
AMZN,2009-02-24,3.28,3.31,3.1,3.1,205476000,65.6,66.1,61.89,61.97,10273800,2022-06-09T23:25:22Z
AMZN,2009-02-25,3.19,3.29,3.14,3.25,182448000,63.71,65.75,62.82,64.9,9122400,2022-06-09T23:25:22Z
AMZN,2009-02-26,3.12,3.24,3.12,3.21,145532000,62.34,64.73,62.34,64.12,7276600,2022-06-09T23:25:22Z
AMZN,2009-02-27,3.24,3.25,3.05,3.06,229881984,64.79,65.08,60.94,61.26,11494100,2022-06-09T23:25:22Z
AMZN,2009-03-02,3.1,3.28,3.08,3.2,210276000,61.99,65.52,61.51,63.94,10513800,2022-06-09T23:25:22Z
AMZN,2009-03-03,3.08,3.16,3.06,3.14,193948000,61.7,63.29,61.3,62.75,9697400,2022-06-09T23:25:22Z
AMZN,2009-03-04,3.24,3.29,3.12,3.14,239216000,64.81,65.79,62.4,62.8,11960800,2022-06-09T23:25:22Z
AMZN,2009-03-05,3.24,3.29,3.18,3.21,235438000,64.77,65.8,63.6,64.12,11771900,2022-06-09T23:25:22Z
AMZN,2009-03-06,3.08,3.27,2.99,3.26,301893984,61.69,65.5,59.82,65.2,15094700,2022-06-09T23:25:22Z
AMZN,2009-03-09,3.02,3.2,3.01,3.11,271289984,60.49,64.03,60.15,62.2,13564500,2022-06-09T23:25:22Z
AMZN,2009-03-10,3.29,3.29,3.09,3.12,308748000,65.71,65.9,61.78,62.49,15437400,2022-06-09T23:25:22Z
AMZN,2009-03-11,3.43,3.47,3.26,3.31,277781984,68.54,69.37,65.27,66.24,13889100,2022-06-09T23:25:22Z
AMZN,2009-03-12,3.48,3.49,3.36,3.42,227036000,69.58,69.87,67.25,68.35,11351800,2022-06-09T23:25:22Z
AMZN,2009-03-13,3.43,3.49,3.38,3.48,178070000,68.63,69.74,67.53,69.64,8903500,2022-06-09T23:25:22Z
AMZN,2009-03-16,3.35,3.46,3.33,3.43,188744000,66.98,69.29,66.68,68.56,9437200,2022-06-09T23:25:22Z
AMZN,2009-03-17,3.57,3.59,3.35,3.37,238208000,71.35,71.71,67,67.37,11910400,2022-06-09T23:25:22Z
AMZN,2009-03-18,3.56,3.7,3.51,3.55,208090000,71.25,73.91,70.13,70.98,10404500,2022-06-09T23:25:22Z
AMZN,2009-03-19,3.5,3.6,3.46,3.57,176388000,70.1,71.91,69.24,71.4,8819400,2022-06-09T23:25:22Z
AMZN,2009-03-20,3.5,3.54,3.45,3.52,169390000,69.96,70.89,69.08,70.39,8469500,2022-06-09T23:25:22Z
AMZN,2009-03-23,3.78,3.78,3.54,3.57,172276000,75.58,75.61,70.7,71.36,8613800,2022-06-09T23:25:22Z
AMZN,2009-03-24,3.64,3.75,3.62,3.74,149188000,72.81,75,72.31,74.85,7459400,2022-06-09T23:25:22Z
AMZN,2009-03-25,3.62,3.7,3.49,3.65,157946000,72.4,73.95,69.84,73.09,7897300,2022-06-09T23:25:22Z
AMZN,2009-03-26,3.68,3.75,3.63,3.67,133194000,73.69,74.98,72.64,73.5,6659700,2022-06-09T23:25:22Z
AMZN,2009-03-27,3.53,3.61,3.5,3.58,171426000,70.52,72.29,70.1,71.61,8571300,2022-06-09T23:25:22Z
AMZN,2009-03-30,3.57,3.58,3.49,3.52,167572000,71.44,71.67,69.75,70.4,8378600,2022-06-09T23:25:22Z
AMZN,2009-03-31,3.67,3.73,3.61,3.63,178474000,73.44,74.5,72.12,72.61,8923700,2022-06-09T23:25:22Z
AMZN,2009-04-01,3.67,3.75,3.59,3.65,140978000,73.5,75.09,71.71,73.01,7048900,2022-06-09T23:25:22Z
AMZN,2009-04-02,3.82,3.86,3.67,3.68,221380000,76.34,77.24,73.44,73.63,11069000,2022-06-09T23:25:22Z
AMZN,2009-04-03,3.91,3.92,3.77,3.82,116212000,78.17,78.32,75.5,76.42,5810600,2022-06-09T23:25:22Z
AMZN,2009-04-06,3.9,3.92,3.8,3.86,115161992,77.99,78.36,76,77.26,5758100,2022-06-09T23:25:22Z
AMZN,2009-04-07,3.78,3.85,3.74,3.85,115020008,75.51,77.08,74.88,76.97,5751000,2022-06-09T23:25:22Z
AMZN,2009-04-08,3.85,3.86,3.73,3.8,113059992,76.98,77.11,74.57,75.93,5653000,2022-06-09T23:25:22Z
AMZN,2009-04-09,3.99,4,3.86,3.88,141658000,79.77,80,77.26,77.51,7082900,2022-06-09T23:25:22Z
AMZN,2009-04-13,3.95,4,3.89,3.99,124286000,78.94,79.97,77.85,79.84,6214300,2022-06-09T23:25:22Z
AMZN,2009-04-14,3.86,3.97,3.85,3.9,123309992,77.22,79.46,76.94,78,6165500,2022-06-09T23:25:22Z
AMZN,2009-04-15,3.74,3.79,3.68,3.77,188286000,74.71,75.81,73.51,75.5,9414300,2022-06-09T23:25:22Z
AMZN,2009-04-16,3.86,3.87,3.76,3.77,149386000,77.25,77.48,75.16,75.33,7469300,2022-06-09T23:25:22Z
AMZN,2009-04-17,3.9,3.94,3.79,3.84,148574000,78.05,78.72,75.88,76.78,7428700,2022-06-09T23:25:22Z
AMZN,2009-04-20,3.88,3.99,3.84,3.92,173816000,77.57,79.79,76.83,78.44,8690800,2022-06-09T23:25:22Z
AMZN,2009-04-21,3.94,3.96,3.86,3.87,143262000,78.74,79.1,77.29,77.33,7163100,2022-06-09T23:25:22Z
AMZN,2009-04-22,3.96,4.11,3.89,3.91,175508000,79.2,82.18,77.81,78.17,8775400,2022-06-09T23:25:22Z
AMZN,2009-04-23,4.03,4.1,3.95,4.07,323752000,80.61,82.06,79.08,81.33,16187600,2022-06-09T23:25:22Z
AMZN,2009-04-24,4.22,4.33,4.04,4.1,469709984,84.46,86.68,80.73,82.03,23485500,2022-06-09T23:25:22Z
AMZN,2009-04-27,4.16,4.25,4.11,4.19,194166000,83.12,84.98,82.21,83.88,9708300,2022-06-09T23:25:22Z
AMZN,2009-04-28,4.12,4.27,4.12,4.13,158508000,82.4,85.35,82.4,82.68,7925400,2022-06-09T23:25:22Z
AMZN,2009-04-29,3.99,4.15,3.96,4.15,194702000,79.79,82.99,79.26,82.99,9735100,2022-06-09T23:25:22Z
AMZN,2009-04-30,4.03,4.13,3.99,4.05,170856000,80.52,82.67,79.89,80.93,8542800,2022-06-09T23:25:22Z
AMZN,2009-05-01,3.95,4.02,3.89,4.02,122455992,78.96,80.38,77.85,80.38,6122800,2022-06-09T23:25:22Z
AMZN,2009-05-04,3.99,4.07,3.94,4.02,140540000,79.77,81.35,78.85,80.36,7027000,2022-06-09T23:25:22Z
AMZN,2009-05-05,4.09,4.1,4.01,4.05,117492000,81.9,82,80.19,81.01,5874600,2022-06-09T23:25:22Z
AMZN,2009-05-06,4.1,4.18,3.98,4.14,172090000,81.99,83.6,79.66,82.88,8604500,2022-06-09T23:25:22Z
AMZN,2009-05-07,3.96,4.14,3.89,4.14,192680000,79.28,82.75,77.88,82.74,9634000,2022-06-09T23:25:22Z
AMZN,2009-05-08,3.9,4.01,3.82,3.98,163890000,77.95,80.23,76.31,79.69,8194500,2022-06-09T23:25:22Z
AMZN,2009-05-11,3.93,3.99,3.8,3.84,137490000,78.61,79.85,76.01,76.8,6874500,2022-06-09T23:25:22Z
AMZN,2009-05-12,3.9,3.95,3.83,3.94,111021992,77.93,78.97,76.53,78.7,5551100,2022-06-09T23:25:22Z
AMZN,2009-05-13,3.71,3.83,3.7,3.81,175472000,74.19,76.65,74.01,76.24,8773600,2022-06-09T23:25:22Z
AMZN,2009-05-14,3.76,3.8,3.67,3.69,186888000,75.11,76.06,73.31,73.79,9344400,2022-06-09T23:25:22Z
AMZN,2009-05-15,3.68,3.81,3.67,3.73,160232000,73.6,76.21,73.42,74.54,8011600,2022-06-09T23:25:22Z
AMZN,2009-05-18,3.8,3.8,3.65,3.7,136586000,75.95,75.96,73.1,73.96,6829300,2022-06-09T23:25:22Z
AMZN,2009-05-19,3.89,3.95,3.76,3.77,160576000,77.87,78.96,75.12,75.43,8028800,2022-06-09T23:25:22Z
AMZN,2009-05-20,3.9,4.06,3.87,3.92,147020000,77.97,81.11,77.42,78.5,7351000,2022-06-09T23:25:22Z
AMZN,2009-05-21,3.8,3.9,3.77,3.84,112820000,75.96,77.97,75.4,76.75,5641000,2022-06-09T23:25:22Z
AMZN,2009-05-22,3.78,3.85,3.75,3.81,69702000,75.64,77.04,75.02,76.1,3485100,2022-06-09T23:25:22Z
AMZN,2009-05-26,3.92,3.92,3.73,3.75,134104000,78.39,78.48,74.55,75.03,6705200,2022-06-09T23:25:22Z
AMZN,2009-05-27,3.85,3.98,3.84,3.93,111374000,77.1,79.5,76.75,78.51,5568700,2022-06-09T23:25:22Z
AMZN,2009-05-28,3.88,3.96,3.79,3.88,98862000,77.65,79.1,75.88,77.7,4943100,2022-06-09T23:25:22Z
AMZN,2009-05-29,3.9,3.9,3.82,3.89,101466000,77.99,78.01,76.4,77.72,5073300,2022-06-09T23:25:22Z
AMZN,2009-06-01,4.15,4.24,3.87,3.99,215992000,83.05,84.8,77.49,79.84,10799600,2022-06-09T23:25:22Z
AMZN,2009-06-02,4.25,4.27,4.11,4.12,187952000,84.93,85.45,82.1,82.5,9397600,2022-06-09T23:25:22Z
AMZN,2009-06-03,4.28,4.29,4.16,4.17,152096000,85.68,85.71,83.13,83.31,7604800,2022-06-09T23:25:22Z
AMZN,2009-06-04,4.28,4.32,4.23,4.27,109316000,85.52,86.4,84.57,85.36,5465800,2022-06-09T23:25:22Z
AMZN,2009-06-05,4.38,4.4,4.26,4.31,165272000,87.56,87.95,85.3,86.29,8263600,2022-06-09T23:25:22Z
AMZN,2009-06-08,4.32,4.36,4.25,4.34,112054000,86.36,87.18,85.11,86.75,5602700,2022-06-09T23:25:22Z
AMZN,2009-06-09,4.35,4.38,4.31,4.35,89536000,87.08,87.67,86.17,86.93,4476800,2022-06-09T23:25:22Z
AMZN,2009-06-10,4.33,4.43,4.24,4.37,121474000,86.59,88.56,84.83,87.47,6073700,2022-06-09T23:25:22Z
AMZN,2009-06-11,4.28,4.38,4.25,4.32,100264000,85.69,87.49,85.05,86.3,5013200,2022-06-09T23:25:22Z
AMZN,2009-06-12,4.2,4.26,4.1,4.25,124459992,84.08,85.2,82.01,85.03,6223000,2022-06-09T23:25:22Z
AMZN,2009-06-15,4.16,4.17,4.05,4.14,108034000,83.18,83.3,81,82.83,5401700,2022-06-09T23:25:22Z
AMZN,2009-06-16,4.11,4.2,4.06,4.18,109336000,82.15,83.95,81.28,83.7,5466800,2022-06-09T23:25:22Z
AMZN,2009-06-17,4.13,4.21,4.03,4.12,155702000,82.65,84.3,80.64,82.35,7785100,2022-06-09T23:25:22Z
AMZN,2009-06-18,4.08,4.15,4.05,4.14,109062000,81.6,82.95,81,82.81,5453100,2022-06-09T23:25:22Z
AMZN,2009-06-19,4.15,4.17,4.08,4.11,108830000,82.96,83.46,81.5,82.15,5441500,2022-06-09T23:25:22Z
AMZN,2009-06-22,3.96,4.12,3.93,4.12,194918000,79.15,82.43,78.56,82.41,9745900,2022-06-09T23:25:22Z
AMZN,2009-06-23,3.88,3.96,3.81,3.95,148312000,77.68,79.1,76.25,78.97,7415600,2022-06-09T23:25:22Z
AMZN,2009-06-24,3.96,4.03,3.89,3.9,121625992,79.27,80.53,77.8,78,6081300,2022-06-09T23:25:22Z
AMZN,2009-06-25,4.11,4.11,3.95,3.96,147234000,82.2,82.23,79.03,79.1,7361700,2022-06-09T23:25:22Z
AMZN,2009-06-26,4.19,4.21,4.06,4.09,175514000,83.88,84.14,81.13,81.9,8775700,2022-06-09T23:25:22Z
AMZN,2009-06-29,4.15,4.21,4.12,4.19,125422000,83.03,84.2,82.41,83.87,6271100,2022-06-09T23:25:22Z
AMZN,2009-06-30,4.18,4.25,4.12,4.18,159700000,83.66,84.92,82.47,83.62,7985000,2022-06-09T23:25:22Z
AMZN,2009-07-01,4.08,4.22,4.07,4.22,139638000,81.6,84.5,81.37,84.42,6981900,2022-06-09T23:25:22Z
AMZN,2009-07-02,3.97,4.07,3.93,4.06,144380000,79.32,81.37,78.51,81.11,7219000,2022-06-09T23:25:22Z
AMZN,2009-07-06,3.9,3.94,3.83,3.92,147392000,78.1,78.89,76.54,78.45,7369600,2022-06-09T23:25:22Z
AMZN,2009-07-07,3.78,3.93,3.77,3.93,129838000,75.63,78.69,75.41,78.53,6491900,2022-06-09T23:25:22Z
AMZN,2009-07-08,3.87,3.9,3.79,3.82,170822000,77.36,77.93,75.7,76.46,8541100,2022-06-09T23:25:22Z
AMZN,2009-07-09,3.9,3.93,3.84,3.91,127190000,78.1,78.54,76.82,78.25,6359500,2022-06-09T23:25:22Z
AMZN,2009-07-10,3.88,3.94,3.81,3.88,119522000,77.63,78.82,76.17,77.52,5976100,2022-06-09T23:25:22Z
AMZN,2009-07-13,4.07,4.08,3.9,3.9,161002000,81.47,81.65,78.01,78.07,8050100,2022-06-09T23:25:22Z
AMZN,2009-07-14,4.1,4.12,4.02,4.07,91018000,81.95,82.42,80.42,81.48,4550900,2022-06-09T23:25:22Z
AMZN,2009-07-15,4.23,4.23,4.14,4.15,126816000,84.55,84.64,82.78,83,6340800,2022-06-09T23:25:22Z
AMZN,2009-07-16,4.31,4.31,4.19,4.22,107252000,86.11,86.24,83.72,84.42,5362600,2022-06-09T23:25:22Z
AMZN,2009-07-17,4.29,4.33,4.26,4.29,101222000,85.85,86.5,85.2,85.8,5061100,2022-06-09T23:25:22Z
AMZN,2009-07-20,4.41,4.44,4.31,4.31,121193992,88.23,88.88,86.26,86.27,6059700,2022-06-09T23:25:22Z
AMZN,2009-07-21,4.45,4.45,4.37,4.43,154570000,89.01,89.01,87.4,88.52,7728500,2022-06-09T23:25:22Z
AMZN,2009-07-22,4.44,4.46,4.39,4.43,106590000,88.79,89.23,87.78,88.65,5329500,2022-06-09T23:25:22Z
AMZN,2009-07-23,4.69,4.72,4.48,4.49,383240000,93.87,94.4,89.59,89.84,19162000,2022-06-09T23:25:22Z
AMZN,2009-07-24,4.32,4.45,4.28,4.38,384268000,86.49,88.9,85.5,87.6,19213400,2022-06-09T23:25:22Z
AMZN,2009-07-27,4.21,4.32,4.18,4.31,225642000,84.24,86.49,83.56,86.24,11282100,2022-06-09T23:25:22Z
AMZN,2009-07-28,4.25,4.28,4.13,4.19,175496000,84.98,85.64,82.6,83.84,8774800,2022-06-09T23:25:22Z
AMZN,2009-07-29,4.22,4.28,4.18,4.22,130084008,84.34,85.5,83.52,84.47,6504200,2022-06-09T23:25:22Z
AMZN,2009-07-30,4.3,4.36,4.26,4.28,145144000,86.09,87.25,85.17,85.64,7257200,2022-06-09T23:25:22Z
AMZN,2009-07-31,4.29,4.34,4.23,4.29,117754000,85.76,86.75,84.62,85.76,5887700,2022-06-09T23:25:22Z
AMZN,2009-08-03,4.37,4.41,4.33,4.33,133310000,87.44,88.2,86.56,86.56,6665500,2022-06-09T23:25:22Z
AMZN,2009-08-04,4.29,4.37,4.25,4.37,123602000,85.8,87.48,84.93,87.48,6180100,2022-06-09T23:25:22Z
AMZN,2009-08-05,4.21,4.29,4.15,4.28,145630000,84.29,85.75,83.02,85.64,7281500,2022-06-09T23:25:22Z
AMZN,2009-08-06,4.22,4.24,4.15,4.21,93878000,84.47,84.84,83.05,84.31,4693900,2022-06-09T23:25:22Z
AMZN,2009-08-07,4.27,4.3,4.21,4.21,112562000,85.32,85.96,84.1,84.1,5628100,2022-06-09T23:25:22Z
AMZN,2009-08-10,4.22,4.27,4.16,4.25,88818000,84.44,85.47,83.27,85.01,4440900,2022-06-09T23:25:22Z
AMZN,2009-08-11,4.18,4.22,4.12,4.18,100526000,83.56,84.4,82.45,83.64,5026300,2022-06-09T23:25:22Z
AMZN,2009-08-12,4.3,4.33,4.17,4.17,112390008,85.96,86.6,83.38,83.42,5619500,2022-06-09T23:25:22Z
AMZN,2009-08-13,4.23,4.32,4.2,4.29,114287992,84.6,86.37,84.07,85.72,5714400,2022-06-09T23:25:22Z
AMZN,2009-08-14,4.18,4.21,4.14,4.21,98508000,83.58,84.17,82.78,84.11,4925400,2022-06-09T23:25:22Z
AMZN,2009-08-17,4.05,4.09,4.01,4.06,137814000,81.06,81.78,80.25,81.16,6890700,2022-06-09T23:25:22Z
AMZN,2009-08-18,4.11,4.13,4.04,4.07,117696000,82.12,82.69,80.79,81.41,5884800,2022-06-09T23:25:22Z
AMZN,2009-08-19,4.15,4.15,4.02,4.04,103462000,83,83,80.49,80.91,5173100,2022-06-09T23:25:22Z
AMZN,2009-08-20,4.2,4.22,4.13,4.15,107510000,84.09,84.35,82.66,82.98,5375500,2022-06-09T23:25:22Z
AMZN,2009-08-21,4.25,4.25,4.18,4.24,122624000,85,85.06,83.54,84.78,6131200,2022-06-09T23:25:22Z
AMZN,2009-08-24,4.22,4.28,4.21,4.26,94466000,84.5,85.59,84.24,85.17,4723300,2022-06-09T23:25:22Z
AMZN,2009-08-25,4.21,4.32,4.2,4.23,95890000,84.19,86.34,83.95,84.66,4794500,2022-06-09T23:25:22Z
AMZN,2009-08-26,4.2,4.24,4.17,4.21,72274000,84,84.76,83.38,84.1,3613700,2022-06-09T23:25:22Z
AMZN,2009-08-27,4.22,4.24,4.16,4.2,79970000,84.31,84.85,83.14,84.01,3998500,2022-06-09T23:25:22Z
AMZN,2009-08-28,4.14,4.25,4.13,4.24,92414000,82.76,84.99,82.57,84.78,4620700,2022-06-09T23:25:22Z
AMZN,2009-08-31,4.06,4.1,4.02,4.1,105274000,81.19,81.95,80.35,81.93,5263700,2022-06-09T23:25:22Z
AMZN,2009-09-01,3.96,4.12,3.95,4.04,124928000,79.16,82.42,79,80.74,6246400,2022-06-09T23:25:22Z
AMZN,2009-09-02,3.91,4.01,3.89,3.95,130430000,78.14,80.15,77.8,79.04,6521500,2022-06-09T23:25:22Z
AMZN,2009-09-03,3.92,3.95,3.88,3.92,82808000,78.46,78.96,77.51,78.39,4140400,2022-06-09T23:25:22Z
AMZN,2009-09-04,3.94,3.99,3.88,3.91,93454000,78.87,79.78,77.63,78.27,4672700,2022-06-09T23:25:22Z
AMZN,2009-09-08,4.04,4.05,3.94,3.99,140758000,80.9,81.04,78.87,79.86,7037900,2022-06-09T23:25:22Z
AMZN,2009-09-09,4.11,4.13,4.03,4.03,135524000,82.24,82.63,80.5,80.6,6776200,2022-06-09T23:25:22Z
AMZN,2009-09-10,4.19,4.2,4.12,4.12,140496000,83.85,84.07,82.3,82.33,7024800,2022-06-09T23:25:22Z
AMZN,2009-09-11,4.23,4.25,4.19,4.22,120174008,84.54,84.9,83.76,84.44,6008700,2022-06-09T23:25:22Z
AMZN,2009-09-14,4.19,4.23,4.17,4.19,71442000,83.86,84.57,83.46,83.81,3572100,2022-06-09T23:25:22Z
AMZN,2009-09-15,4.18,4.22,4.14,4.21,89066000,83.55,84.41,82.79,84.17,4453300,2022-06-09T23:25:22Z
AMZN,2009-09-16,4.54,4.55,4.29,4.29,262284016,90.7,90.98,85.9,85.91,13114200,2022-06-09T23:25:22Z
AMZN,2009-09-17,4.52,4.56,4.45,4.54,157478000,90.44,91.19,89,90.75,7873900,2022-06-09T23:25:22Z
AMZN,2009-09-18,4.51,4.55,4.47,4.54,135410000,90.28,91,89.47,90.74,6770500,2022-06-09T23:25:22Z
AMZN,2009-09-21,4.53,4.54,4.42,4.48,84236000,90.56,90.76,88.48,89.69,4211800,2022-06-09T23:25:22Z
AMZN,2009-09-22,4.69,4.71,4.55,4.57,165370000,93.75,94.19,91.1,91.46,8268500,2022-06-09T23:25:22Z
AMZN,2009-09-23,4.62,4.72,4.61,4.64,113714000,92.38,94.5,92.22,92.82,5685700,2022-06-09T23:25:22Z
AMZN,2009-09-24,4.61,4.64,4.54,4.6,101572000,92.11,92.71,90.77,92,5078600,2022-06-09T23:25:22Z
AMZN,2009-09-25,4.53,4.61,4.49,4.57,85148000,90.52,92.25,89.75,91.44,4257400,2022-06-09T23:25:22Z
AMZN,2009-09-28,4.61,4.64,4.53,4.55,70176000,92.21,92.81,90.6,91.04,3508800,2022-06-09T23:25:22Z
AMZN,2009-09-29,4.59,4.62,4.5,4.6,87902000,91.72,92.33,90.1,91.96,4395100,2022-06-09T23:25:22Z
AMZN,2009-09-30,4.67,4.71,4.57,4.61,170782000,93.36,94.17,91.43,92.26,8539100,2022-06-09T23:25:22Z
AMZN,2009-10-01,4.55,4.64,4.52,4.62,132902000,91.04,92.9,90.37,92.5,6645100,2022-06-09T23:25:22Z
AMZN,2009-10-02,4.49,4.56,4.48,4.51,100814000,89.85,91.14,89.58,90.3,5040700,2022-06-09T23:25:22Z
AMZN,2009-10-05,4.43,4.55,4.41,4.51,140616000,88.67,90.93,88.27,90.25,7030800,2022-06-09T23:25:22Z
AMZN,2009-10-06,4.55,4.55,4.42,4.47,139282000,90.91,91.08,88.4,89.33,6964100,2022-06-09T23:25:22Z
AMZN,2009-10-07,4.7,4.72,4.56,4.58,148930000,93.97,94.48,91.15,91.5,7446500,2022-06-09T23:25:22Z
AMZN,2009-10-08,4.76,4.84,4.71,4.74,193588000,95.22,96.72,94.23,94.8,9679400,2022-06-09T23:25:22Z
AMZN,2009-10-09,4.79,4.8,4.71,4.75,93920000,95.71,95.95,94.26,95,4696000,2022-06-09T23:25:22Z
AMZN,2009-10-12,4.68,4.81,4.65,4.81,111856008,93.6,96.25,93.07,96.17,5592800,2022-06-09T23:25:22Z
AMZN,2009-10-13,4.74,4.76,4.68,4.69,94436000,94.83,95.25,93.68,93.83,4721800,2022-06-09T23:25:22Z
AMZN,2009-10-14,4.87,4.89,4.8,4.81,111133992,97.46,97.82,96.02,96.22,5556700,2022-06-09T23:25:22Z
AMZN,2009-10-15,4.8,4.85,4.75,4.76,124948000,96.01,97.06,95.08,95.13,6247400,2022-06-09T23:25:22Z
AMZN,2009-10-16,4.77,4.81,4.68,4.76,140802000,95.32,96.12,93.61,95.3,7040100,2022-06-09T23:25:22Z
AMZN,2009-10-19,4.73,4.81,4.71,4.77,120380000,94.68,96.28,94.25,95.35,6019000,2022-06-09T23:25:22Z
AMZN,2009-10-20,4.75,4.8,4.71,4.79,155588000,94.98,96.1,94.27,95.91,7779400,2022-06-09T23:25:22Z
AMZN,2009-10-21,4.67,4.83,4.65,4.76,155222000,93.42,96.63,92.91,95.27,7761100,2022-06-09T23:25:22Z
AMZN,2009-10-22,4.67,4.71,4.58,4.68,330368000,93.45,94.1,91.7,93.66,16518400,2022-06-09T23:25:22Z
AMZN,2009-10-23,5.92,5.98,5.53,5.55,1166113920,118.49,119.65,110.62,111.05,58305700,2022-06-09T23:25:22Z
AMZN,2009-10-26,6.23,6.28,5.92,5.96,645422016,124.64,125.68,118.49,119.21,32271100,2022-06-09T23:25:22Z
AMZN,2009-10-27,6.1,6.21,5.97,6.15,406081984,122.07,124.26,119.42,122.93,20304100,2022-06-09T23:25:22Z
AMZN,2009-10-28,6.08,6.26,6.04,6.08,337752000,121.64,125.12,120.76,121.57,16887600,2022-06-09T23:25:22Z
AMZN,2009-10-29,6.13,6.21,6.01,6.2,256416000,122.58,124.3,120.12,123.9,12820800,2022-06-09T23:25:22Z
AMZN,2009-10-30,5.94,6.14,5.91,6.1,266326016,118.81,122.9,118.21,121.97,13316300,2022-06-09T23:25:22Z
AMZN,2009-11-02,5.94,5.97,5.83,5.93,225638016,118.84,119.5,116.71,118.66,11281900,2022-06-09T23:25:22Z
AMZN,2009-11-03,5.92,5.94,5.83,5.88,189626000,118.37,118.88,116.63,117.67,9481300,2022-06-09T23:25:22Z
AMZN,2009-11-04,5.86,5.96,5.84,5.95,152358000,117.1,119.25,116.76,119,7617900,2022-06-09T23:25:22Z
AMZN,2009-11-05,6.03,6.05,5.81,5.87,181822000,120.61,120.95,116.25,117.46,9091100,2022-06-09T23:25:22Z
AMZN,2009-11-06,6.31,6.35,6.13,6.15,264598016,126.2,126.98,122.67,123,13229900,2022-06-09T23:25:22Z
AMZN,2009-11-09,6.33,6.42,6.28,6.36,172670000,126.67,128.32,125.59,127.11,8633500,2022-06-09T23:25:22Z
AMZN,2009-11-10,6.51,6.53,6.3,6.34,210650000,130.15,130.61,126,126.8,10532500,2022-06-09T23:25:22Z
AMZN,2009-11-11,6.5,6.57,6.42,6.55,148712000,129.91,131.31,128.33,131.08,7435600,2022-06-09T23:25:22Z
AMZN,2009-11-12,6.53,6.61,6.5,6.5,144252000,130.53,132.15,129.98,129.98,7212600,2022-06-09T23:25:22Z
AMZN,2009-11-13,6.65,6.65,6.49,6.56,147664000,132.97,132.99,129.75,131.16,7383200,2022-06-09T23:25:22Z
AMZN,2009-11-16,6.58,6.73,6.55,6.61,180364000,131.59,134.56,130.98,132.12,9018200,2022-06-09T23:25:22Z
AMZN,2009-11-17,6.56,6.59,6.47,6.57,155016000,131.25,131.85,129.32,131.4,7750800,2022-06-09T23:25:22Z
AMZN,2009-11-18,6.56,6.57,6.48,6.54,104350000,131.29,131.41,129.53,130.9,5217500,2022-06-09T23:25:22Z
AMZN,2009-11-19,6.45,6.53,6.42,6.53,120009992,128.99,130.54,128.48,130.54,6000500,2022-06-09T23:25:22Z
AMZN,2009-11-20,6.48,6.5,6.37,6.39,133110000,129.66,129.99,127.41,127.76,6655500,2022-06-09T23:25:22Z
AMZN,2009-11-23,6.65,6.65,6.55,6.55,137560000,133,133,131,131.05,6878000,2022-06-09T23:25:22Z
AMZN,2009-11-24,6.65,6.72,6.61,6.68,146392000,132.94,134.33,132.22,133.57,7319600,2022-06-09T23:25:22Z
AMZN,2009-11-25,6.7,6.71,6.62,6.67,101528000,134.03,134.2,132.4,133.31,5076400,2022-06-09T23:25:22Z
AMZN,2009-11-27,6.59,6.65,6.49,6.51,88450000,131.74,133,129.88,130.3,4422500,2022-06-09T23:25:22Z
AMZN,2009-11-30,6.8,6.8,6.61,6.61,202542000,135.91,136.08,132.16,132.19,10127100,2022-06-09T23:25:22Z
AMZN,2009-12-01,6.92,6.97,6.79,6.85,193150000,138.5,139.35,135.75,136.94,9657500,2022-06-09T23:25:22Z
AMZN,2009-12-02,7.11,7.13,6.95,6.96,235957984,142.25,142.67,138.96,139.15,11797900,2022-06-09T23:25:22Z
AMZN,2009-12-03,7.06,7.29,7.04,7.18,330468000,141.17,145.91,140.77,143.62,16523400,2022-06-09T23:25:22Z
AMZN,2009-12-04,6.88,7.17,6.75,7.17,296616000,137.58,143.45,135.11,143.42,14830800,2022-06-09T23:25:22Z
AMZN,2009-12-07,6.71,6.95,6.69,6.9,156840000,134.21,139,133.84,138,7842000,2022-06-09T23:25:22Z
AMZN,2009-12-08,6.71,6.8,6.64,6.71,160136000,134.11,136.08,132.87,134.3,8006800,2022-06-09T23:25:22Z
AMZN,2009-12-09,6.57,6.74,6.49,6.73,252656016,131.31,134.71,129.82,134.6,12632800,2022-06-09T23:25:22Z
AMZN,2009-12-10,6.77,6.81,6.62,6.62,226989984,135.38,136.19,132.4,132.41,11349500,2022-06-09T23:25:22Z
AMZN,2009-12-11,6.71,6.81,6.66,6.8,161026000,134.15,136.29,133.2,136.07,8051300,2022-06-09T23:25:22Z
AMZN,2009-12-14,6.57,6.63,6.47,6.62,200456000,131.38,132.61,129.35,132.5,10022800,2022-06-09T23:25:22Z
AMZN,2009-12-15,6.51,6.62,6.48,6.54,148682000,130.23,132.46,129.59,130.76,7434100,2022-06-09T23:25:22Z
AMZN,2009-12-16,6.42,6.57,6.38,6.55,205224000,128.36,131.45,127.65,130.93,10261200,2022-06-09T23:25:22Z
AMZN,2009-12-17,6.35,6.5,6.34,6.47,169658000,126.91,130.08,126.9,129.36,8482900,2022-06-09T23:25:22Z
AMZN,2009-12-18,6.42,6.44,6.28,6.4,192106000,128.48,128.79,125.65,127.91,9605300,2022-06-09T23:25:22Z
AMZN,2009-12-21,6.64,6.66,6.51,6.52,189604000,132.79,133.2,130.19,130.48,9480200,2022-06-09T23:25:22Z
AMZN,2009-12-22,6.69,6.8,6.63,6.69,165148000,133.75,135.99,132.65,133.76,8257400,2022-06-09T23:25:22Z
AMZN,2009-12-23,6.95,6.95,6.72,6.74,191012000,138.94,139.05,134.35,134.8,9550600,2022-06-09T23:25:22Z
AMZN,2009-12-24,6.92,6.99,6.88,6.96,102574000,138.47,139.7,137.54,139.2,5128700,2022-06-09T23:25:22Z
AMZN,2009-12-28,6.97,7.1,6.93,6.99,175392000,139.31,141.98,138.53,139.75,8769600,2022-06-09T23:25:22Z
AMZN,2009-12-29,6.97,7.13,6.93,7.06,168116000,139.41,142.58,138.55,141.29,8405800,2022-06-09T23:25:22Z
AMZN,2009-12-30,6.82,6.92,6.76,6.92,138348000,136.49,138.4,135.28,138.4,6917400,2022-06-09T23:25:22Z
AMZN,2009-12-31,6.73,6.86,6.73,6.85,90482000,134.52,137.28,134.52,137.09,4524100,2022-06-09T23:25:22Z
AMZN,2010-01-04,6.7,6.83,6.66,6.81,152010000,133.9,136.61,133.14,136.25,7600500,2022-06-09T23:25:22Z
AMZN,2010-01-05,6.73,6.77,6.59,6.67,177128000,134.69,135.48,131.81,133.43,8856400,2022-06-09T23:25:22Z
AMZN,2010-01-06,6.61,6.74,6.58,6.73,143618000,132.25,134.73,131.65,134.6,7180900,2022-06-09T23:25:22Z
