ticker,tradeDate,clsPx,hiPx,loPx,open,stockVolume,unadjClsPx,unadjHiPx,unadjLoPx,unadjOpen,unadjStockVolume,updatedAt
AXP,2006-01-03,38.86,38.86,37.73,38.21,10589859,52.58,52.58,51.05,51.7,7825700,2026-01-06T03:44:35Z
AXP,2006-01-04,38.48,38.94,38.37,38.84,7735409,51.95,52.57,51.81,52.44,5729400,2026-01-06T03:44:35Z
AXP,2006-01-05,38.89,38.89,38.44,38.44,5300589,52.5,52.51,51.9,51.9,3926000,2026-01-06T03:44:35Z
AXP,2006-01-06,39.02,39.16,38.72,38.99,5586548,52.68,52.87,52.28,52.64,4137800,2026-01-06T03:44:35Z
AXP,2006-01-09,39.99,39.99,39.12,39.12,8226715,53.99,53.99,52.82,52.82,6093300,2026-01-06T03:44:35Z
AXP,2006-01-10,39.87,39.93,39.63,39.69,6607644,53.83,53.91,53.51,53.58,4894100,2026-01-06T03:44:35Z
AXP,2006-01-11,39.66,39.86,39.57,39.77,6226234,53.54,53.82,53.42,53.7,4611600,2026-01-06T03:44:35Z
AXP,2006-01-12,39.66,39.77,39.44,39.69,4043623,53.55,53.7,53.25,53.58,2995000,2026-01-06T03:44:35Z
AXP,2006-01-13,39.58,39.94,39.55,39.77,10314014,53.44,53.92,53.4,53.7,7639300,2026-01-06T03:44:35Z
AXP,2006-01-17,39.23,39.44,39.13,39.32,6636133,52.96,53.25,52.83,53.08,4915200,2026-01-06T03:44:35Z
AXP,2006-01-18,39.09,39.31,38.96,39,7568929,52.77,53.07,52.6,52.65,5606100,2026-01-06T03:44:35Z
AXP,2006-01-19,38.95,39.33,38.87,39.3,6262832,52.59,53.1,52.48,53.06,4638700,2026-01-06T03:44:35Z
AXP,2006-01-20,38.07,38.95,37.98,38.95,16047877,51.4,52.59,51.28,52.59,11886200,2026-01-06T03:44:35Z
AXP,2006-01-23,38.1,38.77,38.06,38.15,14123107,51.44,52.35,51.38,51.5,10460600,2026-01-06T03:44:35Z
AXP,2006-01-24,39.12,39.23,38.37,38.44,11564091,52.82,52.97,51.81,51.9,8565200,2026-01-06T03:44:35Z
AXP,2006-01-25,39.18,39.44,38.89,38.89,10248814,52.9,53.25,52.5,52.5,7591000,2026-01-06T03:44:35Z
AXP,2006-01-26,39.49,39.61,39.22,39.37,7156885,53.32,53.48,52.95,53.15,5300900,2026-01-06T03:44:35Z
AXP,2006-01-27,39.48,39.62,39.29,39.42,9354887,53.3,53.49,53.05,53.22,6928900,2026-01-06T03:44:35Z
AXP,2006-01-30,39.02,39.42,38.9,39.37,8554124,52.68,53.22,52.52,53.15,6335800,2026-01-06T03:44:35Z
AXP,2006-01-31,38.85,39.19,38.7,38.89,7697478,52.45,52.91,52.25,52.51,5701300,2026-01-06T03:44:35Z
AXP,2006-02-01,38.97,39.12,38.75,38.85,5194466,52.62,52.82,52.32,52.45,3847400,2026-01-06T03:44:35Z
AXP,2006-02-02,38.93,39.15,38.75,38.96,7454315,52.56,52.86,52.32,52.6,5521200,2026-01-06T03:44:35Z
AXP,2006-02-03,38.76,39.17,38.72,38.94,5412512,52.33,52.88,52.28,52.57,4008900,2026-01-06T03:44:35Z
AXP,2006-02-06,38.68,38.81,38.37,38.68,3980708,52.22,52.4,51.8,52.22,2948400,2026-01-06T03:44:35Z
AXP,2006-02-07,38.57,38.85,38.53,38.59,4734078,52.07,52.45,52.02,52.1,3506400,2026-01-06T03:44:35Z
AXP,2006-02-08,39.06,39.15,38.26,38.49,7134878,52.73,52.86,51.65,51.97,5284600,2026-01-06T03:44:35Z
AXP,2006-02-09,39.29,39.8,39.09,39.22,6695278,53.04,53.74,52.77,52.95,4959000,2026-01-06T03:44:35Z
AXP,2006-02-10,39.26,39.58,39.05,39.36,5051361,53,53.44,52.72,53.14,3741400,2026-01-06T03:44:35Z
AXP,2006-02-13,39.27,39.62,39.21,39.26,5146816,53.02,53.49,52.94,53,3812100,2026-01-06T03:44:35Z
AXP,2006-02-14,39.63,39.96,39.37,39.48,6616551,53.51,53.95,53.15,53.3,4900700,2026-01-06T03:44:35Z
AXP,2006-02-15,40.14,40.17,39.67,39.76,6178310,54.19,54.24,53.56,53.68,4576100,2026-01-06T03:44:35Z
AXP,2006-02-16,40.35,40.35,39.86,40.03,5725342,54.48,54.48,53.82,54.05,4240600,2026-01-06T03:44:35Z
AXP,2006-02-17,40.33,40.36,40.07,40.35,5921378,54.45,54.49,54.1,54.48,4385800,2026-01-06T03:44:35Z
AXP,2006-02-21,39.89,40.42,39.87,40.37,5388214,53.86,54.57,53.83,54.5,3990900,2026-01-06T03:44:35Z
AXP,2006-02-22,40.62,40.7,39.96,39.97,8446664,54.84,54.95,53.95,53.97,6256200,2026-01-06T03:44:35Z
AXP,2006-02-23,40.42,40.74,40.13,40.2,5843743,54.57,55,54.18,54.28,4328300,2026-01-06T03:44:35Z
AXP,2006-02-24,40.64,40.7,40.37,40.43,3901994,54.87,54.95,54.51,54.59,2890100,2026-01-06T03:44:35Z
AXP,2006-02-27,40.54,40.69,40.44,40.64,3486697,54.74,54.94,54.6,54.87,2582500,2026-01-06T03:44:35Z
AXP,2006-02-28,39.91,40.36,39.91,40.22,10837053,53.88,54.49,53.88,54.3,8026700,2026-01-06T03:44:35Z
AXP,2006-03-01,40.09,40.14,39.83,39.96,3811130,54.12,54.2,53.77,53.95,2822800,2026-01-06T03:44:35Z
AXP,2006-03-02,39.83,40.21,39.81,40.08,6204236,53.78,54.29,53.75,54.11,4595300,2026-01-06T03:44:35Z
AXP,2006-03-03,39.81,40.26,39.66,39.7,5071343,53.75,54.35,53.55,53.6,3756200,2026-01-06T03:44:35Z
AXP,2006-03-06,39.81,40.09,39.73,39.8,4963603,53.75,54.13,53.64,53.73,3676400,2026-01-06T03:44:35Z
AXP,2006-03-07,39.69,40,39.57,39.66,5932722,53.59,54,53.43,53.55,4394200,2026-01-06T03:44:35Z
AXP,2006-03-08,39.88,40.03,39.57,39.69,7731353,53.84,54.05,53.42,53.59,5726400,2026-01-06T03:44:35Z
AXP,2006-03-09,39.4,39.94,39.32,39.86,7576237,53.2,53.92,53.09,53.81,5611500,2026-01-06T03:44:35Z
AXP,2006-03-10,40.17,40.23,39.33,39.44,5729127,54.23,54.31,53.1,53.25,4243400,2026-01-06T03:44:35Z
AXP,2006-03-13,39.88,40.36,39.66,40.33,5808101,53.84,54.49,53.55,54.45,4301900,2026-01-06T03:44:35Z
AXP,2006-03-14,39.97,40.04,39.8,39.83,5720610,53.96,54.06,53.73,53.77,4237100,2026-01-06T03:44:35Z
AXP,2006-03-15,40.01,40.1,39.85,39.97,3809648,54.02,54.14,53.8,53.96,2821700,2026-01-06T03:44:35Z
AXP,2006-03-16,40.09,40.26,39.96,40,4543167,54.12,54.35,53.95,54,3365000,2026-01-06T03:44:35Z
AXP,2006-03-17,40.48,40.49,40.2,40.3,7723126,54.65,54.66,54.28,54.41,5720300,2026-01-06T03:44:35Z
AXP,2006-03-20,40.09,40.74,40.06,40.74,3905774,54.12,55,54.08,55,2892900,2026-01-06T03:44:35Z
AXP,2006-03-21,39.69,40.01,39.61,39.97,7223442,53.59,54.02,53.48,53.96,5350200,2026-01-06T03:44:35Z
AXP,2006-03-22,39.66,39.77,39.46,39.46,4783087,53.55,53.7,53.28,53.28,3542700,2026-01-06T03:44:35Z
AXP,2006-03-23,39.33,39.66,39.07,39.66,5921376,53.1,53.55,52.75,53.55,4385800,2026-01-06T03:44:35Z
AXP,2006-03-24,39.39,39.46,39.03,39.33,3626979,53.18,53.28,52.69,53.1,2686400,2026-01-06T03:44:35Z
AXP,2006-03-27,39.52,39.6,39.2,39.39,5146537,53.36,53.46,52.93,53.18,3811900,2026-01-06T03:44:35Z
AXP,2006-03-28,38.94,39.6,38.92,39.55,6558778,52.57,53.47,52.54,53.4,4857900,2026-01-06T03:44:35Z
AXP,2006-03-29,38.89,39.19,38.86,39.15,7131492,52.5,52.91,52.46,52.85,5282100,2026-01-06T03:44:35Z
AXP,2006-03-30,38.61,38.92,38.49,38.81,8367273,52.13,52.55,51.96,52.4,6197400,2026-01-06T03:44:35Z
AXP,2006-03-31,38.92,39.09,38.34,38.34,6996756,52.55,52.78,51.76,51.76,5182300,2026-01-06T03:44:35Z
AXP,2006-04-03,38.83,39.33,38.77,39.12,5543348,52.43,53.1,52.35,52.81,4105800,2026-01-06T03:44:35Z
AXP,2006-04-04,39.43,39.43,38.66,38.83,3910634,53.23,53.23,52.19,52.42,2896500,2026-01-06T03:44:35Z
AXP,2006-04-05,39.27,39.68,39.24,39.68,5628373,52.9,53.45,52.86,53.45,4178200,2026-01-06T03:44:35Z
AXP,2006-04-06,38.8,39.23,38.62,39.2,6599218,52.27,52.84,52.03,52.8,4898900,2026-01-06T03:44:35Z
AXP,2006-04-07,38.38,39.03,38.34,38.93,6135951,51.7,52.58,51.65,52.44,4555000,2026-01-06T03:44:35Z
AXP,2006-04-10,38.49,38.71,38.25,38.36,3013287,51.85,52.14,51.53,51.68,2236900,2026-01-06T03:44:35Z
AXP,2006-04-11,38.05,38.55,37.94,38.43,4658478,51.25,51.93,51.11,51.77,3458200,2026-01-06T03:44:35Z
AXP,2006-04-12,38,38.22,37.93,38.05,3143681,51.19,51.49,51.1,51.25,2333700,2026-01-06T03:44:35Z
AXP,2006-04-13,38.02,38.07,37.86,38.01,3414449,51.21,51.28,51,51.2,2534700,2026-01-06T03:44:35Z
AXP,2006-04-17,37.86,38.16,37.8,37.93,5438575,51,51.41,50.92,51.09,4037300,2026-01-06T03:44:35Z
AXP,2006-04-18,38.82,38.85,37.8,37.93,7477913,52.3,52.34,50.92,51.1,5551200,2026-01-06T03:44:35Z
AXP,2006-04-19,38.51,38.85,38.42,38.83,4307827,51.87,52.33,51.76,52.3,3197900,2026-01-06T03:44:35Z
AXP,2006-04-20,38.93,39.07,38.5,38.51,4918598,52.44,52.63,51.86,51.88,3651300,2026-01-06T03:44:35Z
AXP,2006-04-21,38.79,39.33,38.73,39.14,9432952,52.25,52.98,52.17,52.73,7002500,2026-01-06T03:44:35Z
AXP,2006-04-24,38.44,39.07,38.23,38.75,8604630,51.78,52.63,51.5,52.2,6387600,2026-01-06T03:44:35Z
AXP,2006-04-25,38.09,38.49,37.99,38.43,6113738,51.31,51.85,51.18,51.77,4538500,2026-01-06T03:44:35Z
AXP,2006-04-26,38.53,38.57,38.22,38.23,6817721,51.9,51.95,51.48,51.5,5061100,2026-01-06T03:44:35Z
AXP,2006-04-27,39.86,39.86,38.55,38.6,12433684,53.7,53.7,51.93,52,9230100,2026-01-06T03:44:35Z
AXP,2006-04-28,39.95,40.19,39.8,39.81,8956075,53.81,54.14,53.61,53.63,6648500,2026-01-06T03:44:35Z
AXP,2006-05-01,39.2,40.06,39.11,40,8519880,52.81,53.96,52.68,53.88,6324700,2026-01-06T03:44:35Z
AXP,2006-05-02,39,39.44,38.94,39.27,6116425,52.53,53.13,52.46,52.9,4540500,2026-01-06T03:44:35Z
AXP,2006-05-03,38.88,39.03,38.78,38.94,6526468,52.38,52.58,52.24,52.45,4844900,2026-01-06T03:44:35Z
AXP,2006-05-04,39.16,39.28,38.74,38.79,6342064,52.75,52.92,52.18,52.25,4708000,2026-01-06T03:44:35Z
AXP,2006-05-05,39.9,40.03,39.32,39.34,7837045,53.75,53.92,52.96,53,5817800,2026-01-06T03:44:35Z
AXP,2006-05-08,39.79,40.1,39.76,39.83,5220617,53.6,54.02,53.56,53.65,3875500,2026-01-06T03:44:35Z
AXP,2006-05-09,39.77,39.91,39.66,39.79,5111777,53.57,53.76,53.43,53.6,3794700,2026-01-06T03:44:35Z
AXP,2006-05-10,39.8,39.97,39.6,39.66,5103144,53.62,53.84,53.35,53.42,3788300,2026-01-06T03:44:35Z
AXP,2006-05-11,39.13,39.78,39.03,39.77,7527228,52.71,53.58,52.57,53.57,5587800,2026-01-06T03:44:35Z
AXP,2006-05-12,39.26,39.47,38.91,39.05,9354956,52.89,53.17,52.41,52.6,6944600,2026-01-06T03:44:35Z
AXP,2006-05-15,39.44,39.53,39.12,39.12,7404237,53.13,53.25,52.7,52.7,5496500,2026-01-06T03:44:35Z
AXP,2006-05-16,39.33,39.52,39.23,39.49,3800113,52.98,53.23,52.85,53.2,2821000,2026-01-06T03:44:35Z
AXP,2006-05-17,38.6,39.16,38.53,39.05,10832412,52,52.75,51.9,52.6,8041400,2026-01-06T03:44:35Z
AXP,2006-05-18,38.54,38.9,38.53,38.65,7962860,51.91,52.4,51.9,52.07,5911200,2026-01-06T03:44:35Z
AXP,2006-05-19,38.77,38.85,38.6,38.61,9296480,52.23,52.34,52,52.01,6901200,2026-01-06T03:44:35Z
AXP,2006-05-22,38.53,39.03,38.1,38.51,10730188,51.9,52.57,51.33,51.88,7965500,2026-01-06T03:44:35Z
AXP,2006-05-23,38.77,39,38.71,38.83,8496579,52.22,52.54,52.15,52.3,6307400,2026-01-06T03:44:35Z
AXP,2006-05-24,39.65,39.82,38.83,38.85,14002365,53.41,53.64,52.3,52.33,10394600,2026-01-06T03:44:35Z
AXP,2006-05-25,40.15,40.27,39.66,39.66,8698234,54.09,54.25,53.42,53.42,6457100,2026-01-06T03:44:35Z
AXP,2006-05-26,40.39,40.47,40.21,40.25,7447075,54.41,54.52,54.16,54.22,5528300,2026-01-06T03:44:35Z
AXP,2006-05-30,39.94,40.39,39.85,40.39,7555643,53.8,54.41,53.68,54.41,5608900,2026-01-06T03:44:35Z
AXP,2006-05-31,40.35,40.39,39.89,40.09,6984079,54.36,54.41,53.74,54,5184600,2026-01-06T03:44:35Z
AXP,2006-06-01,40.67,40.69,40.22,40.46,5759445,54.78,54.81,54.18,54.5,4275500,2026-01-06T03:44:35Z
AXP,2006-06-02,40.62,40.76,40.27,40.67,6287375,54.72,54.91,54.24,54.78,4667400,2026-01-06T03:44:35Z
AXP,2006-06-05,39.79,40.61,39.71,40.49,6869445,53.6,54.7,53.49,54.55,5099500,2026-01-06T03:44:35Z
AXP,2006-06-06,39.54,40.06,39.23,39.96,7750168,53.26,53.96,52.84,53.83,5753300,2026-01-06T03:44:35Z
AXP,2006-06-07,39.7,40.21,39.56,39.64,6598012,53.48,54.17,53.29,53.4,4898000,2026-01-06T03:44:35Z
AXP,2006-06-08,39.63,40.06,39.06,39.53,8659181,53.39,53.96,52.61,53.25,6428100,2026-01-06T03:44:35Z
AXP,2006-06-09,39.69,39.92,39.34,39.64,4850705,53.46,53.77,52.99,53.4,3600900,2026-01-06T03:44:35Z
AXP,2006-06-12,39.22,39.89,39.14,39.71,5490571,52.83,53.74,52.72,53.49,4075900,2026-01-06T03:44:35Z
AXP,2006-06-13,38.77,39.75,38.74,39.23,8521230,52.22,53.55,52.18,52.84,6325700,2026-01-06T03:44:35Z
AXP,2006-06-14,39.15,39.17,38.68,38.74,9431054,52.74,52.76,52.1,52.18,7001100,2026-01-06T03:44:35Z
AXP,2006-06-15,39.77,39.83,39.18,39.34,7533698,53.57,53.65,52.78,53,5592600,2026-01-06T03:44:35Z
AXP,2006-06-16,39.28,39.77,39.16,39.77,9998853,52.92,53.57,52.75,53.57,7422600,2026-01-06T03:44:35Z
AXP,2006-06-19,38.77,39.32,38.69,39.28,6718027,52.22,52.97,52.12,52.91,4987100,2026-01-06T03:44:35Z
AXP,2006-06-20,39.14,39.68,38.74,38.88,6828352,52.73,53.45,52.18,52.38,5069000,2026-01-06T03:44:35Z
AXP,2006-06-21,39.44,39.69,39.08,39.14,6642866,53.13,53.47,52.64,52.73,4931300,2026-01-06T03:44:35Z
AXP,2006-06-22,39.16,39.34,38.97,39.18,4318207,52.75,52.99,52.5,52.78,3205600,2026-01-06T03:44:35Z
AXP,2006-06-23,39.04,39.36,38.9,38.97,3602504,52.59,53.02,52.4,52.5,2674300,2026-01-06T03:44:35Z
AXP,2006-06-26,39.34,39.34,39.05,39.07,3274215,52.99,53,52.6,52.63,2430600,2026-01-06T03:44:35Z
AXP,2006-06-27,38.83,39.34,38.83,39.32,3677936,52.31,53,52.3,52.96,2730300,2026-01-06T03:44:35Z
AXP,2006-06-28,38.74,39.18,38.6,38.97,4952948,52.18,52.78,52,52.5,3676800,2026-01-06T03:44:35Z
AXP,2006-06-29,40.01,40.03,38.91,38.92,6045297,53.89,53.92,52.41,52.43,4487700,2026-01-06T03:44:35Z
AXP,2006-06-30,39.51,40.3,39.51,40.09,5628515,53.22,54.29,53.22,54,4178300,2026-01-06T03:44:35Z
AXP,2006-07-03,39.83,39.99,39.52,39.52,2432826,53.66,53.87,53.24,53.24,1806000,2026-01-06T03:44:35Z
AXP,2006-07-05,39.08,39.6,38.97,39.49,7322144,52.5,53.2,52.35,53.05,5450800,2026-01-06T03:44:35Z
AXP,2006-07-06,39.11,39.38,39.02,39.12,3365272,52.54,52.9,52.42,52.55,2505200,2026-01-06T03:44:35Z
AXP,2006-07-07,38.7,39.12,38.58,39.08,5187078,51.98,52.55,51.82,52.5,3861400,2026-01-06T03:44:35Z
AXP,2006-07-10,38.78,39.07,38.78,38.86,3166063,52.1,52.48,52.09,52.2,2356900,2026-01-06T03:44:35Z
AXP,2006-07-11,39.07,39.15,38.64,38.79,4398693,52.49,52.59,51.9,52.11,3274500,2026-01-06T03:44:35Z
AXP,2006-07-12,38.86,39.36,38.78,39.11,3776326,52.2,52.87,52.1,52.54,2811200,2026-01-06T03:44:35Z
AXP,2006-07-13,38.15,38.76,38.12,38.7,7815134,51.25,52.06,51.2,51.98,5817800,2026-01-06T03:44:35Z
AXP,2006-07-14,38.17,38.29,37.72,38.08,7776734,51.27,51.43,50.67,51.15,5789200,2026-01-06T03:44:35Z
AXP,2006-07-17,38.15,38.38,38.12,38.26,5395825,51.25,51.56,51.2,51.4,4016800,2026-01-06T03:44:35Z
AXP,2006-07-18,37.93,38.23,37.52,38.12,5215831,50.95,51.36,50.4,51.2,3882800,2026-01-06T03:44:35Z
AXP,2006-07-19,38.78,38.96,37.9,38.12,6442412,52.1,52.34,50.91,51.2,4795900,2026-01-06T03:44:35Z
AXP,2006-07-20,38.55,38.82,38.55,38.67,6281756,51.79,52.15,51.79,51.95,4676300,2026-01-06T03:44:35Z
AXP,2006-07-21,37.68,38.52,37.52,38.52,9722644,50.62,51.75,50.4,51.74,7237800,2026-01-06T03:44:35Z
AXP,2006-07-24,37.71,38.47,37.02,37.97,18313851,50.66,51.68,49.73,51,13633300,2026-01-06T03:44:35Z
AXP,2006-07-25,37.85,38.45,37.46,38.45,9737036,50.84,51.65,50.32,51.65,7248500,2026-01-06T03:44:35Z
AXP,2006-07-26,38.52,38.67,37.89,37.89,10792191,51.75,51.95,50.9,50.9,8034000,2026-01-06T03:44:35Z
AXP,2006-07-27,38.18,38.76,38.16,38.67,5621379,51.29,52.07,51.26,51.95,4184700,2026-01-06T03:44:35Z
AXP,2006-07-28,38.85,38.99,38.44,38.52,8061914,52.19,52.37,51.64,51.75,6001500,2026-01-06T03:44:35Z
AXP,2006-07-31,38.75,38.85,38.61,38.64,5743353,52.06,52.19,51.87,51.9,4275500,2026-01-06T03:44:35Z
AXP,2006-08-01,38.79,38.84,38.34,38.65,5195404,52.11,52.18,51.5,51.92,3867600,2026-01-06T03:44:35Z
AXP,2006-08-02,38.54,38.82,38.39,38.71,6282279,51.77,52.15,51.57,52,4676700,2026-01-06T03:44:35Z
AXP,2006-08-03,38.81,38.88,38.26,38.26,4863213,52.13,52.23,51.4,51.4,3620300,2026-01-06T03:44:35Z
AXP,2006-08-04,38.87,39.4,38.71,38.99,5968219,52.21,52.93,52,52.38,4442900,2026-01-06T03:44:35Z
AXP,2006-08-07,38.78,39.09,38.64,38.69,4535708,52.1,52.51,51.91,51.97,3376500,2026-01-06T03:44:35Z
AXP,2006-08-08,38.91,39.46,38.69,38.93,6945341,52.27,53,51.97,52.3,5170300,2026-01-06T03:44:35Z
AXP,2006-08-09,38.75,39.1,38.73,38.95,6836277,52.06,52.53,52.02,52.32,5089100,2026-01-06T03:44:35Z
AXP,2006-08-10,38.7,38.76,38.43,38.76,5256125,51.98,52.07,51.62,52.06,3912800,2026-01-06T03:44:35Z
AXP,2006-08-11,38.56,38.63,38.11,38.45,5759063,51.8,51.89,51.19,51.65,4287200,2026-01-06T03:44:35Z
AXP,2006-08-14,38.56,38.86,38.52,38.82,4410642,51.8,52.2,51.74,52.15,3283400,2026-01-06T03:44:35Z
AXP,2006-08-15,39.31,39.43,38.8,39.02,5030444,52.81,52.97,52.12,52.42,3744800,2026-01-06T03:44:35Z
AXP,2006-08-16,39.48,39.56,39.27,39.31,4787851,53.03,53.14,52.75,52.81,3564200,2026-01-06T03:44:35Z
AXP,2006-08-17,39.83,39.99,39.27,39.48,4678764,53.51,53.72,52.75,53.03,3483000,2026-01-06T03:44:35Z
AXP,2006-08-18,39.65,39.85,39.54,39.85,3790036,53.26,53.53,53.11,53.53,2821400,2026-01-06T03:44:35Z
AXP,2006-08-21,39.68,39.76,39.33,39.65,5004527,53.3,53.41,52.83,53.26,3725500,2026-01-06T03:44:35Z
AXP,2006-08-22,39.52,39.78,39.37,39.53,3416590,53.09,53.43,52.88,53.1,2543400,2026-01-06T03:44:35Z
AXP,2006-08-23,39.45,39.62,39.42,39.46,5168811,53,53.22,52.95,53,3847800,2026-01-06T03:44:35Z
AXP,2006-08-24,39.55,39.68,39.46,39.62,3229061,53.13,53.3,53,53.22,2403800,2026-01-06T03:44:35Z
AXP,2006-08-25,39.4,39.46,39.22,39.46,4039356,52.92,53,52.68,53,3007000,2026-01-06T03:44:35Z
AXP,2006-08-28,39.41,39.54,39.3,39.33,3451384,52.94,53.12,52.79,52.83,2569300,2026-01-06T03:44:35Z
AXP,2006-08-29,39.12,39.48,38.93,39.46,5702378,52.55,53.03,52.3,53,4245000,2026-01-06T03:44:35Z
AXP,2006-08-30,39.06,39.22,38.99,39.22,5528410,52.47,52.69,52.38,52.68,4115500,2026-01-06T03:44:35Z
AXP,2006-08-31,39.11,39.2,38.93,38.93,4352877,52.54,52.66,52.3,52.3,3240400,2026-01-06T03:44:35Z
AXP,2006-09-01,39.12,39.25,39.06,39.13,4122906,52.55,52.73,52.47,52.56,3069200,2026-01-06T03:44:35Z
AXP,2006-09-05,39.19,39.35,38.78,38.82,4552895,52.65,52.86,52.1,52.15,3389300,2026-01-06T03:44:35Z
AXP,2006-09-06,38.95,39.11,38.89,39.01,5065912,52.32,52.54,52.24,52.4,3771200,2026-01-06T03:44:35Z
AXP,2006-09-07,38.93,39.22,38.76,38.77,5852022,52.3,52.69,52.07,52.08,4356400,2026-01-06T03:44:35Z
AXP,2006-09-08,39.17,39.36,38.33,38.35,7867000,52.62,52.87,51.49,51.51,5856400,2026-01-06T03:44:35Z
AXP,2006-09-11,39.07,39.18,38.97,39.08,6918749,52.48,52.63,52.35,52.5,5150500,2026-01-06T03:44:35Z
AXP,2006-09-12,39.16,39.33,39.02,39.14,5295751,52.61,52.83,52.41,52.58,3942300,2026-01-06T03:44:35Z
AXP,2006-09-13,39.76,39.85,39.16,39.22,5924429,53.41,53.53,52.6,52.69,4410300,2026-01-06T03:44:35Z
AXP,2006-09-14,39.81,39.93,39.64,39.77,4487753,53.48,53.64,53.25,53.42,3340800,2026-01-06T03:44:35Z
AXP,2006-09-15,40.01,40.2,39.81,40.11,8722558,53.75,54,53.48,53.88,6493300,2026-01-06T03:44:35Z
AXP,2006-09-18,39.82,40.07,39.62,39.84,4085289,53.49,53.82,53.22,53.52,3041200,2026-01-06T03:44:35Z
AXP,2006-09-19,39.76,39.9,39.6,39.76,4786102,53.41,53.6,53.19,53.41,3562900,2026-01-06T03:44:35Z
AXP,2006-09-20,40.39,40.45,39.83,39.96,5677925,54.26,54.34,53.5,53.68,4226800,2026-01-06T03:44:35Z
AXP,2006-09-21,40.38,41,40.21,40.29,10454086,54.24,55.07,54.01,54.12,7782300,2026-01-06T03:44:35Z
AXP,2006-09-22,40.28,40.56,40.2,40.29,3698419,54.11,54.49,54,54.12,2753200,2026-01-06T03:44:35Z
AXP,2006-09-25,40.9,41.06,40.1,40.56,8420708,54.94,55.16,53.86,54.49,6268600,2026-01-06T03:44:35Z
AXP,2006-09-26,41.66,41.77,40.69,40.83,12739204,55.96,56.11,54.66,54.85,9483400,2026-01-06T03:44:35Z
AXP,2006-09-27,41.71,41.72,41.3,41.57,8679301,56.03,56.04,55.48,55.84,6461100,2026-01-06T03:44:35Z
AXP,2006-09-28,41.68,41.83,41.41,41.6,5767666,55.99,56.19,55.62,55.88,4293600,2026-01-06T03:44:35Z
AXP,2006-09-29,41.75,41.76,41.35,41.54,6676018,56.08,56.1,55.55,55.8,4969800,2026-01-06T03:44:35Z
AXP,2006-10-02,41.08,41.75,40.94,41.75,6863010,55.18,56.08,55,56.08,5109000,2026-01-06T03:44:35Z
AXP,2006-10-03,41.68,41.69,41.09,41.09,7658923,55.99,56,55.19,55.19,5701500,2026-01-06T03:44:35Z
AXP,2006-10-04,42.22,42.26,41.55,41.8,7039136,56.56,56.62,55.66,56,5254200,2026-01-06T03:44:35Z
AXP,2006-10-05,42.29,42.29,41.89,42.01,4203367,56.65,56.65,56.12,56.28,3137500,2026-01-06T03:44:35Z
AXP,2006-10-06,42.24,42.25,41.94,41.99,5529811,56.59,56.6,56.19,56.25,4127600,2026-01-06T03:44:35Z
AXP,2006-10-09,42.19,42.3,41.9,42.14,5511999,56.52,56.67,56.14,56.45,4114300,2026-01-06T03:44:35Z
AXP,2006-10-10,43.04,43.04,42.35,42.4,16128332,57.66,57.66,56.74,56.8,12038600,2026-01-06T03:44:35Z
AXP,2006-10-11,42.88,43.08,42.61,42.99,9846382,57.45,57.72,57.09,57.6,7349600,2026-01-06T03:44:35Z
AXP,2006-10-12,43.21,43.26,42.86,42.96,8445445,57.89,57.95,57.42,57.55,6303900,2026-01-06T03:44:35Z
AXP,2006-10-13,43.31,43.31,43.02,43.22,9221551,58.02,58.02,57.64,57.9,6883200,2026-01-06T03:44:35Z
AXP,2006-10-16,43.02,43.29,43.02,43.28,5492305,57.64,58,57.63,57.98,4099600,2026-01-06T03:44:35Z
AXP,2006-10-17,43.37,43.41,42.9,43.02,7482983,58.1,58.16,57.47,57.64,5585500,2026-01-06T03:44:35Z
AXP,2006-10-18,43.24,43.61,43.07,43.46,9071218,57.93,58.43,57.7,58.22,6771000,2026-01-06T03:44:35Z
AXP,2006-10-19,43.27,43.38,42.98,43.24,6442435,57.97,58.11,57.58,57.93,4808800,2026-01-06T03:44:35Z
AXP,2006-10-20,43.32,43.47,43.05,43.44,6342753,58.04,58.24,57.68,58.2,4734400,2026-01-06T03:44:35Z
AXP,2006-10-23,42.29,43.55,42.01,43.11,25974597,56.65,58.34,56.28,57.76,19388100,2026-01-06T03:44:35Z
AXP,2006-10-24,42.32,42.63,42.19,42.29,11750784,56.7,57.11,56.52,56.65,8771100,2026-01-06T03:44:35Z
AXP,2006-10-25,42.44,42.61,42.33,42.33,9469253,56.86,57.09,56.71,56.71,7068100,2026-01-06T03:44:35Z
AXP,2006-10-26,43.16,43.28,42.43,42.44,7748783,57.82,57.98,56.85,56.86,5783900,2026-01-06T03:44:35Z
AXP,2006-10-27,42.75,43.14,42.61,43.11,7062324,57.27,57.8,57.09,57.76,5271500,2026-01-06T03:44:35Z
AXP,2006-10-30,42.78,42.91,42.72,42.76,5234943,57.31,57.48,57.23,57.28,3907500,2026-01-06T03:44:35Z
AXP,2006-10-31,43.15,43.15,42.89,42.95,7526798,57.81,57.81,57.46,57.54,5618200,2026-01-06T03:44:35Z
AXP,2006-11-01,43.03,43.56,42.99,43.29,11059491,57.65,58.36,57.6,58,8255100,2026-01-06T03:44:35Z
AXP,2006-11-02,42.89,42.96,42.7,42.96,5142510,57.46,57.55,57.2,57.55,3838500,2026-01-06T03:44:35Z
AXP,2006-11-03,42.59,43.07,42.55,42.93,4534002,57.06,57.7,57,57.51,3384300,2026-01-06T03:44:35Z
AXP,2006-11-06,43.41,43.47,42.74,42.77,7093273,58.16,58.24,57.26,57.3,5294600,2026-01-06T03:44:35Z
AXP,2006-11-07,43.63,43.78,43.41,43.44,6156404,58.45,58.65,58.16,58.2,4595300,2026-01-06T03:44:35Z
AXP,2006-11-08,44.09,44.41,43.74,43.78,10530979,59.07,59.5,58.6,58.65,7860600,2026-01-06T03:44:35Z
AXP,2006-11-09,43.97,44.14,43.85,44.08,7443731,58.91,59.13,58.75,59.05,5556200,2026-01-06T03:44:35Z
AXP,2006-11-10,43.93,44,43.79,43.97,4810661,58.86,58.95,58.67,58.91,3590800,2026-01-06T03:44:35Z
AXP,2006-11-13,44.02,44.08,43.91,43.95,6764776,58.97,59.06,58.83,58.88,5049400,2026-01-06T03:44:35Z
AXP,2006-11-14,44.29,44.36,43.88,43.99,7376220,59.34,59.43,58.79,58.94,5505800,2026-01-06T03:44:35Z
AXP,2006-11-15,44.4,44.52,44.25,44.26,5976482,59.48,59.64,59.28,59.3,4461000,2026-01-06T03:44:35Z
AXP,2006-11-16,44.46,44.56,44.26,44.44,6973631,59.57,59.7,59.29,59.54,5205300,2026-01-06T03:44:35Z
AXP,2006-11-17,44.67,44.71,44.37,44.47,6489730,59.84,59.9,59.44,59.57,4844100,2026-01-06T03:44:35Z
AXP,2006-11-20,44.47,44.68,44.3,44.67,5539057,59.58,59.86,59.35,59.84,4134500,2026-01-06T03:44:35Z
AXP,2006-11-21,44.35,44.7,44.23,44.34,4793505,59.41,59.88,59.25,59.4,3578000,2026-01-06T03:44:35Z
AXP,2006-11-22,44.7,44.71,44.3,44.34,4884605,59.89,59.9,59.35,59.4,3646000,2026-01-06T03:44:35Z
AXP,2006-11-24,44.71,44.73,44.45,44.45,2250592,59.9,59.93,59.55,59.55,1679900,2026-01-06T03:44:35Z
AXP,2006-11-27,43.9,44.71,43.76,44.56,8169325,58.82,59.9,58.62,59.7,6097800,2026-01-06T03:44:35Z
AXP,2006-11-28,43.96,44.06,43.62,43.78,7017974,58.9,59.03,58.44,58.65,5238400,2026-01-06T03:44:35Z
AXP,2006-11-29,43.87,44.1,43.67,44,5886310,58.77,59.08,58.5,58.95,4393700,2026-01-06T03:44:35Z
AXP,2006-11-30,43.83,44.06,43.45,43.87,9099636,58.72,59.03,58.21,58.77,6792200,2026-01-06T03:44:35Z
AXP,2006-12-01,43.7,43.94,43.29,43.89,6481961,58.55,58.87,58,58.8,4838300,2026-01-06T03:44:35Z
AXP,2006-12-04,44.7,44.77,43.82,43.89,7386256,59.89,59.98,58.7,58.8,5513300,2026-01-06T03:44:35Z
AXP,2006-12-05,44.67,44.77,44.25,44.35,5848536,59.85,59.98,59.28,59.42,4365500,2026-01-06T03:44:35Z
AXP,2006-12-06,44.54,44.73,44.23,44.67,4158486,59.67,59.92,59.26,59.85,3104000,2026-01-06T03:44:35Z
AXP,2006-12-07,44.17,44.82,44.08,44.64,6719758,59.17,60.05,59.05,59.8,5015800,2026-01-06T03:44:35Z
AXP,2006-12-08,44.66,44.67,44.07,44.08,4712587,59.83,59.85,59.04,59.06,3517600,2026-01-06T03:44:35Z
AXP,2006-12-11,44.27,44.78,44.07,44.61,6740524,59.31,59.99,59.04,59.77,5031300,2026-01-06T03:44:35Z
AXP,2006-12-12,44.13,44.23,43.73,44.15,7325576,59.12,59.25,58.59,59.15,5468000,2026-01-06T03:44:35Z
AXP,2006-12-13,44.76,44.82,43.95,44.55,7870567,59.97,60.05,58.88,59.68,5874800,2026-01-06T03:44:35Z
AXP,2006-12-14,46.2,46.32,44.74,44.76,14979908,61.9,62.05,59.94,59.97,11181400,2026-01-06T03:44:35Z
AXP,2006-12-15,46.01,46.5,45.98,46.22,10227537,61.64,62.3,61.6,61.92,7634100,2026-01-06T03:44:35Z
AXP,2006-12-18,46.11,46.65,46.05,46.05,6434667,61.77,62.5,61.7,61.7,4803000,2026-01-06T03:44:35Z
AXP,2006-12-19,45.94,46.28,45.68,45.87,5759983,61.55,62,61.2,61.45,4299400,2026-01-06T03:44:35Z
AXP,2006-12-20,45.78,46.05,45.61,45.91,4832094,61.33,61.69,61.11,61.5,3606800,2026-01-06T03:44:35Z
AXP,2006-12-21,45.43,45.98,45.4,45.79,4887154,60.86,61.6,60.82,61.34,3647900,2026-01-06T03:44:35Z
AXP,2006-12-22,45.42,45.6,45.2,45.3,2817025,60.85,61.09,60.56,60.69,2102700,2026-01-06T03:44:35Z
AXP,2006-12-26,45.65,45.71,45.4,45.44,2082993,61.16,61.24,60.82,60.88,1554800,2026-01-06T03:44:35Z
AXP,2006-12-27,45.96,46.14,45.67,45.94,3320352,61.57,61.81,61.19,61.55,2478400,2026-01-06T03:44:35Z
AXP,2006-12-28,45.64,46.23,45.57,46.01,3174459,61.14,61.93,61.05,61.64,2369500,2026-01-06T03:44:35Z
AXP,2006-12-29,45.29,45.76,45.22,45.57,3000294,60.67,61.31,60.58,61.05,2239500,2026-01-06T03:44:35Z
AXP,2007-01-03,45.17,46.32,44.93,45.78,8209945,60.36,61.9,60.05,61.18,6143300,2026-01-06T03:44:35Z
AXP,2007-01-04,44.84,45.32,44.74,45.07,7581159,59.92,60.57,59.79,60.23,5672800,2026-01-06T03:44:35Z
AXP,2007-01-05,44.25,44.8,44.07,44.64,9111736,59.13,59.87,58.9,59.65,6818100,2026-01-06T03:44:35Z
AXP,2007-01-08,44.66,44.72,43.66,44.17,6682292,59.69,59.76,58.35,59.03,5000200,2026-01-06T03:44:35Z
AXP,2007-01-09,44.38,44.86,44.15,44.82,6767682,59.31,59.95,59,59.9,5064100,2026-01-06T03:44:35Z
AXP,2007-01-10,44.35,44.43,43.93,44.33,5835817,59.27,59.37,58.71,59.24,4366800,2026-01-06T03:44:35Z
AXP,2007-01-11,44.49,44.58,44.19,44.34,5619451,59.45,59.57,59.06,59.25,4204900,2026-01-06T03:44:35Z
AXP,2007-01-12,44.16,44.46,43.97,44.41,6685896,59.01,59.41,58.76,59.35,5002900,2026-01-06T03:44:35Z
AXP,2007-01-16,44.25,44.28,43.91,44.04,7155374,59.13,59.18,58.68,58.85,5354200,2026-01-06T03:44:35Z
AXP,2007-01-17,44.31,44.52,44.15,44.27,6545713,59.22,59.5,59,59.16,4898000,2026-01-06T03:44:35Z
AXP,2007-01-18,44.15,44.47,43.77,43.77,6156282,59,59.43,58.5,58.5,4606600,2026-01-06T03:44:35Z
AXP,2007-01-19,43.47,44.32,43.43,44.32,10948622,58.09,59.23,58.04,59.23,8192600,2026-01-06T03:44:35Z
AXP,2007-01-22,43.44,43.87,42.76,43.62,17683851,58.06,58.63,57.14,58.3,13232400,2026-01-06T03:44:35Z
AXP,2007-01-23,43.06,43.51,42.76,43.4,8783122,57.54,58.15,57.15,58,6572200,2026-01-06T03:44:35Z
AXP,2007-01-24,44.1,44.1,43.14,43.18,7347289,58.93,58.93,57.65,57.7,5497800,2026-01-06T03:44:35Z
AXP,2007-01-25,43.23,44.1,43.17,43.98,6820611,57.77,58.93,57.69,58.78,5103700,2026-01-06T03:44:35Z
AXP,2007-01-26,43.29,43.44,42.99,43.26,7319486,57.85,58.05,57.45,57.81,5477000,2026-01-06T03:44:35Z
AXP,2007-01-29,43.13,43.37,43.03,43.21,6300486,57.64,57.96,57.5,57.75,4714500,2026-01-06T03:44:35Z
AXP,2007-01-30,43.41,43.42,43.14,43.16,6919503,58.01,58.03,57.65,57.68,5177700,2026-01-06T03:44:35Z
AXP,2007-01-31,43.56,43.74,43.21,43.42,8450496,58.22,58.45,57.75,58.02,6323300,2026-01-06T03:44:35Z
AXP,2007-02-01,43.45,43.9,43.33,43.62,5500508,58.07,58.67,57.91,58.3,4115900,2026-01-06T03:44:35Z
AXP,2007-02-02,43.52,43.77,43.4,43.62,6726667,58.16,58.5,58,58.3,5033400,2026-01-06T03:44:35Z
AXP,2007-02-05,43.55,43.76,43.33,43.53,4303221,58.2,58.48,57.91,58.17,3220000,2026-01-06T03:44:35Z
AXP,2007-02-06,43.44,43.77,43.09,43.7,6002866,58.06,58.5,57.59,58.4,4491800,2026-01-06T03:44:35Z
AXP,2007-02-07,43.91,44.04,43.45,43.57,5996455,58.68,58.85,58.06,58.23,4487000,2026-01-06T03:44:35Z
AXP,2007-02-08,43.77,43.91,43.45,43.91,3893613,58.49,58.68,58.06,58.68,2913500,2026-01-06T03:44:35Z
AXP,2007-02-09,43.05,44.13,42.88,43.89,6287655,57.53,58.97,57.31,58.65,4704900,2026-01-06T03:44:35Z
AXP,2007-02-12,42.65,43.17,42.06,43.17,16542839,57,57.69,56.21,57.69,12378600,2026-01-06T03:44:35Z
AXP,2007-02-13,43.1,43.24,42.52,42.82,6654629,57.6,57.78,56.82,57.23,4979500,2026-01-06T03:44:35Z
AXP,2007-02-14,43.92,44.19,42.91,43.1,10342577,58.69,59.05,57.35,57.6,7739100,2026-01-06T03:44:35Z
AXP,2007-02-15,44.04,44.24,43.79,43.79,10169095,58.85,59.12,58.52,58.52,7609300,2026-01-06T03:44:35Z
AXP,2007-02-16,44.16,44.26,43.8,44.15,6585931,59.02,59.15,58.54,59,4928100,2026-01-06T03:44:35Z
AXP,2007-02-20,43.93,44.16,43.46,43.96,5991369,58.71,59.01,58.08,58.75,4483200,2026-01-06T03:44:35Z
AXP,2007-02-21,43.8,44,43.59,43.6,3582902,58.53,58.8,58.25,58.26,2681000,2026-01-06T03:44:35Z
AXP,2007-02-22,43.51,43.98,43.36,43.71,5152237,58.15,58.77,57.94,58.42,3855300,2026-01-06T03:44:35Z
AXP,2007-02-23,43.42,43.62,43.23,43.4,4776977,58.02,58.3,57.77,58,3574500,2026-01-06T03:44:35Z
AXP,2007-02-26,42.76,43.76,42.73,43.41,5669965,57.14,58.48,57.1,58.01,4242700,2026-01-06T03:44:35Z
AXP,2007-02-27,41.6,42.67,40.78,42.65,14985633,55.59,57.03,54.5,57,11213400,2026-01-06T03:44:35Z
AXP,2007-02-28,42.55,43,41.72,41.93,15489321,56.87,57.46,55.75,56.03,11590300,2026-01-06T03:44:35Z
AXP,2007-03-01,42.32,42.65,41.27,42.05,11706511,56.55,57,55.15,56.2,8759700,2026-01-06T03:44:35Z
AXP,2007-03-02,41.48,42.24,41.4,41.98,9730371,55.44,56.45,55.33,56.1,7281000,2026-01-06T03:44:35Z
AXP,2007-03-05,41.08,41.88,41.08,41.48,8663638,54.9,55.97,54.9,55.43,6482800,2026-01-06T03:44:35Z
AXP,2007-03-06,42.18,42.25,41.31,41.42,11107269,56.37,56.46,55.21,55.35,8311300,2026-01-06T03:44:35Z
AXP,2007-03-07,41.8,42.11,41.4,41.99,7302118,55.86,56.27,55.33,56.12,5464000,2026-01-06T03:44:35Z
AXP,2007-03-08,42.52,42.65,41.99,42.16,7249338,56.82,57,56.12,56.34,5424500,2026-01-06T03:44:35Z
AXP,2007-03-09,42.58,42.91,42.32,42.7,5104801,56.9,57.35,56.55,57.07,3819800,2026-01-06T03:44:35Z
AXP,2007-03-12,42.43,42.62,41.63,41.99,4947643,56.71,56.96,55.64,56.11,3702200,2026-01-06T03:44:35Z
AXP,2007-03-13,40.97,42.35,40.94,42.13,10664783,54.75,56.6,54.71,56.3,7980200,2026-01-06T03:44:35Z
AXP,2007-03-14,41.69,42.01,40.34,40.59,14253414,55.71,56.14,53.91,54.25,10665500,2026-01-06T03:44:35Z
AXP,2007-03-15,41.99,42.08,41.53,41.59,11892927,56.11,56.24,55.5,55.58,8899200,2026-01-06T03:44:35Z
AXP,2007-03-16,41.57,42.32,41.12,42.2,10646480,55.55,56.56,54.95,56.4,7966500,2026-01-06T03:44:35Z
AXP,2007-03-19,41.93,42.13,41.61,42.1,8412669,56.04,56.3,55.61,56.26,6295000,2026-01-06T03:44:35Z
AXP,2007-03-20,42.1,42.21,41.84,41.93,5155050,56.26,56.41,55.92,56.04,3857400,2026-01-06T03:44:35Z
AXP,2007-03-21,43.02,43.21,41.65,42.11,9621982,57.49,57.75,55.66,56.27,7199900,2026-01-06T03:44:35Z
AXP,2007-03-22,42.98,43.1,42.53,42.95,7411699,57.44,57.6,56.84,57.4,5546000,2026-01-06T03:44:35Z
AXP,2007-03-23,42.97,43.33,42.85,43.09,4684901,57.43,57.91,57.27,57.58,3505600,2026-01-06T03:44:35Z
AXP,2007-03-26,42.8,43.08,42.42,42.95,4956325,57.2,57.57,56.69,57.4,3708700,2026-01-06T03:44:35Z
AXP,2007-03-27,42.23,42.69,42.19,42.61,7242651,56.43,57.05,56.38,56.95,5419500,2026-01-06T03:44:35Z
AXP,2007-03-28,41.8,42.17,41.61,42.13,10146924,55.86,56.36,55.61,56.3,7592700,2026-01-06T03:44:35Z
AXP,2007-03-29,42.25,42.41,41.78,42.39,6131288,56.46,56.68,55.84,56.65,4587900,2026-01-06T03:44:35Z
AXP,2007-03-30,42.2,42.61,41.7,42.39,5531376,56.4,56.94,55.73,56.65,4139000,2026-01-06T03:44:35Z
AXP,2007-04-02,41.8,42.42,41.41,42.2,9231887,55.86,56.69,55.34,56.4,6908000,2026-01-06T03:44:35Z
AXP,2007-04-03,41.96,42.36,41.81,41.87,10082747,55.92,56.46,55.72,55.8,7565000,2026-01-06T03:44:35Z
AXP,2007-04-04,42.25,42.38,42.01,42.02,4798269,56.31,56.48,55.99,56,3600100,2026-01-06T03:44:35Z
AXP,2007-04-05,41.99,42.15,41.81,42.08,6188929,55.96,56.18,55.73,56.08,4643500,2026-01-06T03:44:35Z
AXP,2007-04-09,42.29,42.36,41.77,42.03,4788009,56.36,56.46,55.67,56.02,3592400,2026-01-06T03:44:35Z
AXP,2007-04-10,42.32,42.62,42.09,42.17,5950360,56.41,56.8,56.1,56.2,4464500,2026-01-06T03:44:35Z
AXP,2007-04-11,42.05,42.62,42.01,42.26,6028595,56.05,56.8,55.99,56.32,4523200,2026-01-06T03:44:35Z
AXP,2007-04-12,42.4,42.45,41.68,42.08,7057135,56.51,56.58,55.55,56.09,5294900,2026-01-06T03:44:35Z
AXP,2007-04-13,43.04,43.14,42.47,42.77,9764209,57.36,57.5,56.61,57,7326000,2026-01-06T03:44:35Z
AXP,2007-04-16,43.94,44.06,43.12,43.13,8626261,58.56,58.72,57.47,57.48,6472200,2026-01-06T03:44:35Z
AXP,2007-04-17,43.7,43.89,43.42,43.89,6818295,58.24,58.5,57.87,58.5,5115700,2026-01-06T03:44:35Z
AXP,2007-04-18,43.85,43.91,43.55,43.74,11176731,58.44,58.53,58.04,58.3,8385800,2026-01-06T03:44:35Z
AXP,2007-04-19,44.23,44.34,43.43,43.89,9495106,58.95,59.1,57.89,58.5,7124100,2026-01-06T03:44:35Z
AXP,2007-04-20,45.77,45.89,44.79,45.42,19024906,61,61.16,59.7,60.53,14274200,2026-01-06T03:44:35Z
AXP,2007-04-23,45.88,46.32,45.54,46.14,10075156,61.15,61.74,60.7,61.5,7559300,2026-01-06T03:44:35Z
AXP,2007-04-24,45.7,46,45.43,45.88,11752246,60.91,61.31,60.55,61.15,8817600,2026-01-06T03:44:35Z
AXP,2007-04-25,46.76,46.89,45.41,45.84,13877560,62.32,62.5,60.52,61.1,10412200,2026-01-06T03:44:35Z
AXP,2007-04-26,46.62,47.07,46.07,46.63,12596707,62.14,62.74,61.4,62.15,9451200,2026-01-06T03:44:35Z
AXP,2007-04-27,46.62,46.89,46.31,46.38,7312893,62.14,62.5,61.72,61.82,5486800,2026-01-06T03:44:35Z
AXP,2007-04-30,45.52,46.88,45.49,46.57,12528087,60.67,62.48,60.63,62.07,9399700,2026-01-06T03:44:35Z
AXP,2007-05-01,46.01,46.04,45.32,45.39,14615409,61.32,61.36,60.4,60.5,10965800,2026-01-06T03:44:35Z
AXP,2007-05-02,47.07,47.1,46.08,46.15,11488066,62.74,62.78,61.41,61.51,8619400,2026-01-06T03:44:35Z
AXP,2007-05-03,47.61,47.61,46.89,47.1,11189117,63.46,63.46,62.5,62.78,8395100,2026-01-06T03:44:35Z
AXP,2007-05-04,47.56,47.77,47.35,47.64,5003663,63.39,63.67,63.11,63.5,3754200,2026-01-06T03:44:35Z
AXP,2007-05-07,47.47,47.64,47.24,47.56,3781467,63.27,63.5,62.96,63.39,2837200,2026-01-06T03:44:35Z
AXP,2007-05-08,47.47,47.49,47.01,47.25,4251684,63.27,63.3,62.65,62.98,3190000,2026-01-06T03:44:35Z
AXP,2007-05-09,47.48,47.61,47.13,47.48,4282872,63.28,63.45,62.82,63.28,3213400,2026-01-06T03:44:35Z
AXP,2007-05-10,47.08,47.43,46.7,47.27,7401255,62.75,63.22,62.24,63,5553100,2026-01-06T03:44:35Z
AXP,2007-05-11,47.25,47.36,46.74,47.08,4577293,62.97,63.12,62.3,62.75,3434300,2026-01-06T03:44:35Z
AXP,2007-05-14,46.83,47.37,46.78,47.21,5864919,62.42,63.14,62.35,62.92,4400400,2026-01-06T03:44:35Z
AXP,2007-05-15,47.28,47.64,46.83,47.01,7673162,63.02,63.5,62.42,62.65,5757100,2026-01-06T03:44:35Z
AXP,2007-05-16,48,48.02,47.43,47.58,7482832,63.98,64,63.22,63.42,5614300,2026-01-06T03:44:35Z
AXP,2007-05-17,47.69,48.06,47.57,47.95,4053360,63.56,64.05,63.4,63.91,3041200,2026-01-06T03:44:35Z
AXP,2007-05-18,47.99,48.23,47.83,47.87,6471090,63.96,64.28,63.75,63.8,4855200,2026-01-06T03:44:35Z
AXP,2007-05-21,48.22,48.36,47.91,48.01,6645954,64.27,64.45,63.86,63.99,4986400,2026-01-06T03:44:35Z
AXP,2007-05-22,48.22,48.39,47.97,48.2,4314592,64.27,64.5,63.94,64.24,3237200,2026-01-06T03:44:35Z
AXP,2007-05-23,48.01,48.51,47.79,48.18,6126425,63.99,64.66,63.69,64.22,4596600,2026-01-06T03:44:35Z
AXP,2007-05-24,48.03,48.61,47.97,48.03,8898019,64.02,64.79,63.93,64.01,6676100,2026-01-06T03:44:35Z
AXP,2007-05-25,47.74,48.14,47.68,47.98,4806936,63.63,64.16,63.55,63.95,3606600,2026-01-06T03:44:35Z
AXP,2007-05-29,48.27,48.3,47.83,47.87,4357111,64.34,64.38,63.75,63.8,3269100,2026-01-06T03:44:35Z
AXP,2007-05-30,48.77,48.77,47.86,48.02,7603052,65,65,63.79,64,5704500,2026-01-06T03:44:35Z
AXP,2007-05-31,48.75,48.84,48.51,48.74,6355002,64.98,65.1,64.66,64.96,4768100,2026-01-06T03:44:35Z
AXP,2007-06-01,48.82,48.85,48.52,48.8,6769111,65.07,65.11,64.67,65.04,5078800,2026-01-06T03:44:35Z
AXP,2007-06-04,48.78,48.95,48.57,48.84,4995930,65.02,65.24,64.73,65.1,3748400,2026-01-06T03:44:35Z
AXP,2007-06-05,48.61,48.85,48.45,48.77,7607323,64.79,65.11,64.57,65,5707700,2026-01-06T03:44:35Z
AXP,2007-06-06,47.82,48.61,47.65,48.52,7176689,63.74,64.79,63.51,64.67,5384600,2026-01-06T03:44:35Z
AXP,2007-06-07,47.07,48.02,46.98,47.72,8563070,62.74,64,62.61,63.6,6424800,2026-01-06T03:44:35Z
AXP,2007-06-08,47.3,47.32,46.53,46.97,5718986,63.04,63.07,62.02,62.6,4290900,2026-01-06T03:44:35Z
AXP,2007-06-11,47.31,47.58,46.83,47.11,5932371,63.06,63.42,62.42,62.79,4451000,2026-01-06T03:44:35Z
AXP,2007-06-12,46.61,47.46,46.56,47.31,6196925,62.12,63.25,62.06,63.06,4649500,2026-01-06T03:44:35Z
AXP,2007-06-13,47.38,47.41,46.66,46.89,5682991,63.15,63.19,62.19,62.5,4263900,2026-01-06T03:44:35Z
AXP,2007-06-14,47.37,48.03,47.12,47.4,6091366,63.14,64.01,62.8,63.17,4570300,2026-01-06T03:44:35Z
AXP,2007-06-15,47.85,47.94,47.49,47.85,9500571,63.77,63.9,63.29,63.77,7128200,2026-01-06T03:44:35Z
AXP,2007-06-18,47.37,48.51,47.29,48,5074694,63.14,64.65,63.03,63.98,3807500,2026-01-06T03:44:35Z
AXP,2007-06-19,47.38,47.55,47.11,47.33,6468153,63.15,63.38,62.79,63.08,4853000,2026-01-06T03:44:35Z
AXP,2007-06-20,46.56,47.69,46.55,47.53,5377774,62.05,63.56,62.04,63.35,4034900,2026-01-06T03:44:35Z
AXP,2007-06-21,47.01,47.16,45.54,46.52,8497775,62.66,62.85,60.7,62,6375800,2026-01-06T03:44:35Z
AXP,2007-06-22,46.36,47.01,46.27,46.84,11231904,61.79,62.66,61.67,62.43,8427200,2026-01-06T03:44:35Z
AXP,2007-06-25,46.37,47.06,46.03,46.65,7231991,61.8,62.72,61.35,62.17,5426100,2026-01-06T03:44:35Z
AXP,2007-06-26,46.02,46.99,45.99,46.75,7443786,61.33,62.63,61.29,62.31,5585000,2026-01-06T03:44:35Z
AXP,2007-06-27,46.17,46.23,45.45,45.84,6095502,61.53,61.62,60.58,61.1,4573400,2026-01-06T03:44:35Z
AXP,2007-06-28,45.93,46.5,45.58,45.96,9301060,61.22,61.97,60.75,61.26,6978500,2026-01-06T03:44:35Z
AXP,2007-06-29,45.9,46.34,45.3,46.26,8700491,61.18,61.76,60.37,61.65,6527900,2026-01-06T03:44:35Z
AXP,2007-07-02,46.36,46.47,45.74,46.11,8019418,61.79,61.93,60.96,61.46,6016900,2026-01-06T03:44:35Z
AXP,2007-07-03,46.95,47.11,46.32,47.09,3933167,62.42,62.63,61.59,62.61,2958200,2026-01-06T03:44:35Z
AXP,2007-07-05,46.16,47.02,46.13,46.77,4597693,61.38,62.52,61.33,62.18,3458000,2026-01-06T03:44:35Z
AXP,2007-07-06,46.26,46.48,45.79,45.89,4522569,61.51,61.8,60.88,61.02,3401500,2026-01-06T03:44:35Z
AXP,2007-07-09,46.96,47,46.17,46.41,6494599,62.44,62.49,61.39,61.7,4884700,2026-01-06T03:44:35Z
AXP,2007-07-10,45.35,47,45.31,47,13157409,60.3,62.49,60.24,62.49,9895900,2026-01-06T03:44:35Z
AXP,2007-07-11,45.34,45.75,44.92,45.24,10541181,60.28,60.83,59.73,60.15,7928200,2026-01-06T03:44:35Z
AXP,2007-07-12,47.63,47.68,45.34,45.53,12680067,63.33,63.39,60.28,60.53,9536900,2026-01-06T03:44:35Z
AXP,2007-07-13,47.26,47.68,46.74,47.61,7994901,62.83,63.39,62.15,63.3,6013100,2026-01-06T03:44:35Z
AXP,2007-07-16,46.54,47.17,46.53,47.03,6413762,61.88,62.72,61.86,62.53,4823900,2026-01-06T03:44:35Z
AXP,2007-07-17,48.69,48.85,47.46,47.53,13822996,64.74,64.95,63.1,63.2,10396500,2026-01-06T03:44:35Z
AXP,2007-07-18,48.93,49.09,48.16,48.21,12621576,65.05,65.27,64.03,64.1,9492900,2026-01-06T03:44:35Z
AXP,2007-07-19,49.3,49.56,49.02,49.02,8090225,65.55,65.89,65.18,65.18,6084800,2026-01-06T03:44:35Z
AXP,2007-07-20,48.52,49.39,48.37,49.35,9724298,64.51,65.67,64.31,65.62,7313800,2026-01-06T03:44:35Z
AXP,2007-07-23,48.63,49.26,48.37,49.05,9661392,64.66,65.49,64.31,65.22,7266500,2026-01-06T03:44:35Z
AXP,2007-07-24,46.01,47.76,45.8,47.38,16184847,61.17,63.5,60.9,63,12172900,2026-01-06T03:44:35Z
AXP,2007-07-25,46.43,46.46,45.64,46.39,10955738,61.73,61.77,60.68,61.68,8240000,2026-01-06T03:44:35Z
AXP,2007-07-26,45.32,46.51,44.29,45.99,18702529,60.26,61.84,58.89,61.15,14066500,2026-01-06T03:44:35Z
AXP,2007-07-27,44.04,45.69,44.03,45.6,17816530,58.55,60.75,58.54,60.63,13400100,2026-01-06T03:44:35Z
AXP,2007-07-30,45.23,45.39,44,44.2,12046799,60.14,60.35,58.5,58.77,9060600,2026-01-06T03:44:35Z
AXP,2007-07-31,44.03,47.12,43.91,45.86,16155343,58.54,62.65,58.38,60.97,12150700,2026-01-06T03:44:35Z
AXP,2007-08-01,44.85,44.95,43.53,43.96,14301110,59.63,59.76,57.88,58.45,10756100,2026-01-06T03:44:35Z
AXP,2007-08-02,45.81,45.93,44.83,44.88,11125009,60.91,61.07,59.61,59.67,8367300,2026-01-06T03:44:35Z
AXP,2007-08-03,43.24,45.81,43.22,45.8,19861540,57.49,60.91,57.47,60.9,14938200,2026-01-06T03:44:35Z
AXP,2007-08-06,45.3,45.35,41.74,43.53,23336930,60.23,60.3,55.5,57.88,17552100,2026-01-06T03:44:35Z
AXP,2007-08-07,45.45,45.82,44.34,44.8,17469367,60.43,60.92,58.95,59.57,13139000,2026-01-06T03:44:35Z
AXP,2007-08-08,47.35,48.05,45.55,45.65,17757870,62.96,63.88,60.56,60.7,13356000,2026-01-06T03:44:35Z
AXP,2007-08-09,45.62,47.04,45.08,45.63,23012775,60.65,62.54,59.94,60.67,17308300,2026-01-06T03:44:35Z
AXP,2007-08-10,45.71,46.03,43.95,45.13,21552617,60.78,61.2,58.44,60,16210100,2026-01-06T03:44:35Z
AXP,2007-08-13,44.71,46.22,44.6,45.89,12845358,59.45,61.45,59.3,61.02,9661200,2026-01-06T03:44:35Z
AXP,2007-08-14,43.1,44.97,43.03,44.75,15126371,57.3,59.79,57.21,59.5,11376800,2026-01-06T03:44:35Z
AXP,2007-08-15,42.68,43.89,42.66,43.02,13764089,56.74,58.36,56.72,57.2,10352200,2026-01-06T03:44:35Z
AXP,2007-08-16,43.75,44.23,41.81,42.21,23142434,58.17,58.81,55.59,56.12,17405800,2026-01-06T03:44:35Z
AXP,2007-08-17,44.29,45.26,43.33,44.89,17610147,58.89,60.18,57.61,59.68,13244900,2026-01-06T03:44:35Z
AXP,2007-08-20,44.13,45.05,43.62,44.45,8408138,58.68,59.9,57.99,59.1,6323900,2026-01-06T03:44:35Z
AXP,2007-08-21,44.48,44.8,43.95,44.49,9191787,59.14,59.56,58.44,59.15,6913300,2026-01-06T03:44:35Z
AXP,2007-08-22,45.22,45.26,43.86,44.92,11284413,60.13,60.17,58.32,59.73,8487200,2026-01-06T03:44:35Z
AXP,2007-08-23,45.15,45.8,44.84,45.79,7846249,60.03,60.89,59.62,60.88,5901300,2026-01-06T03:44:35Z
AXP,2007-08-24,45.8,45.86,44.92,45.23,6361909,60.89,60.98,59.72,60.14,4784900,2026-01-06T03:44:35Z
AXP,2007-08-27,45.1,45.8,45.05,45.79,5857204,59.96,60.89,59.9,60.88,4405300,2026-01-06T03:44:35Z
AXP,2007-08-28,43.13,44.91,43.13,44.74,14395502,57.35,59.71,57.35,59.49,10827100,2026-01-06T03:44:35Z
AXP,2007-08-29,43.73,43.77,42.88,43.53,12137734,58.14,58.19,57.01,57.87,9129000,2026-01-06T03:44:35Z
AXP,2007-08-30,43.41,43.85,43.01,43.47,10401172,57.72,58.3,57.18,57.79,7822900,2026-01-06T03:44:35Z
AXP,2007-08-31,44.09,44.5,43.42,44.15,8172132,58.62,59.17,57.73,58.7,6146400,2026-01-06T03:44:35Z
AXP,2007-09-04,45.71,46.2,43.76,44.17,10995242,60.77,61.43,58.18,58.73,8269700,2026-01-06T03:44:35Z
AXP,2007-09-05,44.62,45.26,44.39,45.13,9113737,59.32,60.17,59.02,60,6854600,2026-01-06T03:44:35Z
AXP,2007-09-06,44.68,45.12,44.08,44.5,5859866,59.4,59.99,58.61,59.17,4407300,2026-01-06T03:44:35Z
AXP,2007-09-07,43.43,44.3,43.19,43.99,11438793,57.75,58.9,57.43,58.49,8603300,2026-01-06T03:44:35Z
AXP,2007-09-10,44.16,44.64,43.11,43.46,8210024,58.71,59.35,57.32,57.78,6174900,2026-01-06T03:44:35Z
AXP,2007-09-11,44.65,44.75,43.95,44.29,5791517,59.37,59.5,58.43,58.88,4355900,2026-01-06T03:44:35Z
AXP,2007-09-12,44.74,44.94,44.32,44.32,7576350,59.48,59.75,58.92,58.92,5698300,2026-01-06T03:44:35Z
AXP,2007-09-13,45.58,45.69,44.76,45.11,10768135,60.6,60.75,59.51,59.98,8098900,2026-01-06T03:44:35Z
AXP,2007-09-14,44.33,44.65,43.62,43.92,11728354,58.94,59.37,58,58.4,8821100,2026-01-06T03:44:35Z
AXP,2007-09-17,43.77,44.32,43.27,44.3,10056017,58.2,58.92,57.53,58.9,7563300,2026-01-06T03:44:35Z
AXP,2007-09-18,45.73,46.09,43.62,44.07,13727124,60.8,61.28,58,58.6,10324400,2026-01-06T03:44:35Z
AXP,2007-09-19,45.84,46.83,45.42,46.13,10773198,60.95,62.27,60.39,61.33,8102700,2026-01-06T03:44:35Z
AXP,2007-09-20,45.22,46.07,44.97,45.89,11789116,60.12,61.25,59.79,61.02,8866800,2026-01-06T03:44:35Z
AXP,2007-09-21,44.59,45.56,44.28,45.4,15778794,59.28,60.57,58.87,60.36,11867500,2026-01-06T03:44:35Z
AXP,2007-09-24,43.92,44.93,43.81,44.64,8555718,58.39,59.74,58.25,59.35,6434900,2026-01-06T03:44:35Z
AXP,2007-09-25,44.25,44.35,43.55,43.76,8905138,58.83,58.96,57.9,58.18,6697700,2026-01-06T03:44:35Z
AXP,2007-09-26,44.38,44.77,44.1,44.54,8199127,59.01,59.53,58.63,59.22,6166700,2026-01-06T03:44:35Z
AXP,2007-09-27,44.8,44.95,44.3,44.74,6226558,59.57,59.76,58.9,59.48,4683100,2026-01-06T03:44:35Z
AXP,2007-09-28,44.65,45.12,44.41,44.9,5807605,59.37,59.99,59.05,59.7,4368000,2026-01-06T03:44:35Z
AXP,2007-10-01,45.6,46.12,44.36,44.49,8461858,60.63,61.32,58.98,59.15,6364300,2026-01-06T03:44:35Z
AXP,2007-10-02,45.59,46.2,45.36,45.69,7114190,60.62,61.43,60.31,60.75,5350700,2026-01-06T03:44:35Z
AXP,2007-10-03,45.13,45.54,45.02,45.32,11376124,59.86,60.4,59.71,60.11,8577400,2026-01-06T03:44:35Z
AXP,2007-10-04,45.06,45.74,44.95,45.18,5388453,59.76,60.67,59.62,59.92,4062800,2026-01-06T03:44:35Z
AXP,2007-10-05,46.07,47,45.39,45.43,9080455,61.1,62.34,60.2,60.25,6846500,2026-01-06T03:44:35Z
AXP,2007-10-08,45.76,46.3,45.67,46.08,4686580,60.69,61.41,60.57,61.11,3533600,2026-01-06T03:44:35Z
AXP,2007-10-09,47.14,47.43,45.62,45.96,11649736,62.52,62.91,60.5,60.95,8783700,2026-01-06T03:44:35Z
AXP,2007-10-10,46.66,47.13,46.26,47.12,8788395,61.89,62.51,61.36,62.5,6626300,2026-01-06T03:44:35Z
AXP,2007-10-11,47.09,47.98,46.67,46.99,9692799,62.45,63.63,61.9,62.32,7308200,2026-01-06T03:44:35Z
AXP,2007-10-12,47.67,47.77,46.57,47.24,7400704,63.23,63.36,61.76,62.65,5580000,2026-01-06T03:44:35Z
AXP,2007-10-15,46.6,47.88,45.93,47.66,15212958,61.8,63.5,60.92,63.21,11470300,2026-01-06T03:44:35Z
AXP,2007-10-16,45.41,46.7,45.23,46.48,12423488,60.23,61.94,59.99,61.64,9367100,2026-01-06T03:44:35Z
AXP,2007-10-17,45.3,46.17,44.55,45.87,10615491,60.08,61.23,59.08,60.84,8003900,2026-01-06T03:44:35Z
AXP,2007-10-18,44.23,44.82,44.02,44.76,10512183,58.66,59.45,58.38,59.37,7926000,2026-01-06T03:44:35Z
AXP,2007-10-19,43.06,44.22,43.02,44.22,18069536,57.11,58.65,57.06,58.65,13624100,2026-01-06T03:44:35Z
AXP,2007-10-22,42.88,43.08,41.92,42.22,23157955,56.87,57.13,55.6,56,17460700,2026-01-06T03:44:35Z
AXP,2007-10-23,44.23,44.45,43.24,44.15,14871437,58.66,58.95,57.35,58.55,11212800,2026-01-06T03:44:35Z
AXP,2007-10-24,44.44,44.45,42.81,44.22,14090256,58.94,58.95,56.78,58.65,10623800,2026-01-06T03:44:35Z
AXP,2007-10-25,45.06,45.39,43.71,44.51,15728082,59.76,60.2,57.97,59.03,11858700,2026-01-06T03:44:35Z
AXP,2007-10-26,45.74,45.99,44.82,45.55,11217241,60.67,61,59.45,60.41,8457600,2026-01-06T03:44:35Z
AXP,2007-10-29,45.62,46.11,45.25,45.8,6293246,60.51,61.15,60.01,60.75,4745000,2026-01-06T03:44:35Z
AXP,2007-10-30,45.47,45.96,45.41,45.5,5418433,60.3,60.96,60.22,60.35,4085400,2026-01-06T03:44:35Z
AXP,2007-10-31,45.96,46.41,44.78,46.26,11392845,60.95,61.55,59.39,61.35,8590000,2026-01-06T03:44:35Z
AXP,2007-11-01,44.03,45.61,43.89,45.49,12727361,58.39,60.49,58.21,60.33,9596200,2026-01-06T03:44:35Z
AXP,2007-11-02,44.05,44.41,42.79,44.2,12754926,58.42,58.9,56.75,58.62,9617000,2026-01-06T03:44:35Z
AXP,2007-11-05,43.86,44.24,42.81,43.14,9306838,58.17,58.67,56.78,57.22,7017200,2026-01-06T03:44:35Z
AXP,2007-11-06,44.16,44.33,43.07,43.85,8940934,58.57,58.8,57.12,58.16,6741300,2026-01-06T03:44:35Z
AXP,2007-11-07,41.75,43.63,41.65,43.21,18281462,55.37,57.87,55.24,57.31,13783900,2026-01-06T03:44:35Z
AXP,2007-11-08,42.3,42.9,40.77,42.22,19587199,56.1,56.9,54.07,56,14768400,2026-01-06T03:44:35Z
AXP,2007-11-09,42.59,43.94,41.51,41.66,18224151,56.49,58.28,55.06,55.25,13740700,2026-01-06T03:44:35Z
AXP,2007-11-12,42.29,43.54,42.22,42.41,14284541,56.09,57.75,56,56.25,10770300,2026-01-06T03:44:35Z
AXP,2007-11-13,44.61,44.77,42.49,42.71,13921280,59.16,59.38,56.35,56.64,10496400,2026-01-06T03:44:35Z
AXP,2007-11-14,44.56,45.24,44.3,44.81,11245610,59.1,60,58.76,59.43,8479000,2026-01-06T03:44:35Z
AXP,2007-11-15,43.91,44.73,43.52,44.47,10975861,58.24,59.33,57.72,58.98,8275600,2026-01-06T03:44:35Z
AXP,2007-11-16,44.24,44.63,43.67,44.12,16317108,58.67,59.19,57.92,58.52,12302800,2026-01-06T03:44:35Z
AXP,2007-11-19,43.26,44,42.68,43.87,12507710,57.37,58.35,56.61,58.18,9430600,2026-01-06T03:44:35Z
AXP,2007-11-20,42.98,43.69,41.33,43.24,20947436,57,57.95,54.81,57.35,15794000,2026-01-06T03:44:35Z
AXP,2007-11-21,40.97,42.64,40.88,42.54,18542476,54.34,56.55,54.22,56.42,13980700,2026-01-06T03:44:35Z
AXP,2007-11-23,41.94,42.03,41.16,41.16,5902265,55.63,55.74,54.59,54.59,4450200,2026-01-06T03:44:35Z
AXP,2007-11-26,40.37,42.14,40.36,42.03,12799642,53.54,55.89,53.53,55.74,9650700,2026-01-06T03:44:35Z
AXP,2007-11-27,41.94,42.13,40.23,40.66,16722803,55.62,55.88,53.36,53.93,12608700,2026-01-06T03:44:35Z
AXP,2007-11-28,43.29,43.76,42.23,42.26,15669077,57.41,58.04,56.01,56.05,11814200,2026-01-06T03:44:35Z
AXP,2007-11-29,42.89,43.26,42,43.2,10035767,56.89,57.37,55.7,57.3,7566800,2026-01-06T03:44:35Z
AXP,2007-11-30,44.47,44.71,43.63,43.63,14739197,58.98,59.3,57.86,57.86,11113100,2026-01-06T03:44:35Z
AXP,2007-12-03,44.18,44.66,43.54,44.1,12989285,58.6,59.23,57.74,58.49,9793700,2026-01-06T03:44:35Z
AXP,2007-12-04,43.06,44.01,42.94,44.01,10611928,57.11,58.37,56.95,58.37,8001200,2026-01-06T03:44:35Z
AXP,2007-12-05,43.68,43.75,42.68,43.54,9210162,57.93,58.03,56.6,57.75,6944300,2026-01-06T03:44:35Z
AXP,2007-12-06,44.88,45.08,43.38,43.66,9148748,59.53,59.79,57.54,57.91,6898000,2026-01-06T03:44:35Z
AXP,2007-12-07,42.95,43.83,42.38,43.66,17886507,56.96,58.13,56.21,57.9,13486100,2026-01-06T03:44:35Z
AXP,2007-12-10,43.41,43.58,42.81,42.98,9134963,57.58,57.8,56.78,57,6887600,2026-01-06T03:44:35Z
AXP,2007-12-11,41.14,43.39,41.02,43.39,18982531,54.56,57.55,54.41,57.55,14312500,2026-01-06T03:44:35Z
AXP,2007-12-12,40.78,42.6,39.92,41.97,18220836,54.08,56.5,52.94,55.67,13738200,2026-01-06T03:44:35Z
AXP,2007-12-13,40.59,40.74,38.92,40.49,18738241,53.84,54.04,51.62,53.7,14128300,2026-01-06T03:44:35Z
AXP,2007-12-14,39.43,40.87,39.18,39.91,14719853,52.29,54.2,51.96,52.93,11098500,2026-01-06T03:44:35Z
AXP,2007-12-17,39.34,39.99,38.92,39.34,13927912,52.18,53.04,51.62,52.17,10501400,2026-01-06T03:44:35Z
AXP,2007-12-18,39.04,39.77,38.88,39.55,13221001,51.78,52.74,51.57,52.46,9968400,2026-01-06T03:44:35Z
AXP,2007-12-19,39.14,39.58,38.34,39.12,10514444,51.91,52.49,50.85,51.89,7927700,2026-01-06T03:44:35Z
AXP,2007-12-20,38.48,39.58,37.98,39.35,14677007,51.03,52.5,50.37,52.19,11066200,2026-01-06T03:44:35Z
AXP,2007-12-21,39.17,39.58,38.6,38.6,15591604,51.95,52.49,51.2,51.2,11755800,2026-01-06T03:44:35Z
AXP,2007-12-24,40.14,40.19,39.14,39.14,5449335,53.24,53.3,51.91,51.91,4108700,2026-01-06T03:44:35Z
AXP,2007-12-26,39.89,40.3,39.75,40.3,6925090,52.9,53.45,52.72,53.45,5221400,2026-01-06T03:44:35Z
AXP,2007-12-27,38.53,39.77,38.47,39.49,10460456,51.1,52.74,51.02,52.38,7887000,2026-01-06T03:44:35Z
AXP,2007-12-28,38.33,39.09,38.25,38.99,8719558,50.84,51.85,50.73,51.71,6574400,2026-01-06T03:44:35Z
AXP,2007-12-31,39.22,39.64,38.17,38.34,11115767,52.02,52.57,50.62,50.85,8381100,2026-01-06T03:44:35Z
AXP,2008-01-02,38.62,39.59,38.43,39.27,10644451,51.04,52.32,50.79,51.9,8053600,2026-01-06T03:44:35Z
AXP,2008-01-03,38.14,38.97,37.98,38.74,10247688,50.41,51.5,50.2,51.2,7753400,2026-01-06T03:44:35Z
AXP,2008-01-04,37.18,37.82,36.85,37.82,11236196,49.14,49.99,48.71,49.99,8501300,2026-01-06T03:44:35Z
AXP,2008-01-07,37.35,37.91,36.76,37.47,18544794,49.36,50.1,48.59,49.53,14031000,2026-01-06T03:44:35Z
AXP,2008-01-08,36.28,37.6,36.14,37.6,15492586,47.95,49.7,47.76,49.7,11721700,2026-01-06T03:44:35Z
AXP,2008-01-09,37.13,37.14,35.81,36.27,14501597,49.08,49.09,47.33,47.94,10971900,2026-01-06T03:44:35Z
AXP,2008-01-10,37.01,37.63,35.24,36.21,24736167,48.92,49.73,46.57,47.86,18715400,2026-01-06T03:44:35Z
AXP,2008-01-11,33.29,33.95,32.46,33.76,75631769,44,44.87,42.9,44.62,57223000,2026-01-06T03:44:35Z
AXP,2008-01-14,33.67,33.95,32.87,33.37,24524054,44.5,44.87,43.45,44.1,18554900,2026-01-06T03:44:35Z
AXP,2008-01-15,32.36,33.61,32.17,33.18,22411699,42.77,44.42,42.52,43.86,16956700,2026-01-06T03:44:35Z
AXP,2008-01-16,33.47,33.91,31.98,32.24,22951615,44.24,44.82,42.27,42.61,17365200,2026-01-06T03:44:35Z
AXP,2008-01-17,32.28,34.24,32.09,33.52,22442387,42.67,45.25,42.41,44.3,16979900,2026-01-06T03:44:35Z
AXP,2008-01-18,33,33.83,32.16,32.53,24484819,43.61,44.71,42.51,43,18525200,2026-01-06T03:44:35Z
AXP,2008-01-22,32.79,34.2,31.13,31.13,26295355,43.34,45.2,41.15,41.15,19895100,2026-01-06T03:44:35Z
AXP,2008-01-23,34.96,35.26,31.5,32.03,26084577,46.21,46.6,41.63,42.33,19735600,2026-01-06T03:44:35Z
AXP,2008-01-24,35.64,36.82,35.11,35.11,20543632,47.11,48.66,46.4,46.4,15543300,2026-01-06T03:44:35Z
AXP,2008-01-25,34.38,36.49,34.07,36.06,16774122,45.44,48.23,45.03,47.66,12691300,2026-01-06T03:44:35Z
AXP,2008-01-28,35.86,35.89,34.07,34.88,12415787,47.4,47.44,45.03,46.1,9393800,2026-01-06T03:44:35Z
AXP,2008-01-29,36.17,36.46,35.08,36.07,16676172,47.8,48.19,46.37,47.67,12617200,2026-01-06T03:44:35Z
AXP,2008-01-30,35.82,37.15,35.56,36.08,16714221,47.34,49.1,47,47.69,12646000,2026-01-06T03:44:35Z
AXP,2008-01-31,37.17,37.91,35.04,35.33,21348113,49.13,50.1,46.31,46.69,16152000,2026-01-06T03:44:35Z
AXP,2008-02-01,37.53,37.86,36.88,36.98,13871514,49.6,50.04,48.75,48.88,10495200,2026-01-06T03:44:35Z
AXP,2008-02-04,36.06,37.07,35.98,36.78,12450949,47.66,49,47.56,48.61,9420400,2026-01-06T03:44:35Z
AXP,2008-02-05,34.58,35.62,34.54,35.42,14941986,45.7,47.08,45.65,46.82,11305100,2026-01-06T03:44:35Z
AXP,2008-02-06,34.71,35.73,34.55,34.89,12487422,45.87,47.23,45.67,46.11,9448000,2026-01-06T03:44:35Z
AXP,2008-02-07,35.14,35.68,34.27,34.27,20590519,46.45,47.16,45.29,45.3,15578800,2026-01-06T03:44:35Z
AXP,2008-02-08,34.03,34.76,33.22,34.73,21510685,44.98,45.94,43.9,45.9,16275000,2026-01-06T03:44:35Z
AXP,2008-02-11,33.77,34,33.34,33.68,14187003,44.63,44.94,44.07,44.51,10733900,2026-01-06T03:44:35Z
AXP,2008-02-12,34.11,34.96,33.74,34.29,10938682,45.08,46.2,44.6,45.32,8276200,2026-01-06T03:44:35Z
AXP,2008-02-13,35.45,35.56,34.27,34.42,14307960,46.85,47,45.29,45.5,10825400,2026-01-06T03:44:35Z
AXP,2008-02-14,34.57,35.56,34.55,35.53,8217805,45.69,47,45.66,46.96,6217600,2026-01-06T03:44:35Z
AXP,2008-02-15,34.13,34.89,33.9,34.41,14706725,45.11,46.12,44.81,45.48,11127100,2026-01-06T03:44:35Z
AXP,2008-02-19,33.71,34.83,33.5,34.46,10614072,44.55,46.03,44.28,45.54,8030600,2026-01-06T03:44:35Z
AXP,2008-02-20,34.27,34.37,33.24,33.46,8377737,45.3,45.43,43.93,44.23,6338600,2026-01-06T03:44:35Z
AXP,2008-02-21,33.8,34.63,33.53,34.46,14053787,44.68,45.77,44.32,45.54,10633100,2026-01-06T03:44:35Z
AXP,2008-02-22,34.09,34.15,33.09,33.53,10170630,45.06,45.14,43.73,44.32,7695100,2026-01-06T03:44:35Z
AXP,2008-02-25,34.21,34.37,33.22,34.12,10779536,45.21,45.42,43.9,45.1,8155800,2026-01-06T03:44:35Z
AXP,2008-02-26,34.66,35.01,33.59,34.06,12841243,45.81,46.27,44.4,45.01,9715700,2026-01-06T03:44:35Z
AXP,2008-02-27,34.86,35.42,34.21,34.28,8770409,46.07,46.81,45.22,45.31,6635700,2026-01-06T03:44:35Z
AXP,2008-02-28,33.61,34.42,33.56,34.33,10845218,44.42,45.5,44.36,45.38,8205500,2026-01-06T03:44:35Z
AXP,2008-02-29,32,33.36,31.88,33.31,18923726,42.3,44.09,42.14,44.02,14317700,2026-01-06T03:44:35Z
AXP,2008-03-03,31.84,32.28,31.42,31.93,14118438,42.08,42.67,41.53,42.2,10682000,2026-01-06T03:44:35Z
AXP,2008-03-04,32.27,32.38,31.02,31.6,16467085,42.65,42.79,41,41.77,12459000,2026-01-06T03:44:35Z
AXP,2008-03-05,31.95,32.81,31.65,32.57,11388850,42.23,43.37,41.83,43.05,8616800,2026-01-06T03:44:35Z
AXP,2008-03-06,31.24,31.86,31.02,31.86,14637463,41.29,42.11,41,42.11,11074700,2026-01-06T03:44:35Z
AXP,2008-03-07,31.42,32.21,30.68,30.93,12892940,41.53,42.57,40.55,40.88,9754800,2026-01-06T03:44:35Z
AXP,2008-03-10,30.29,31.44,30.26,31.44,13259831,40.04,41.56,40,41.56,10032400,2026-01-06T03:44:35Z
AXP,2008-03-11,33.16,33.24,31.1,31.48,19130439,43.83,43.93,41.1,41.61,14474100,2026-01-06T03:44:35Z
AXP,2008-03-12,32.34,34.04,32.23,33.17,14883153,42.74,44.99,42.6,43.84,11260600,2026-01-06T03:44:35Z
AXP,2008-03-13,32.31,32.77,31.06,31.83,16222980,42.7,43.31,41.05,42.07,12274300,2026-01-06T03:44:35Z
AXP,2008-03-14,31.03,32.63,30.67,32.63,14505269,41.01,43.13,40.53,43.13,10974700,2026-01-06T03:44:35Z
AXP,2008-03-17,31.56,32,29.89,30.03,20143262,41.71,42.3,39.5,39.69,15240400,2026-01-06T03:44:35Z
AXP,2008-03-18,33.07,33.07,31.63,32.28,16938532,43.71,43.71,41.8,42.67,12815700,2026-01-06T03:44:35Z
AXP,2008-03-19,31.78,33.65,31.72,33.44,18633624,42,44.48,41.92,44.2,14098200,2026-01-06T03:44:35Z
AXP,2008-03-20,34.79,34.9,31.78,31.94,23206426,45.98,46.13,42,42.21,17558000,2026-01-06T03:44:35Z
AXP,2008-03-24,35.87,36.88,34.99,35,17765269,47.41,48.75,46.25,46.26,13441200,2026-01-06T03:44:35Z
AXP,2008-03-25,35.95,36.57,35.42,35.83,13140484,47.51,48.33,46.81,47.35,9942100,2026-01-06T03:44:35Z
AXP,2008-03-26,34.32,35.83,34.24,35.83,14688464,45.36,47.36,45.26,47.36,11113300,2026-01-06T03:44:35Z
AXP,2008-03-27,33.92,34.94,33.65,34.39,11097799,44.83,46.18,44.47,45.45,8396600,2026-01-06T03:44:35Z
AXP,2008-03-28,32.65,34.35,32.57,34.03,12031056,43.15,45.4,43.05,44.98,9102700,2026-01-06T03:44:35Z
AXP,2008-03-31,33.08,33.59,32.45,32.69,11064878,43.72,44.4,42.89,43.21,8371700,2026-01-06T03:44:35Z
AXP,2008-04-01,35.63,35.73,33.97,33.98,18816809,47.09,47.22,44.9,44.91,14236800,2026-01-06T03:44:35Z
AXP,2008-04-02,35.3,36.11,34.99,35.92,11031454,46.65,47.73,46.25,47.48,8346400,2026-01-06T03:44:35Z
AXP,2008-04-03,35.32,35.49,34.68,34.8,8000129,46.68,46.91,45.84,46,6052900,2026-01-06T03:44:35Z
AXP,2008-04-04,34.89,35.52,34.65,35.3,7705531,46.11,46.95,45.8,46.66,5830000,2026-01-06T03:44:35Z
AXP,2008-04-07,35.22,35.85,35.03,35.21,9124775,46.55,47.38,46.3,46.54,6903800,2026-01-06T03:44:35Z
AXP,2008-04-08,35.16,35.75,34.8,35.41,9639837,46.47,47.25,46,46.8,7293500,2026-01-06T03:44:35Z
AXP,2008-04-09,34.24,35.51,34.2,35.39,11876352,45.08,46.75,45.03,46.59,9020600,2026-01-06T03:44:35Z
AXP,2008-04-10,34.23,34.87,33.56,34.26,11019260,45.06,45.91,44.18,45.1,8369600,2026-01-06T03:44:35Z
AXP,2008-04-11,32.96,33.88,32.84,33.72,11795801,43.39,44.6,43.24,44.4,8959400,2026-01-06T03:44:35Z
AXP,2008-04-14,32.45,32.93,31.98,32.92,11538641,42.72,43.35,42.11,43.34,8764100,2026-01-06T03:44:35Z
AXP,2008-04-15,32.77,33.44,32.4,32.72,9291766,43.15,44.03,42.65,43.08,7057500,2026-01-06T03:44:35Z
AXP,2008-04-16,33.23,33.5,32.58,33.33,10158083,43.75,44.1,42.9,43.88,7715500,2026-01-06T03:44:35Z
AXP,2008-04-17,33.95,34.18,32.8,32.96,9042562,44.7,45,43.18,43.39,6868200,2026-01-06T03:44:35Z
AXP,2008-04-18,34.58,35.62,34.33,34.6,16175380,45.53,46.9,45.2,45.55,12285900,2026-01-06T03:44:35Z
AXP,2008-04-21,34.71,34.95,34.13,34.27,8985801,45.7,46.01,44.93,45.12,6825100,2026-01-06T03:44:35Z
AXP,2008-04-22,33.4,34.61,33.3,34.61,14087553,43.97,45.57,43.84,45.57,10700100,2026-01-06T03:44:35Z
AXP,2008-04-23,33.71,34.09,33.31,33.54,10988060,44.38,44.88,43.86,44.16,8345900,2026-01-06T03:44:35Z
AXP,2008-04-24,34.32,34.56,33.12,33.82,14632241,45.18,45.5,43.6,44.52,11113800,2026-01-06T03:44:35Z
AXP,2008-04-25,36.28,36.46,34.77,35.58,20849025,47.77,48,45.78,46.84,15835700,2026-01-06T03:44:35Z
AXP,2008-04-28,36.37,36.88,35.92,36.38,11867403,47.89,48.55,47.29,47.9,9013800,2026-01-06T03:44:35Z
AXP,2008-04-29,36.47,36.82,36.06,36.52,10158493,48.01,48.47,47.47,48.08,7715800,2026-01-06T03:44:35Z
AXP,2008-04-30,36.47,37.2,36.19,36.85,14512036,48.02,48.97,47.64,48.52,11022500,2026-01-06T03:44:35Z
AXP,2008-05-01,38.99,39.12,36.63,36.71,21337854,51.33,51.5,48.22,48.33,16207000,2026-01-06T03:44:35Z
AXP,2008-05-02,38.28,39.98,37.99,39.47,17968204,50.4,52.63,50.01,51.96,13647600,2026-01-06T03:44:35Z
AXP,2008-05-05,38.3,39.07,38.02,38.23,12346916,50.42,51.44,50.06,50.33,9378000,2026-01-06T03:44:35Z
AXP,2008-05-06,38.71,38.75,37.37,37.9,14860124,50.96,51.02,49.2,49.9,11286900,2026-01-06T03:44:35Z
AXP,2008-05-07,36.99,38.81,36.78,38.65,16690056,48.7,51.1,48.42,50.89,12676800,2026-01-06T03:44:35Z
AXP,2008-05-08,37.1,37.39,36.24,37.18,10527008,48.85,49.22,47.72,48.95,7995700,2026-01-06T03:44:35Z
AXP,2008-05-09,37.19,38.04,36.31,36.74,12758075,48.96,50.08,47.8,48.37,9690300,2026-01-06T03:44:35Z
AXP,2008-05-12,37.94,38.05,37.14,37.43,9247684,49.95,50.09,48.9,49.28,7024000,2026-01-06T03:44:35Z
AXP,2008-05-13,37.23,38.04,36.93,37.98,11775370,49.01,50.08,48.62,50,8943900,2026-01-06T03:44:35Z
AXP,2008-05-14,37.6,37.99,37.23,37.47,10216953,49.5,50.02,49.01,49.33,7760200,2026-01-06T03:44:35Z
AXP,2008-05-15,37.87,38.17,37.11,37.6,14748083,49.86,50.25,48.86,49.51,11201800,2026-01-06T03:44:35Z
AXP,2008-05-16,36.97,37.97,36.65,37.82,12659736,48.68,49.99,48.25,49.79,9615600,2026-01-06T03:44:35Z
AXP,2008-05-19,36.88,37.73,36.69,37.1,11991292,48.56,49.68,48.31,48.84,9107900,2026-01-06T03:44:35Z
AXP,2008-05-20,35.93,36.6,35.65,36.41,13607649,47.31,48.19,46.93,47.93,10335600,2026-01-06T03:44:35Z
AXP,2008-05-21,34.54,36.03,34.34,36,17770694,45.48,47.44,45.21,47.4,13497600,2026-01-06T03:44:35Z
AXP,2008-05-22,35.21,35.55,34.49,34.57,11905848,46.36,46.81,45.41,45.52,9043000,2026-01-06T03:44:35Z
AXP,2008-05-23,34.52,35.11,34.22,35.01,11133152,45.45,46.22,45.05,46.09,8456100,2026-01-06T03:44:35Z
AXP,2008-05-27,34.86,35.47,34.32,34.6,7476343,45.9,46.7,45.19,45.56,5678600,2026-01-06T03:44:35Z
AXP,2008-05-28,35.05,35.23,34.4,35.14,10210353,46.15,46.38,45.29,46.27,7755200,2026-01-06T03:44:35Z
AXP,2008-05-29,35.51,35.9,34.76,35.15,10725934,46.75,47.26,45.77,46.28,8146800,2026-01-06T03:44:35Z
AXP,2008-05-30,35.2,35.94,35.08,35.75,9712423,46.35,47.32,46.19,47.07,7377000,2026-01-06T03:44:35Z
AXP,2008-06-02,34.37,35.13,33.69,35.13,14021202,45.25,46.25,44.35,46.25,10649700,2026-01-06T03:44:35Z
AXP,2008-06-03,33.66,34.68,33.24,34.44,20696555,44.31,45.66,43.77,45.34,15719900,2026-01-06T03:44:35Z
AXP,2008-06-04,34.67,35.74,34.05,34.33,27708667,45.64,47.05,44.83,45.2,21045900,2026-01-06T03:44:35Z
AXP,2008-06-05,36.03,36.06,34.75,34.86,17177313,47.43,47.47,45.75,45.9,13046900,2026-01-06T03:44:35Z
AXP,2008-06-06,33.91,35.55,33.82,35.46,18335364,44.65,46.8,44.52,46.68,13926500,2026-01-06T03:44:35Z
AXP,2008-06-09,33.5,34.73,33.16,34.29,16444646,44.11,45.73,43.66,45.14,12490400,2026-01-06T03:44:35Z
AXP,2008-06-10,33.69,34.33,33.08,33.34,12586922,44.35,45.2,43.55,43.9,9560300,2026-01-06T03:44:35Z
AXP,2008-06-11,32.35,33.8,32.28,33.69,14443701,42.59,44.5,42.5,44.35,10970600,2026-01-06T03:44:35Z
AXP,2008-06-12,32.98,33.79,32.49,32.56,13711424,43.42,44.49,42.77,42.87,10414400,2026-01-06T03:44:35Z
AXP,2008-06-13,33.92,34.01,32.9,33.49,10065523,44.66,44.78,43.31,44.09,7645200,2026-01-06T03:44:35Z
AXP,2008-06-16,33.94,34.8,33.31,33.7,18096793,44.68,45.82,43.85,44.37,13745300,2026-01-06T03:44:35Z
AXP,2008-06-17,32.48,34.31,32.43,34.21,18037719,42.76,45.17,42.7,45.04,13700400,2026-01-06T03:44:35Z
AXP,2008-06-18,32.22,32.75,31.59,32.24,17554115,42.42,43.12,41.59,42.45,13333100,2026-01-06T03:44:35Z
AXP,2008-06-19,32.38,32.5,31.31,31.96,16975349,42.63,42.79,41.22,42.08,12893500,2026-01-06T03:44:35Z
AXP,2008-06-20,31.28,32.13,31.23,31.57,18720325,41.18,42.3,41.11,41.56,14218900,2026-01-06T03:44:35Z
AXP,2008-06-23,31.05,31.68,30.81,31.35,13474689,40.88,41.71,40.56,41.28,10234600,2026-01-06T03:44:35Z
AXP,2008-06-24,31.98,32.27,30.82,30.96,16293248,42.1,42.49,40.57,40.76,12375400,2026-01-06T03:44:35Z
AXP,2008-06-25,31.1,32.11,30.93,31.41,27552875,40.94,42.28,40.72,41.35,20927600,2026-01-06T03:44:35Z
AXP,2008-06-26,29.54,30.72,29.47,30.7,33468838,38.89,40.45,38.8,40.42,25421000,2026-01-06T03:44:35Z
AXP,2008-06-27,28.89,30.08,28.82,29.63,29232200,38.04,39.6,37.94,39.01,22203100,2026-01-06T03:44:35Z
AXP,2008-06-30,28.61,29.38,28.57,28.99,20343668,37.67,38.68,37.61,38.17,15451900,2026-01-06T03:44:35Z
AXP,2008-07-01,30.4,30.49,28.69,28.83,31320029,40.02,40.14,37.77,37.95,23788900,2026-01-06T03:44:35Z
AXP,2008-07-02,30.09,31.07,30,30.47,21925811,39.62,40.9,39.5,40.11,16653600,2026-01-06T03:44:35Z
AXP,2008-07-03,30.56,31.06,30.09,30.36,14168130,40.24,40.89,39.62,39.97,10761300,2026-01-06T03:44:35Z
AXP,2008-07-07,30.07,31.48,29.17,30.75,20773022,39.59,41.45,38.4,40.48,15778000,2026-01-06T03:44:35Z
AXP,2008-07-08,31.56,31.75,29.65,30.09,20852941,41.55,41.8,39.03,39.61,15838700,2026-01-06T03:44:35Z
AXP,2008-07-09,29.76,31.73,29.5,31.73,18165217,39.01,41.59,38.67,41.59,13857300,2026-01-06T03:44:35Z
AXP,2008-07-10,29.78,30.27,29.03,29.81,17199748,39.04,39.68,38.06,39.08,13120800,2026-01-06T03:44:35Z
AXP,2008-07-11,29.91,30.82,28.49,29.38,25158020,39.21,40.4,37.34,38.51,19191700,2026-01-06T03:44:35Z
AXP,2008-07-14,28.61,30.51,28.53,30.34,20815830,37.51,40,37.4,39.77,15879300,2026-01-06T03:44:35Z
AXP,2008-07-15,28.24,29.66,27.12,28.04,33367761,37.02,38.88,35.55,36.75,25454500,2026-01-06T03:44:35Z
AXP,2008-07-16,30.26,30.26,28.2,28.64,25779908,39.67,39.67,36.97,37.54,19666100,2026-01-06T03:44:35Z
AXP,2008-07-17,31.88,32.23,30.03,30.85,30416692,41.79,42.25,39.36,40.44,23203300,2026-01-06T03:44:35Z
AXP,2008-07-18,32.18,32.31,30.9,32.02,22096445,42.19,42.35,40.5,41.97,16856200,2026-01-06T03:44:35Z
AXP,2008-07-21,31.2,32.42,30.92,32.29,21206835,40.9,42.5,40.53,42.33,16177600,2026-01-06T03:44:35Z
AXP,2008-07-22,28.98,29.41,27.46,27.75,63642816,37.99,38.55,36,36.38,48549800,2026-01-06T03:44:35Z
AXP,2008-07-23,30.01,30.36,28.45,29.26,38554522,39.34,39.8,37.29,38.35,29411200,2026-01-06T03:44:35Z
AXP,2008-07-24,27.78,30.26,27.54,30.16,29228493,36.41,39.66,36.1,39.54,22296900,2026-01-06T03:44:35Z
AXP,2008-07-25,27.94,29.06,27.62,28.02,25217861,36.62,38.09,36.2,36.73,19237400,2026-01-06T03:44:35Z
AXP,2008-07-28,26.98,28.26,26.81,27.85,21164923,35.37,37.04,35.15,36.51,16145600,2026-01-06T03:44:35Z
AXP,2008-07-29,28.62,28.65,26.78,27.2,23419653,37.52,37.56,35.1,35.65,17865600,2026-01-06T03:44:35Z
AXP,2008-07-30,28.64,29.29,27.94,28.95,19435335,37.54,38.4,36.62,37.95,14826200,2026-01-06T03:44:35Z
AXP,2008-07-31,28.32,28.99,28,28.15,16852515,37.12,38,36.7,36.9,12855900,2026-01-06T03:44:35Z
AXP,2008-08-01,28.37,28.55,27.46,28.36,12747369,37.19,37.43,36,37.18,9724300,2026-01-06T03:44:35Z
AXP,2008-08-04,28.11,28.45,27.56,28.29,13430744,36.85,37.3,36.13,37.09,10245600,2026-01-06T03:44:35Z
AXP,2008-08-05,29.54,29.61,28.22,28.45,19353314,38.72,38.81,36.99,37.3,14763600,2026-01-06T03:44:35Z
AXP,2008-08-06,28.98,29.35,28.61,29.29,17961767,37.99,38.48,37.5,38.39,13702100,2026-01-06T03:44:35Z
AXP,2008-08-07,27.77,29.19,27.41,28.6,24141960,36.4,38.27,35.93,37.49,18416600,2026-01-06T03:44:35Z
AXP,2008-08-08,28.84,29.23,27.51,27.71,20660067,37.81,38.31,36.06,36.33,15760500,2026-01-06T03:44:35Z
AXP,2008-08-11,29.88,30.64,28.61,28.81,15691097,39.17,40.17,37.5,37.76,11969900,2026-01-06T03:44:35Z
AXP,2008-08-12,29.03,29.78,28.74,29.67,18035088,38.05,39.04,37.68,38.89,13758000,2026-01-06T03:44:35Z
AXP,2008-08-13,28.14,28.89,27.66,28.89,18339212,36.89,37.87,36.26,37.87,13990000,2026-01-06T03:44:35Z
AXP,2008-08-14,29.14,29.29,27.85,27.97,15713481,38.2,38.4,36.51,36.66,11987000,2026-01-06T03:44:35Z
AXP,2008-08-15,29.8,30.29,29.34,29.45,20049912,39.07,39.71,38.46,38.6,15295000,2026-01-06T03:44:35Z
AXP,2008-08-18,28.98,30.01,28.67,29.9,16221709,37.99,39.34,37.58,39.2,12374700,2026-01-06T03:44:35Z
AXP,2008-08-19,28.02,28.45,27.6,28.45,17519484,36.73,37.29,36.18,37.29,13364700,2026-01-06T03:44:35Z
AXP,2008-08-20,28.55,29.18,27.74,28.1,17046384,37.43,38.25,36.36,36.83,13003800,2026-01-06T03:44:35Z
AXP,2008-08-21,28.23,28.64,27.84,28.1,12512061,37.01,37.54,36.5,36.84,9544800,2026-01-06T03:44:35Z
AXP,2008-08-22,29.59,29.71,28.72,29.13,17985280,38.79,38.95,37.65,38.19,13720000,2026-01-06T03:44:35Z
AXP,2008-08-25,28.84,29.36,28.7,29.25,13644650,37.81,38.49,37.62,38.34,10408800,2026-01-06T03:44:35Z
AXP,2008-08-26,29.03,29.25,28.61,28.86,9156628,38.05,38.34,37.5,37.83,6985100,2026-01-06T03:44:35Z
AXP,2008-08-27,29.61,29.68,28.68,28.86,11206841,38.82,38.9,37.59,37.83,8549100,2026-01-06T03:44:35Z
AXP,2008-08-28,30.81,30.87,29.91,30.03,16797072,40.39,40.47,39.21,39.36,12813600,2026-01-06T03:44:35Z
AXP,2008-08-29,30.27,30.62,30.05,30.45,12317004,39.68,40.14,39.39,39.92,9396000,2026-01-06T03:44:35Z
AXP,2008-09-02,30.99,31.87,30.36,31.09,14523870,40.63,41.78,39.8,40.75,11079500,2026-01-06T03:44:35Z
AXP,2008-09-03,31.21,31.28,30.36,30.9,15405303,40.91,41,39.8,40.5,11751900,2026-01-06T03:44:35Z
AXP,2008-09-04,29.56,30.59,29.24,30.51,25526237,38.75,40.1,38.33,40,19472600,2026-01-06T03:44:35Z
AXP,2008-09-05,30.06,30.11,28.78,29.14,18361855,39.4,39.47,37.72,38.2,14007300,2026-01-06T03:44:35Z
AXP,2008-09-08,30.91,31.89,30.13,31.51,32669679,40.52,41.8,39.5,41.3,24922000,2026-01-06T03:44:35Z
AXP,2008-09-09,29.17,31.16,29.09,30.79,22026542,38.24,40.85,38.13,40.36,16802900,2026-01-06T03:44:35Z
AXP,2008-09-10,29.11,30.1,28.74,29.59,17965557,38.16,39.46,37.68,38.79,13705000,2026-01-06T03:44:35Z
AXP,2008-09-11,29.57,29.68,28.18,28.58,25204616,38.76,38.9,36.94,37.46,19227300,2026-01-06T03:44:35Z
AXP,2008-09-12,29.71,30.02,28.71,29.02,17011663,38.95,39.35,37.64,38.04,12977300,2026-01-06T03:44:35Z
AXP,2008-09-15,27.07,29.56,27.04,28.22,41366764,35.48,38.75,35.45,36.99,31556500,2026-01-06T03:44:35Z
AXP,2008-09-16,27.52,27.58,26.06,26.09,35960148,36.07,36.15,34.16,34.2,27432100,2026-01-06T03:44:35Z
AXP,2008-09-17,25.2,27.37,24.17,26.93,49030736,33.04,35.88,31.68,35.3,37403000,2026-01-06T03:44:35Z
AXP,2008-09-18,28.77,29.18,25.14,26.01,56395957,37.72,38.25,32.95,34.1,43021500,2026-01-06T03:44:35Z
AXP,2008-09-19,30.82,31.35,28.64,30.46,43090845,40.4,41.1,37.54,39.93,32871700,2026-01-06T03:44:35Z
AXP,2008-09-22,28.45,30.9,27.78,30.45,19599450,37.29,40.5,36.42,39.92,14951400,2026-01-06T03:44:35Z
AXP,2008-09-23,29.2,29.37,27.74,28.21,13471107,38.28,38.5,36.36,36.98,10276400,2026-01-06T03:44:35Z
AXP,2008-09-24,28.61,29.54,27.93,29.32,9304474,37.5,38.72,36.61,38.44,7097900,2026-01-06T03:44:35Z
AXP,2008-09-25,28.86,30.02,28.55,28.73,10054442,37.83,39.35,37.42,37.66,7670000,2026-01-06T03:44:35Z
AXP,2008-09-26,30.13,30.19,26.97,27.94,21412389,39.5,39.58,35.35,36.62,16334400,2026-01-06T03:44:35Z
AXP,2008-09-29,24.83,29.11,24.83,28.81,25747858,32.55,38.16,32.55,37.77,19641700,2026-01-06T03:44:35Z
AXP,2008-09-30,27.03,27.22,25.17,26.27,17074964,35.43,35.68,32.99,34.44,13025600,2026-01-06T03:44:35Z
AXP,2008-10-01,27.1,27.45,26.17,26.77,11284093,35.34,35.8,34.13,34.91,8652000,2026-01-06T03:44:35Z
AXP,2008-10-02,24.64,27.07,24.54,27.07,20132445,32.14,35.3,32,35.3,15436400,2026-01-06T03:44:35Z
AXP,2008-10-03,23.67,25.69,23.39,25.57,18677359,30.87,33.5,30.5,33.35,14320700,2026-01-06T03:44:35Z
AXP,2008-10-06,23.06,24.03,20.98,22.87,32046417,30.07,31.34,27.36,29.83,24571300,2026-01-06T03:44:35Z
AXP,2008-10-07,21.66,24.92,21.38,23.56,27345266,28.25,32.5,27.89,30.73,20966800,2026-01-06T03:44:35Z
AXP,2008-10-08,20.79,23.27,20.7,20.79,26548364,27.12,30.35,27,27.12,20355800,2026-01-06T03:44:35Z
AXP,2008-10-09,18.4,21.88,17.89,21.43,37989194,24,28.54,23.33,27.95,29127900,2026-01-06T03:44:35Z
AXP,2008-10-10,17.75,19.17,15.72,17.23,59527772,23.15,25,20.5,22.47,45642500,2026-01-06T03:44:35Z
AXP,2008-10-13,20.93,21.65,18.16,18.72,29747361,27.3,28.23,23.69,24.41,22808600,2026-01-06T03:44:35Z
AXP,2008-10-14,21.61,24.26,20.47,22.27,30974504,28.19,31.64,26.7,29.05,23749500,2026-01-06T03:44:35Z
AXP,2008-10-15,18.72,20.96,18.41,20.79,24752358,24.41,27.34,24.01,27.11,18978700,2026-01-06T03:44:35Z
AXP,2008-10-16,18.13,19.08,16.88,19.05,30609481,23.64,24.88,22.01,24.85,23469600,2026-01-06T03:44:35Z
AXP,2008-10-17,17.89,19.51,17.34,17.47,28076705,23.33,25.44,22.61,22.78,21527600,2026-01-06T03:44:35Z
AXP,2008-10-20,18.67,18.72,17.54,18.36,23856614,24.35,24.41,22.87,23.95,18291900,2026-01-06T03:44:35Z
AXP,2008-10-21,20.23,20.76,18.21,19.38,39437033,26.39,27.08,23.75,25.28,30238000,2026-01-06T03:44:35Z
AXP,2008-10-22,19.18,20.07,18.57,19.28,26242834,25.02,26.17,24.22,25.15,20121500,2026-01-06T03:44:35Z
AXP,2008-10-23,18.81,19.32,17.58,19.25,21715104,24.53,25.2,22.93,25.11,16649900,2026-01-06T03:44:35Z
AXP,2008-10-24,18.44,18.97,16.92,17.25,23915142,24.05,24.74,22.07,22.5,18336800,2026-01-06T03:44:35Z
AXP,2008-10-27,17.7,19.01,17.61,18.1,13720395,23.08,24.79,22.97,23.61,10520000,2026-01-06T03:44:35Z
AXP,2008-10-28,19.53,19.69,17.13,18.6,22322392,25.47,25.68,22.34,24.26,17115500,2026-01-06T03:44:35Z
AXP,2008-10-29,19.33,20.5,18.98,19.39,23119469,25.21,26.73,24.75,25.29,17726700,2026-01-06T03:44:35Z
AXP,2008-10-30,19.98,20.53,19.55,19.63,20693005,26.06,26.77,25.5,25.6,15866200,2026-01-06T03:44:35Z
AXP,2008-10-31,21.09,21.42,19.63,19.82,20867128,27.5,27.93,25.6,25.85,15999700,2026-01-06T03:44:35Z
AXP,2008-11-03,21.71,21.98,20.83,20.96,16321291,28.32,28.66,27.16,27.34,12514200,2026-01-06T03:44:35Z
AXP,2008-11-04,22.86,23.2,21.94,22.38,20361951,29.82,30.26,28.61,29.19,15612400,2026-01-06T03:44:35Z
AXP,2008-11-05,21.34,22.87,21.15,22.24,16811676,27.83,29.83,27.58,29.01,12890200,2026-01-06T03:44:35Z
AXP,2008-11-06,19.11,21.32,18.82,21.12,28598813,24.92,27.81,24.55,27.55,21927900,2026-01-06T03:44:35Z
AXP,2008-11-07,19.41,19.61,18.63,19.42,17595304,25.31,25.58,24.3,25.33,13491100,2026-01-06T03:44:35Z
AXP,2008-11-10,18.39,19.97,18.02,19.86,15660133,23.98,26.04,23.5,25.9,12007300,2026-01-06T03:44:35Z
AXP,2008-11-11,17.18,18.02,16.87,18,26049994,22.4,23.5,22,23.47,19973600,2026-01-06T03:44:35Z
AXP,2008-11-12,15.37,16.29,15.14,16.1,46663210,20.05,21.25,19.75,21,35778700,2026-01-06T03:44:35Z
AXP,2008-11-13,15.93,16.59,12.69,15.25,62239965,20.78,21.64,16.55,19.89,47722000,2026-01-06T03:44:35Z
AXP,2008-11-14,15.33,16.49,15.07,15.45,28268648,19.99,21.5,19.66,20.15,21674800,2026-01-06T03:44:35Z
AXP,2008-11-17,14.85,15.74,14.71,14.93,21390236,19.37,20.53,19.18,19.47,16400800,2026-01-06T03:44:35Z
AXP,2008-11-18,14.86,15.47,14.18,14.53,27393623,19.38,20.18,18.49,18.95,21003900,2026-01-06T03:44:35Z
AXP,2008-11-19,14.37,15.05,14.19,14.56,30095535,18.74,19.63,18.5,18.99,23075600,2026-01-06T03:44:35Z
AXP,2008-11-20,13.21,14.68,12.98,14.23,33132957,17.23,19.14,16.93,18.56,25404500,2026-01-06T03:44:35Z
AXP,2008-11-21,14.33,14.59,12.69,14.04,42403986,18.69,19.03,16.55,18.31,32512900,2026-01-06T03:44:35Z
AXP,2008-11-24,16.24,16.73,14.17,14.68,32438674,21.18,21.82,18.48,19.14,24872100,2026-01-06T03:44:35Z
AXP,2008-11-25,16.39,17.21,15.57,16.92,31816786,21.37,22.45,20.3,22.07,24395300,2026-01-06T03:44:35Z
AXP,2008-11-26,17.1,17.27,15.83,16.03,16159752,22.3,22.53,20.65,20.91,12390400,2026-01-06T03:44:35Z
AXP,2008-11-28,17.87,17.91,16.71,16.87,9334015,23.31,23.36,21.79,22,7156800,2026-01-06T03:44:35Z
AXP,2008-12-01,15.06,17.42,14.85,17.11,25884869,19.64,22.72,19.37,22.31,19847000,2026-01-06T03:44:35Z
AXP,2008-12-02,15.92,16.01,14.91,15.52,20928114,20.76,20.88,19.44,20.24,16046500,2026-01-06T03:44:35Z
AXP,2008-12-03,16.77,17.01,15.3,15.37,18704148,21.87,22.19,19.96,20.04,14341300,2026-01-06T03:44:35Z
AXP,2008-12-04,15.98,17.19,15.76,16.3,19862357,20.84,22.42,20.55,21.26,15229300,2026-01-06T03:44:35Z
AXP,2008-12-05,16.7,17.07,15.47,15.74,22317858,21.78,22.26,20.18,20.53,17112100,2026-01-06T03:44:35Z
AXP,2008-12-08,18.74,19.06,17.15,17.31,26598872,24.44,24.86,22.37,22.57,20394500,2026-01-06T03:44:35Z
AXP,2008-12-09,17.86,18.7,17.7,18.43,19121057,23.29,24.39,23.08,24.04,14660900,2026-01-06T03:44:35Z
AXP,2008-12-10,16.53,17.29,15.69,17.08,23833770,21.56,22.55,20.46,22.27,18274400,2026-01-06T03:44:35Z
AXP,2008-12-11,15.43,16.44,15.3,16.11,21257367,20.13,21.44,19.95,21.01,16298900,2026-01-06T03:44:35Z
AXP,2008-12-12,15.6,15.83,14.05,14.84,20687183,20.34,20.64,18.33,19.36,15861700,2026-01-06T03:44:35Z
AXP,2008-12-15,14.83,15.86,14.61,15.64,19374691,19.34,20.68,19.06,20.4,14855400,2026-01-06T03:44:35Z
AXP,2008-12-16,15.38,15.49,14.57,15.06,28975612,20.06,20.2,19,19.64,22216900,2026-01-06T03:44:35Z
AXP,2008-12-17,15.19,15.67,14.72,14.88,17210566,19.81,20.43,19.2,19.41,13196100,2026-01-06T03:44:35Z
AXP,2008-12-18,14.49,15.48,14.19,15.33,22836662,18.9,20.19,18.5,19.99,17509800,2026-01-06T03:44:35Z
AXP,2008-12-19,14.9,15.24,14.25,14.68,26072129,19.43,19.87,18.59,19.14,19990600,2026-01-06T03:44:35Z
AXP,2008-12-22,14.12,14.94,13.91,14.82,14028565,18.42,19.49,18.14,19.33,10756300,2026-01-06T03:44:35Z
AXP,2008-12-23,13.77,14.45,13.68,14.33,13376715,17.96,18.84,17.84,18.69,10256500,2026-01-06T03:44:35Z
AXP,2008-12-24,13.78,13.92,13.74,13.8,5469878,17.97,18.15,17.92,18,4194000,2026-01-06T03:44:35Z
AXP,2008-12-26,13.73,13.92,13.51,13.86,5996779,17.91,18.15,17.62,18.08,4598000,2026-01-06T03:44:35Z
AXP,2008-12-29,13.57,13.88,13.43,13.77,10478258,17.7,18.1,17.51,17.96,8034100,2026-01-06T03:44:35Z
AXP,2008-12-30,13.8,13.9,13.57,13.66,15360006,18,18.13,17.7,17.82,11777200,2026-01-06T03:44:35Z
AXP,2008-12-31,14.22,14.38,13.73,13.78,12553734,18.55,18.75,17.91,17.97,9625500,2026-01-06T03:44:35Z
AXP,2009-01-02,14.82,14.97,14.11,14.24,14288530,19.33,19.52,18.4,18.57,10955600,2026-01-06T03:44:35Z
AXP,2009-01-05,15.3,15.52,14.57,14.72,20892820,19.95,20.24,19,19.2,16019400,2026-01-06T03:44:35Z
AXP,2009-01-06,16.16,16.39,15.34,15.57,18025438,21.07,21.38,20.01,20.3,13820900,2026-01-06T03:44:35Z
AXP,2009-01-07,15.47,16.02,15.34,15.88,20301330,20.01,20.72,19.83,20.53,15700000,2026-01-06T03:44:35Z
AXP,2009-01-08,15.5,15.6,15,15.31,15847193,20.04,20.17,19.4,19.8,12255400,2026-01-06T03:44:35Z
AXP,2009-01-09,14.87,15.7,14.83,15.59,16282559,19.23,20.3,19.17,20.16,12592100,2026-01-06T03:44:35Z
AXP,2009-01-12,14.56,15.03,14.35,14.7,15843387,18.83,19.43,18.55,19.01,12252500,2026-01-06T03:44:35Z
AXP,2009-01-13,14.69,15,14.24,14.42,15341971,18.99,19.39,18.41,18.64,11864700,2026-01-06T03:44:35Z
AXP,2009-01-14,13.79,14.44,13.69,14.25,22035091,17.83,18.67,17.7,18.43,17040800,2026-01-06T03:44:35Z
AXP,2009-01-15,13.39,14.22,12.95,14.06,33360500,17.32,18.39,16.74,18.18,25799300,2026-01-06T03:44:35Z
AXP,2009-01-16,13.15,13.91,12.63,13.82,26660728,17.01,17.98,16.33,17.87,20618100,2026-01-06T03:44:35Z
AXP,2009-01-20,12.06,13.26,12.05,13.02,30262128,15.6,17.15,15.58,16.84,23403100,2026-01-06T03:44:35Z
AXP,2009-01-21,13.05,13.13,12.17,12.64,29901113,16.87,16.98,15.74,16.35,23124000,2026-01-06T03:44:35Z
AXP,2009-01-22,12.42,12.99,12.18,12.63,21300705,16.06,16.8,15.75,16.33,16472900,2026-01-06T03:44:35Z
AXP,2009-01-23,12.37,12.61,11.38,11.76,31450572,16,16.31,14.72,15.2,24322300,2026-01-06T03:44:35Z
AXP,2009-01-26,11.75,12.64,11.61,12.04,34517287,15.2,16.35,15.01,15.57,26693900,2026-01-06T03:44:35Z
AXP,2009-01-27,12.9,13.02,12.03,12.44,36367819,16.68,16.83,15.56,16.09,28125100,2026-01-06T03:44:35Z
AXP,2009-01-28,13.8,14,13.39,13.77,27122643,17.85,18.1,17.31,17.8,20975300,2026-01-06T03:44:35Z
AXP,2009-01-29,12.92,13.8,12.86,13.35,22598655,16.71,17.85,16.63,17.26,17476700,2026-01-06T03:44:35Z
AXP,2009-01-30,12.94,13.69,12.6,13.1,21241167,16.73,17.7,16.29,16.94,16426800,2026-01-06T03:44:35Z
AXP,2009-02-02,13.13,13.24,12.43,12.64,18807112,16.98,17.12,16.07,16.35,14544500,2026-01-06T03:44:35Z
AXP,2009-02-03,12.44,13.21,12.3,13.2,22127113,16.09,17.08,15.91,17.07,17112000,2026-01-06T03:44:35Z
AXP,2009-02-04,12.65,13.2,12.51,12.52,18476248,16.36,17.07,16.17,16.19,14288600,2026-01-06T03:44:35Z
AXP,2009-02-05,13.17,13.75,11.89,12.68,35244721,17.03,17.78,15.37,16.4,27256400,2026-01-06T03:44:35Z
AXP,2009-02-06,13.87,14.13,13.24,13.42,24537081,17.93,18.27,17.12,17.35,18975800,2026-01-06T03:44:35Z
AXP,2009-02-09,13.73,13.87,13.39,13.85,14162733,17.75,17.94,17.32,17.91,10952700,2026-01-06T03:44:35Z
AXP,2009-02-10,12.35,13.77,12.23,13.53,33345057,15.97,17.8,15.81,17.5,25787400,2026-01-06T03:44:35Z
AXP,2009-02-11,12.65,12.88,12.24,12.61,17314031,16.36,16.65,15.83,16.3,13389800,2026-01-06T03:44:35Z
AXP,2009-02-12,12.52,12.58,11.62,12.3,30308100,16.19,16.27,15.03,15.91,23438700,2026-01-06T03:44:35Z
AXP,2009-02-13,12.17,12.63,12.05,12.41,16472141,15.74,16.33,15.58,16.05,12738700,2026-01-06T03:44:35Z
AXP,2009-02-17,10.8,11.91,10.79,11.55,38080052,13.96,15.4,13.95,14.93,29449300,2026-01-06T03:44:35Z
AXP,2009-02-18,10.9,11.01,10.36,10.91,33961189,14.1,14.24,13.4,14.11,26263800,2026-01-06T03:44:35Z
AXP,2009-02-19,9.95,11.22,9.85,11.03,38351901,12.87,14.51,12.74,14.26,29659400,2026-01-06T03:44:35Z
AXP,2009-02-20,10.03,10.21,9.41,9.74,42094989,12.97,13.2,12.17,12.59,32554000,2026-01-06T03:44:35Z
AXP,2009-02-23,9.4,10.32,9.35,10.26,30425299,12.15,13.35,12.09,13.27,23529400,2026-01-06T03:44:35Z
AXP,2009-02-24,10.53,10.65,8.85,9.56,52830162,13.62,13.77,11.44,12.36,40856100,2026-01-06T03:44:35Z
AXP,2009-02-25,10.11,10.6,9.54,10.39,38597858,13.07,13.7,12.33,13.44,29849700,2026-01-06T03:44:35Z
AXP,2009-02-26,9.72,10.75,9.57,10.53,33894390,12.57,13.9,12.37,13.62,26212200,2026-01-06T03:44:35Z
AXP,2009-02-27,9.33,10,9.3,9.4,28975113,12.06,12.93,12.02,12.15,22407900,2026-01-06T03:44:35Z
AXP,2009-03-02,8.55,9.34,8.51,9.03,32806301,11.06,12.08,11,11.68,25370600,2026-01-06T03:44:35Z
AXP,2009-03-03,9.14,9.67,8.5,8.72,43788698,11.82,12.5,10.99,11.27,33864000,2026-01-06T03:44:35Z
AXP,2009-03-04,9.06,9.46,8.57,9.38,35025003,11.71,12.23,11.08,12.13,27086500,2026-01-06T03:44:35Z
AXP,2009-03-05,7.99,8.87,7.84,8.72,40128690,10.33,11.47,10.14,11.27,31033500,2026-01-06T03:44:35Z
AXP,2009-03-06,7.93,8.24,7.51,8.24,37795168,10.26,10.66,9.71,10.66,29229000,2026-01-06T03:44:35Z
AXP,2009-03-09,8.23,8.66,7.63,7.73,36496993,10.64,11.2,9.86,9.99,28224800,2026-01-06T03:44:35Z
AXP,2009-03-10,9.41,9.44,8.36,8.62,43176688,12.17,12.2,10.81,11.14,33390800,2026-01-06T03:44:35Z
AXP,2009-03-11,9.23,9.4,8.65,8.96,39486503,11.93,12.15,11.18,11.58,30537000,2026-01-06T03:44:35Z
AXP,2009-03-12,10.17,10.35,8.58,9.1,51170624,13.15,13.38,11.09,11.76,39572600,2026-01-06T03:44:35Z
AXP,2009-03-13,10.12,10.36,9.23,10.16,50872178,13.09,13.39,11.93,13.14,39341800,2026-01-06T03:44:35Z
AXP,2009-03-16,9.79,10.94,9.74,10.33,49670321,12.66,14.15,12.6,13.36,38412500,2026-01-06T03:44:35Z
AXP,2009-03-17,9.99,9.99,9.35,9.57,37404600,12.92,12.92,12.09,12.37,28926900,2026-01-06T03:44:35Z
AXP,2009-03-18,10.9,10.96,9.68,9.92,39296961,14.09,14.17,12.51,12.83,30390300,2026-01-06T03:44:35Z
AXP,2009-03-19,10.11,11.27,10.02,11.07,43112492,13.07,14.57,12.95,14.31,33341100,2026-01-06T03:44:35Z
AXP,2009-03-20,9.48,10.2,9.37,10.2,40199913,12.26,13.19,12.12,13.19,31088700,2026-01-06T03:44:35Z
AXP,2009-03-23,11.26,11.38,9.95,10.05,45716978,14.56,14.72,12.86,13,35355300,2026-01-06T03:44:35Z
AXP,2009-03-24,10.75,11.45,10.32,10.69,31400168,13.9,14.8,13.34,13.82,24283400,2026-01-06T03:44:35Z
AXP,2009-03-25,10.91,11.11,10.23,10.48,33075742,14.11,14.37,13.23,13.55,25579200,2026-01-06T03:44:35Z
AXP,2009-03-26,11.7,11.79,10.69,10.91,41271172,15.13,15.24,13.82,14.11,31917100,2026-01-06T03:44:35Z
AXP,2009-03-27,11.17,11.38,10.94,11.22,29554685,14.45,14.72,14.14,14.51,22856100,2026-01-06T03:44:35Z
AXP,2009-03-30,9.91,10.72,9.85,10.66,28121328,12.81,13.86,12.74,13.78,21747600,2026-01-06T03:44:35Z
AXP,2009-03-31,10.54,10.7,10.05,10.19,28125710,13.63,13.84,13,13.17,21751100,2026-01-06T03:44:35Z
AXP,2009-04-01,11.32,11.47,10.25,10.45,35348562,14.44,14.64,13.08,13.34,27702600,2026-01-06T03:44:35Z
AXP,2009-04-02,11.74,11.99,11.43,11.96,34830367,14.98,15.3,14.59,15.26,27296500,2026-01-06T03:44:35Z
AXP,2009-04-03,12.01,12.01,11.38,11.6,24493214,15.33,15.33,14.52,14.8,19195300,2026-01-06T03:44:35Z
AXP,2009-04-06,11.88,11.97,11.48,11.82,20488565,15.16,15.27,14.65,15.08,16056900,2026-01-06T03:44:35Z
AXP,2009-04-07,11.76,12.05,11.64,11.85,23664105,15.01,15.38,14.85,15.12,18545500,2026-01-06T03:44:35Z
AXP,2009-04-08,12.32,12.6,11.78,11.87,28171641,15.72,16.08,15.03,15.14,22078000,2026-01-06T03:44:35Z
AXP,2009-04-09,14.76,14.81,12.81,12.92,50449690,18.83,18.9,16.34,16.49,39537500,2026-01-06T03:44:35Z
AXP,2009-04-13,16.03,16.25,14.9,15.03,59115228,20.46,20.73,19.01,19.18,46328600,2026-01-06T03:44:35Z
AXP,2009-04-14,14.44,16.04,14.32,15.62,51526572,18.43,20.47,18.27,19.93,40381400,2026-01-06T03:44:35Z
AXP,2009-04-15,16.16,16.22,13.72,13.99,64491489,20.62,20.7,17.5,17.85,50542000,2026-01-06T03:44:35Z
AXP,2009-04-16,16.21,16.47,15.41,15.97,42132074,20.69,21.01,19.66,20.38,33018800,2026-01-06T03:44:35Z
AXP,2009-04-17,17.09,17.49,15.84,16.2,43922027,21.81,22.32,20.21,20.67,34421700,2026-01-06T03:44:35Z
AXP,2009-04-20,14.87,16.26,14.73,16.26,51597510,18.98,20.75,18.8,20.75,40436900,2026-01-06T03:44:35Z
AXP,2009-04-21,15.34,15.38,13.95,14.13,55698256,19.57,19.62,17.8,18.03,43650700,2026-01-06T03:44:35Z
AXP,2009-04-22,15.23,16.2,14.51,14.69,44574301,19.43,20.67,18.51,18.75,34932900,2026-01-06T03:44:35Z
AXP,2009-04-23,16.43,16.69,15.17,15.62,47140324,20.97,21.3,19.35,19.93,36943900,2026-01-06T03:44:35Z
AXP,2009-04-24,19.83,20.07,17.74,17.78,115246193,25.3,25.61,22.63,22.69,90318400,2026-01-06T03:44:35Z
AXP,2009-04-27,18.99,19.68,18.69,19,50777344,24.23,25.11,23.85,24.24,39794100,2026-01-06T03:44:35Z
AXP,2009-04-28,18.93,19.51,18.43,18.51,36192907,24.15,24.89,23.51,23.62,28364300,2026-01-06T03:44:35Z
AXP,2009-04-29,19.55,19.96,19.04,19.1,32731298,24.95,25.47,24.29,24.37,25651500,2026-01-06T03:44:35Z
AXP,2009-04-30,19.76,20.64,19.52,20.16,48858908,25.22,26.33,24.91,25.72,38290700,2026-01-06T03:44:35Z
AXP,2009-05-01,19.04,19.91,18.48,19.55,36683314,24.29,25.4,23.58,24.94,28748600,2026-01-06T03:44:35Z
AXP,2009-05-04,21.38,21.47,19.08,19.25,47369868,27.28,27.39,24.35,24.56,37123700,2026-01-06T03:44:35Z
AXP,2009-05-05,20.82,21.34,20.71,21.08,32536060,26.57,27.23,26.42,26.9,25498500,2026-01-06T03:44:35Z
AXP,2009-05-06,21.27,22.3,20.52,21.37,61632052,27.14,28.45,26.18,27.27,48301000,2026-01-06T03:44:35Z
AXP,2009-05-07,20.35,22.17,20.17,22.16,49688119,25.97,28.29,25.73,28.27,38940600,2026-01-06T03:44:35Z
AXP,2009-05-08,22.26,22.28,20.18,20.5,46201183,28.4,28.43,25.75,26.16,36207900,2026-01-06T03:44:35Z
AXP,2009-05-11,20.41,21.43,20.38,21.37,35635279,26.04,27.34,26,27.27,27927300,2026-01-06T03:44:35Z
AXP,2009-05-12,19.95,20.72,19.21,20.64,37023599,25.45,26.44,24.51,26.33,29015300,2026-01-06T03:44:35Z
AXP,2009-05-13,18.88,19.43,18.81,19.35,33353512,24.09,24.79,24,24.69,26139100,2026-01-06T03:44:35Z
AXP,2009-05-14,19.37,19.53,18.48,18.82,25350218,24.72,24.92,23.58,24.01,19866900,2026-01-06T03:44:35Z
AXP,2009-05-15,18.99,19.84,18.73,19.36,23900408,24.23,25.32,23.9,24.71,18730700,2026-01-06T03:44:35Z
AXP,2009-05-18,20.48,20.63,19.03,19.43,30068749,26.13,26.32,24.28,24.79,23564900,2026-01-06T03:44:35Z
AXP,2009-05-19,19.43,20.6,19.43,20.38,26830452,24.79,26.29,24.79,26.01,21027000,2026-01-06T03:44:35Z
AXP,2009-05-20,18.79,20.17,18.67,19.84,31510059,23.98,25.74,23.82,25.32,24694400,2026-01-06T03:44:35Z
AXP,2009-05-21,18.93,19.02,18.19,18.54,28462887,24.15,24.27,23.21,23.66,22306300,2026-01-06T03:44:35Z
AXP,2009-05-22,18.34,18.95,18.26,18.81,16794417,23.4,24.18,23.3,24,13161800,2026-01-06T03:44:35Z
AXP,2009-05-26,19.26,19.33,18.06,18.19,25200724,24.57,24.66,23.05,23.21,19749800,2026-01-06T03:44:35Z
AXP,2009-05-27,18.42,19.48,18.36,19.4,21668808,23.5,24.85,23.43,24.75,16981800,2026-01-06T03:44:35Z
AXP,2009-05-28,19.04,19.05,18.23,18.7,20425811,24.3,24.31,23.26,23.86,16007700,2026-01-06T03:44:35Z
AXP,2009-05-29,19.47,19.83,18.81,19.18,25001590,24.85,25.3,24,24.48,19593700,2026-01-06T03:44:35Z
AXP,2009-06-01,20.37,20.82,19.87,20.02,27556675,25.99,26.56,25.35,25.55,21596100,2026-01-06T03:44:35Z
AXP,2009-06-02,19.37,19.77,19.02,19.44,43152283,24.71,25.22,24.27,24.8,33818400,2026-01-06T03:44:35Z
AXP,2009-06-03,19.18,19.59,18.93,19.37,23483829,24.48,24.99,24.16,24.72,18404300,2026-01-06T03:44:35Z
AXP,2009-06-04,19.79,19.98,19.23,19.3,23785151,25.25,25.5,24.54,24.63,18640400,2026-01-06T03:44:35Z
AXP,2009-06-05,19.55,20.39,19.49,20.06,21642736,24.95,26.02,24.87,25.6,16961400,2026-01-06T03:44:35Z
AXP,2009-06-08,20.1,20.27,19.24,19.27,19391991,25.65,25.87,24.55,24.59,15197500,2026-01-06T03:44:35Z
AXP,2009-06-09,21.11,21.18,20.34,20.42,33380696,26.93,27.02,25.95,26.05,26160400,2026-01-06T03:44:35Z
AXP,2009-06-10,20.92,21.47,20.47,21.28,22987681,26.69,27.4,26.12,27.15,18015400,2026-01-06T03:44:35Z
AXP,2009-06-11,20.09,21.1,19.79,20.88,32356051,25.63,26.92,25.25,26.64,25357400,2026-01-06T03:44:35Z
AXP,2009-06-12,19.72,20.13,19.46,19.88,18880815,25.16,25.69,24.83,25.36,14796900,2026-01-06T03:44:35Z
AXP,2009-06-15,19.77,20.05,19.2,19.56,24457253,25.23,25.58,24.5,24.96,19167100,2026-01-06T03:44:35Z
AXP,2009-06-16,19.35,20.02,19.27,19.88,17458003,24.69,25.54,24.59,25.37,13681800,2026-01-06T03:44:35Z
AXP,2009-06-17,18.77,19.44,18.5,19.24,22668258,23.95,24.8,23.61,24.55,17765100,2026-01-06T03:44:35Z
AXP,2009-06-18,18.89,19.08,18.56,18.86,20660916,24.1,24.35,23.68,24.06,16191900,2026-01-06T03:44:35Z
AXP,2009-06-19,19.31,19.51,18.86,19.14,22102029,24.64,24.89,24.07,24.42,17321300,2026-01-06T03:44:35Z
AXP,2009-06-22,18.21,19.22,18.19,19.06,22789014,23.23,24.52,23.21,24.32,17859700,2026-01-06T03:44:35Z
AXP,2009-06-23,18.33,18.45,17.56,18.28,31006707,23.39,23.54,22.41,23.33,24299900,2026-01-06T03:44:35Z
AXP,2009-06-24,17.97,18.59,17.7,18.48,23422664,22.93,23.72,22.59,23.58,18356300,2026-01-06T03:44:35Z
AXP,2009-06-25,19.15,19.25,17.63,17.72,32971336,24.44,24.56,22.5,22.61,25839600,2026-01-06T03:44:35Z
AXP,2009-06-26,18.62,19.12,18.44,19.07,37141277,23.76,24.4,23.53,24.33,29107600,2026-01-06T03:44:35Z
AXP,2009-06-29,18.81,19.18,18.5,18.73,16962613,24,24.47,23.61,23.9,13293600,2026-01-06T03:44:35Z
AXP,2009-06-30,18.35,19.21,18.22,18.94,25108364,23.24,24.33,23.08,23.99,19826100,2026-01-06T03:44:35Z
AXP,2009-07-01,18.16,18.6,18.14,18.55,17127314,23,23.55,22.97,23.49,13524100,2026-01-06T03:44:35Z
AXP,2009-07-02,17.58,18,17.59,17.95,17148820,22.27,22.8,22.27,22.73,13541100,2026-01-06T03:44:35Z
AXP,2009-07-06,18.57,18.6,17.5,17.52,26057038,23.52,23.55,22.16,22.19,20575200,2026-01-06T03:44:35Z
AXP,2009-07-07,17.87,18.6,17.81,18.52,20183251,22.63,23.55,22.56,23.45,15937100,2026-01-06T03:44:35Z
AXP,2009-07-08,17.94,18.29,17.37,17.79,32033953,22.72,23.16,22,22.53,25294700,2026-01-06T03:44:35Z
AXP,2009-07-09,18,18.34,17.89,18.21,16804224,22.8,23.23,22.66,23.06,13269000,2026-01-06T03:44:35Z
AXP,2009-07-10,18.34,18.46,17.85,17.85,18592337,23.22,23.38,22.6,22.6,14680900,2026-01-06T03:44:35Z
AXP,2009-07-13,19.36,19.38,18.49,18.62,23365396,24.52,24.54,23.41,23.58,18449800,2026-01-06T03:44:35Z
AXP,2009-07-14,19.31,19.44,18.96,19.27,13342116,24.46,24.62,24.01,24.4,10535200,2026-01-06T03:44:35Z
AXP,2009-07-15,21.49,21.91,19.59,19.6,48553890,27.22,27.75,24.81,24.82,38339200,2026-01-06T03:44:35Z
AXP,2009-07-16,22.33,22.55,21.05,21.3,27320682,28.28,28.56,26.66,26.97,21573000,2026-01-06T03:44:35Z
AXP,2009-07-17,22.13,22.36,21.5,22.14,22663760,28.03,28.32,27.23,28.04,17895800,2026-01-06T03:44:35Z
AXP,2009-07-20,22.81,22.88,22.25,22.33,20668604,28.89,28.98,28.18,28.28,16320400,2026-01-06T03:44:35Z
AXP,2009-07-21,23.2,23.33,22.62,22.92,21526115,29.38,29.54,28.64,29.02,16997500,2026-01-06T03:44:35Z
AXP,2009-07-22,22.71,23.02,22.52,22.83,16057577,28.76,29.15,28.52,28.91,12679400,2026-01-06T03:44:35Z
AXP,2009-07-23,23.25,23.69,22.6,22.89,27134329,29.45,30,28.62,28.99,21425800,2026-01-06T03:44:35Z
AXP,2009-07-24,23.3,23.58,22.18,22.58,40895723,29.51,29.86,28.09,28.6,32292100,2026-01-06T03:44:35Z
AXP,2009-07-27,22.41,23.37,22.2,23.29,29403022,28.38,29.6,28.11,29.49,23217200,2026-01-06T03:44:35Z
AXP,2009-07-28,21.86,22.13,21.4,22.11,24796083,27.68,28.03,27.1,28,19579500,2026-01-06T03:44:35Z
AXP,2009-07-29,21.91,22.2,21.62,21.62,17139600,27.75,28.11,27.38,27.38,13533800,2026-01-06T03:44:35Z
AXP,2009-07-30,22.29,22.74,22.06,22.32,17758772,28.23,28.8,27.94,28.27,14022700,2026-01-06T03:44:35Z
AXP,2009-07-31,22.37,22.42,21.95,22.14,15002742,28.33,28.39,27.8,28.04,11846500,2026-01-06T03:44:35Z
AXP,2009-08-03,22.62,22.97,22.39,22.82,17137492,28.65,29.09,28.35,28.9,13532100,2026-01-06T03:44:35Z
AXP,2009-08-04,22.67,22.93,22.3,22.5,16094695,28.71,29.04,28.24,28.49,12708700,2026-01-06T03:44:35Z
AXP,2009-08-05,23.97,24.21,22.21,22.78,29460582,30.36,30.66,28.13,28.85,23262700,2026-01-06T03:44:35Z
AXP,2009-08-06,24.72,25.46,24.42,24.95,35881440,31.31,32.24,30.92,31.6,28332700,2026-01-06T03:44:35Z
AXP,2009-08-07,25.81,26.61,25.25,25.32,33249507,32.69,33.7,31.98,32.06,26254500,2026-01-06T03:44:35Z
AXP,2009-08-10,25.54,26.03,25.24,25.67,15049143,32.34,32.97,31.97,32.51,11883100,2026-01-06T03:44:35Z
AXP,2009-08-11,24.88,25.65,24.6,25.48,17261035,31.51,32.48,31.15,32.27,13629700,2026-01-06T03:44:35Z
AXP,2009-08-12,25.11,25.39,24.61,24.66,11471347,31.8,32.15,31.17,31.23,9058000,2026-01-06T03:44:35Z
AXP,2009-08-13,25.25,25.32,24.72,25.18,11115576,31.98,32.06,31.3,31.89,8777100,2026-01-06T03:44:35Z
AXP,2009-08-14,25.05,25.34,24.61,25.24,9670453,31.72,32.09,31.16,31.97,7636000,2026-01-06T03:44:35Z
AXP,2009-08-17,24,24.39,23.76,24.27,18096009,30.39,30.89,30.09,30.74,14289000,2026-01-06T03:44:35Z
AXP,2009-08-18,25.02,25.23,24.3,24.39,15229072,31.69,31.95,30.77,30.89,12025200,2026-01-06T03:44:35Z
AXP,2009-08-19,25.03,25.08,24.59,24.71,9784941,31.7,31.76,31.14,31.29,7726400,2026-01-06T03:44:35Z
AXP,2009-08-20,25.68,25.76,25.01,25.13,11642790,32.52,32.62,31.67,31.83,9193400,2026-01-06T03:44:35Z
AXP,2009-08-21,25.94,26.11,25.66,26.03,15548188,32.85,33.07,32.5,32.96,12277200,2026-01-06T03:44:35Z
AXP,2009-08-24,25.8,26.79,25.74,26.61,18189750,32.67,33.93,32.6,33.7,14363000,2026-01-06T03:44:35Z
AXP,2009-08-25,25.92,26.32,25.66,26.13,14423987,32.82,33.33,32.5,33.09,11389500,2026-01-06T03:44:35Z
AXP,2009-08-26,26.17,26.22,25.65,25.72,11828857,33.14,33.2,32.48,32.57,9340300,2026-01-06T03:44:35Z
AXP,2009-08-27,26.82,27.03,25.99,26.11,16740959,33.96,34.23,32.92,33.06,13219000,2026-01-06T03:44:35Z
AXP,2009-08-28,27.04,27.24,26.69,27.13,13576019,34.24,34.5,33.8,34.36,10719900,2026-01-06T03:44:35Z
AXP,2009-08-31,26.71,26.82,26.43,26.71,12360604,33.82,33.97,33.47,33.82,9760200,2026-01-06T03:44:35Z
AXP,2009-09-01,25.25,26.77,25.18,26.52,21356050,31.98,33.9,31.89,33.58,16863200,2026-01-06T03:44:35Z
AXP,2009-09-02,25.23,25.69,25.02,25.16,14485552,31.95,32.53,31.68,31.86,11438100,2026-01-06T03:44:35Z
AXP,2009-09-03,25.63,25.66,25.09,25.45,12898465,32.46,32.5,31.78,32.23,10184900,2026-01-06T03:44:35Z
AXP,2009-09-04,25.93,25.95,25.36,25.7,8327904,32.84,32.86,32.11,32.55,6575900,2026-01-06T03:44:35Z
AXP,2009-09-08,26.44,26.56,25.86,26.4,11765141,33.49,33.63,32.75,33.43,9290000,2026-01-06T03:44:35Z
AXP,2009-09-09,26.92,27.08,26.27,26.48,13091333,34.09,34.29,33.27,33.53,10337200,2026-01-06T03:44:35Z
AXP,2009-09-10,27.16,27.24,26.37,26.82,12740524,34.4,34.5,33.4,33.97,10060200,2026-01-06T03:44:35Z
AXP,2009-09-11,26.98,27.29,26.65,27.17,10686118,34.17,34.56,33.75,34.41,8438000,2026-01-06T03:44:35Z
AXP,2009-09-14,26.78,26.97,26.58,26.65,11474636,33.92,34.15,33.66,33.75,9060600,2026-01-06T03:44:35Z
AXP,2009-09-15,27.36,27.53,26.44,26.82,19763257,34.65,34.87,33.48,33.96,15605500,2026-01-06T03:44:35Z
AXP,2009-09-16,28.3,28.73,27.39,27.56,19229110,35.84,36.39,34.69,34.9,15183700,2026-01-06T03:44:35Z
AXP,2009-09-17,27.64,28.82,27.57,28.29,15491629,35,36.5,34.92,35.83,12232500,2026-01-06T03:44:35Z
AXP,2009-09-18,27.46,27.78,27.19,27.71,22201050,34.77,35.18,34.43,35.09,17530400,2026-01-06T03:44:35Z
AXP,2009-09-21,26.66,27.24,26.58,27.16,13002568,33.76,34.5,33.66,34.4,10267100,2026-01-06T03:44:35Z
AXP,2009-09-22,26.82,27.13,26.73,27.01,15382331,33.97,34.36,33.85,34.2,12146200,2026-01-06T03:44:35Z
AXP,2009-09-23,26.53,27.11,26.39,26.9,13240892,33.6,34.33,33.42,34.07,10455300,2026-01-06T03:44:35Z
AXP,2009-09-24,26.73,26.85,25.93,26.63,18359419,33.85,34,32.84,33.73,14497000,2026-01-06T03:44:35Z
AXP,2009-09-25,26.11,26.87,25.74,26.53,19199945,33.07,34.03,32.6,33.6,15160700,2026-01-06T03:44:35Z
AXP,2009-09-28,27.17,27.25,26,26.21,13311302,34.41,34.51,32.93,33.19,10510900,2026-01-06T03:44:35Z
AXP,2009-09-29,26.84,27.55,26.81,27.3,11834800,33.99,34.89,33.95,34.57,9345000,2026-01-06T03:44:35Z
AXP,2009-09-30,26.91,27.67,26.31,27.04,18949116,33.9,34.85,33.14,34.06,15042300,2026-01-06T03:44:35Z
AXP,2009-10-01,25.77,26.9,25.74,26.87,19104055,32.46,33.89,32.42,33.85,15165300,2026-01-06T03:44:35Z
AXP,2009-10-02,25.79,26.38,25.16,25.36,15388011,32.49,33.23,31.69,31.95,12215400,2026-01-06T03:44:35Z
AXP,2009-10-05,26.37,26.59,25.91,26.01,11940904,33.22,33.5,32.64,32.76,9479000,2026-01-06T03:44:35Z
AXP,2009-10-06,26.61,26.79,26.1,26.63,15776408,33.52,33.75,32.88,33.54,12523700,2026-01-06T03:44:35Z
AXP,2009-10-07,26.98,27.03,26.37,26.4,11012381,33.99,34.05,33.22,33.26,8741900,2026-01-06T03:44:35Z
AXP,2009-10-08,27.77,27.84,27.04,27.16,15106603,34.98,35.07,34.06,34.21,11992000,2026-01-06T03:44:35Z
AXP,2009-10-09,27.74,27.86,27.26,27.75,8953499,34.94,35.1,34.34,34.96,7107500,2026-01-06T03:44:35Z
AXP,2009-10-12,27.85,28.13,27.7,27.83,8123951,35.08,35.44,34.89,35.06,6449000,2026-01-06T03:44:35Z
AXP,2009-10-13,27.66,28.32,27.59,27.71,12943137,34.84,35.68,34.76,34.91,10274600,2026-01-06T03:44:35Z
AXP,2009-10-14,27.86,28.03,27.44,28,19317369,35.09,35.31,34.57,35.27,15334600,2026-01-06T03:44:35Z
AXP,2009-10-15,28.21,28.25,27.15,27.44,27272550,35.54,35.59,34.2,34.56,21649600,2026-01-06T03:44:35Z
AXP,2009-10-16,27.74,28.11,27.4,27.9,18373812,34.95,35.41,34.52,35.14,14585600,2026-01-06T03:44:35Z
AXP,2009-10-19,28.37,28.51,27.77,27.89,10135233,35.74,35.91,34.98,35.13,8045600,2026-01-06T03:44:35Z
AXP,2009-10-20,28.12,28.74,27.99,28.32,10456579,35.42,36.2,35.26,35.68,8300700,2026-01-06T03:44:35Z
AXP,2009-10-21,27.86,28.86,27.84,28.27,17073131,35.1,36.36,35.07,35.61,13553100,2026-01-06T03:44:35Z
AXP,2009-10-22,28.93,28.93,27.59,27.86,17686506,36.44,36.44,34.76,35.09,14040000,2026-01-06T03:44:35Z
AXP,2009-10-23,27.45,29.51,27.2,28.73,27172330,34.58,37.17,34.26,36.19,21570100,2026-01-06T03:44:35Z
AXP,2009-10-26,27.69,28.5,27.53,27.78,22577156,34.88,35.9,34.68,34.99,17922300,2026-01-06T03:44:35Z
AXP,2009-10-27,28.54,28.71,27.62,27.74,23004701,35.95,36.16,34.79,34.94,18261700,2026-01-06T03:44:35Z
AXP,2009-10-28,27.52,28.53,27.32,28.36,17258974,34.67,35.94,34.42,35.72,13700600,2026-01-06T03:44:35Z
AXP,2009-10-29,28.93,28.95,27.81,27.88,17084737,36.44,36.47,35.03,35.12,13562300,2026-01-06T03:44:35Z
AXP,2009-10-30,27.66,28.78,27.45,28.68,16840968,34.84,36.25,34.58,36.13,13368800,2026-01-06T03:44:35Z
AXP,2009-11-02,28.32,28.48,27.49,27.74,15836726,35.68,35.88,34.63,34.95,12571600,2026-01-06T03:44:35Z
AXP,2009-11-03,28.61,28.7,27.63,27.97,14165693,36.04,36.15,34.8,35.24,11245100,2026-01-06T03:44:35Z
AXP,2009-11-04,28.55,29.15,28.42,28.86,15163064,35.96,36.72,35.8,36.35,12036800,2026-01-06T03:44:35Z
AXP,2009-11-05,29.96,30.03,28.59,28.78,18732438,37.74,37.83,36.02,36.25,14870300,2026-01-06T03:44:35Z
AXP,2009-11-06,29.54,30.15,29.3,29.59,15192278,37.21,37.98,36.91,37.28,12060000,2026-01-06T03:44:35Z
AXP,2009-11-09,31,31.09,29.77,29.9,20986214,39.05,39.16,37.5,37.67,16659400,2026-01-06T03:44:35Z
AXP,2009-11-10,31.5,31.64,30.78,30.91,17158806,39.68,39.86,38.77,38.94,13621100,2026-01-06T03:44:35Z
AXP,2009-11-11,31.79,32.23,31.56,31.71,16870841,40.05,40.6,39.75,39.95,13392500,2026-01-06T03:44:35Z
AXP,2009-11-12,31.36,31.99,31.25,31.79,12451353,39.5,40.3,39.36,40.05,9884200,2026-01-06T03:44:35Z
AXP,2009-11-13,32.03,32.08,31.21,31.45,19505078,40.35,40.41,39.31,39.62,15483600,2026-01-06T03:44:35Z
AXP,2009-11-16,32.9,33.33,31.99,32.28,25548331,41.44,41.98,40.3,40.66,20280900,2026-01-06T03:44:35Z
AXP,2009-11-17,32.83,32.87,32.27,32.77,12742230,41.36,41.41,40.65,41.28,10115100,2026-01-06T03:44:35Z
AXP,2009-11-18,33,33.04,32.51,32.78,10796336,41.57,41.62,40.95,41.3,8570400,2026-01-06T03:44:35Z
AXP,2009-11-19,32.66,32.94,32.21,32.78,15510200,41.14,41.5,40.57,41.3,12312400,2026-01-06T03:44:35Z
AXP,2009-11-20,32.49,32.62,32.14,32.42,13434430,40.93,41.09,40.49,40.84,10664600,2026-01-06T03:44:35Z
AXP,2009-11-23,33.05,33.5,32.78,33.19,14806679,41.63,42.2,41.29,41.81,11753900,2026-01-06T03:44:35Z
AXP,2009-11-24,32.9,33.06,32.56,33,9107047,41.44,41.65,41.01,41.57,7229400,2026-01-06T03:44:35Z
AXP,2009-11-25,33.12,33.27,32.9,33.16,8921356,41.72,41.91,41.45,41.77,7082000,2026-01-06T03:44:35Z
AXP,2009-11-27,32.42,32.86,32.11,32.32,7565020,40.84,41.4,40.45,40.71,6005300,2026-01-06T03:44:35Z
AXP,2009-11-30,33.21,33.25,32.36,32.46,18108274,41.83,41.89,40.77,40.89,14374800,2026-01-06T03:44:35Z
AXP,2009-12-01,32.78,33.54,32.52,33.51,14682694,41.3,42.25,40.97,42.21,11655500,2026-01-06T03:44:35Z
AXP,2009-12-02,32.58,32.74,32.17,32.48,14498902,41.04,41.25,40.53,40.92,11509600,2026-01-06T03:44:35Z
AXP,2009-12-03,30.86,32.57,30.81,32.57,25122645,38.87,41.03,38.81,41.03,19943000,2026-01-06T03:44:35Z
AXP,2009-12-04,31.2,32.23,30.79,31.5,25424134,39.3,40.6,38.79,39.68,20182300,2026-01-06T03:44:35Z
AXP,2009-12-07,31.28,31.86,31.05,31.66,11782840,39.41,40.14,39.11,39.88,9353500,2026-01-06T03:44:35Z
AXP,2009-12-08,31.06,31.44,30.98,31.13,9979016,39.13,39.61,39.02,39.21,7921600,2026-01-06T03:44:35Z
AXP,2009-12-09,31.66,31.74,30.96,30.97,11151464,39.88,39.98,39,39.01,8852300,2026-01-06T03:44:35Z
AXP,2009-12-10,31.94,31.98,31.66,31.76,12181895,40.23,40.29,39.88,40.01,9670300,2026-01-06T03:44:35Z
