ticker,tradeDate,clsPx,hiPx,loPx,open,stockVolume,unadjClsPx,unadjHiPx,unadjLoPx,unadjOpen,unadjStockVolume,updatedAt
BA,2006-01-03,50.12,50.23,49.33,50.09,6947067,70.44,70.6,69.33,70.4,4943000,2020-09-26T01:06:59Z
BA,2006-01-04,50.64,50.71,49.71,49.86,4448203,71.17,71.27,69.86,70.08,3165000,2020-09-26T01:06:59Z
BA,2006-01-05,50.04,50.2,49.51,50.2,6462613,70.33,70.55,69.58,70.55,4598300,2020-09-26T01:06:59Z
BA,2006-01-06,49.34,50.16,49.13,50.05,6774339,69.35,70.5,69.05,70.34,4820100,2020-09-26T01:06:59Z
BA,2006-01-09,48.93,49.38,48.85,49.29,6419045,68.77,69.4,68.66,69.28,4567300,2020-09-26T01:06:59Z
BA,2006-01-10,49.17,49.27,48.79,48.95,5437629,69.1,69.24,68.57,68.8,3869000,2020-09-26T01:06:59Z
BA,2006-01-11,49.88,50.02,49.17,49.78,7043761,70.1,70.3,69.11,69.97,5011800,2020-09-26T01:06:59Z
BA,2006-01-12,49.59,50.13,49.48,49.98,3298556,69.69,70.45,69.54,70.25,2347000,2020-09-26T01:06:59Z
BA,2006-01-13,49.44,49.95,48.95,49.55,4165288,69.48,70.2,68.79,69.64,2963700,2020-09-26T01:06:59Z
BA,2006-01-17,48.87,49.38,48.85,49.15,3812805,68.69,69.4,68.66,69.07,2712900,2020-09-26T01:06:59Z
BA,2006-01-18,48.62,49.04,48.42,48.77,3737614,68.33,68.92,68.05,68.55,2659400,2020-09-26T01:06:59Z
BA,2006-01-19,48.5,48.73,48.18,48.5,3714003,68.17,68.49,67.72,68.16,2642600,2020-09-26T01:06:59Z
BA,2006-01-20,47.32,48.5,47.31,48.45,9046085,66.5,68.16,66.49,68.1,6436500,2020-09-26T01:06:59Z
BA,2006-01-23,47.69,47.91,46.89,46.89,5716468,67.02,67.34,65.9,65.9,4067400,2020-09-26T01:06:59Z
BA,2006-01-24,48.14,48.3,47.77,47.96,5034129,67.66,67.88,67.13,67.41,3581900,2020-09-26T01:06:59Z
BA,2006-01-25,47.61,48.32,47.61,48.18,5232014,66.91,67.91,66.91,67.71,3722700,2020-09-26T01:06:59Z
BA,2006-01-26,48.9,48.92,47.9,47.98,6701537,68.72,68.75,67.32,67.44,4768300,2020-09-26T01:06:59Z
BA,2006-01-27,48.78,49.27,48.38,48.66,5558075,68.56,69.25,67.99,68.39,3954700,2020-09-26T01:06:59Z
BA,2006-01-30,49.12,49.13,48.53,48.75,2878472,69.03,69.05,68.2,68.52,2048100,2020-09-26T01:06:59Z
BA,2006-01-31,48.6,49.13,48.6,49.09,5755117,68.31,69.05,68.31,69,4094900,2020-09-26T01:06:59Z
BA,2006-02-01,50.96,51.35,49.81,49.81,16592570,71.62,72.17,70,70,11806000,2020-09-26T01:06:59Z
BA,2006-02-02,51.02,51.44,50.73,50.77,9280230,71.7,72.3,71.3,71.35,6603100,2020-09-26T01:06:59Z
BA,2006-02-03,50.43,51.29,50.42,51.02,5322243,70.87,72.09,70.86,71.7,3786900,2020-09-26T01:06:59Z
BA,2006-02-06,50.62,50.97,50.02,50.27,4445392,71.14,71.64,70.3,70.65,3163000,2020-09-26T01:06:59Z
BA,2006-02-07,50.91,51.27,50.63,50.73,5968884,71.55,72.05,71.16,71.3,4247000,2020-09-26T01:06:59Z
BA,2006-02-08,51.27,51.4,50.73,50.91,4046077,71.76,71.93,71,71.25,2891000,2020-09-26T01:06:59Z
BA,2006-02-09,51.45,51.99,50.99,51.28,5806982,72.01,72.76,71.37,71.77,4149200,2020-09-26T01:06:59Z
BA,2006-02-10,51.82,51.95,51.47,51.52,3937053,72.53,72.7,72.03,72.1,2813100,2020-09-26T01:06:59Z
BA,2006-02-13,51.52,51.9,51.32,51.41,4610933,72.11,72.64,71.82,71.95,3294600,2020-09-26T01:06:59Z
BA,2006-02-14,51.95,52.06,51.4,51.7,5822516,72.71,72.86,71.93,72.35,4160300,2020-09-26T01:06:59Z
BA,2006-02-15,51.77,51.97,51.48,51.71,3915640,72.45,72.74,72.05,72.37,2797800,2020-09-26T01:06:59Z
BA,2006-02-16,51.84,52.11,51.59,51.91,3102505,72.55,72.93,72.2,72.65,2216800,2020-09-26T01:06:59Z
BA,2006-02-17,52.13,52.16,51.65,51.84,3737758,72.96,73,72.28,72.55,2670700,2020-09-26T01:06:59Z
BA,2006-02-21,52.2,52.45,51.91,52.27,4664675,73.05,73.4,72.65,73.15,3333000,2020-09-26T01:06:59Z
BA,2006-02-22,53.15,53.31,52.2,52.2,7009468,74.39,74.61,73.06,73.06,5008400,2020-09-26T01:06:59Z
BA,2006-02-23,52.8,53.02,52.72,52.84,3602842,73.9,74.2,73.78,73.95,2574300,2020-09-26T01:06:59Z
BA,2006-02-24,53.1,53.3,52.38,52.62,3718724,74.31,74.59,73.31,73.65,2657100,2020-09-26T01:06:59Z
BA,2006-02-27,52.97,53.51,52.87,52.91,2762836,74.13,74.89,74,74.05,1974100,2020-09-26T01:06:59Z
BA,2006-02-28,51.94,52.87,51.7,52.8,5462414,72.69,74,72.36,73.9,3903000,2020-09-26T01:06:59Z
BA,2006-03-01,52.12,52.22,51.62,51.85,2862624,72.95,73.08,72.25,72.56,2045400,2020-09-26T01:06:59Z
BA,2006-03-02,52.02,52.41,51.69,51.98,2492585,72.8,73.35,72.34,72.75,1781000,2020-09-26T01:06:59Z
BA,2006-03-03,52.44,53.16,51.81,52.02,3789821,73.39,74.4,72.51,72.81,2707900,2020-09-26T01:06:59Z
BA,2006-03-06,51.9,52.67,51.66,52.66,3284726,72.63,73.71,72.3,73.7,2347000,2020-09-26T01:06:59Z
BA,2006-03-07,52.27,52.32,51.71,51.92,2686421,73.16,73.23,72.37,72.66,1919500,2020-09-26T01:06:59Z
BA,2006-03-08,52.03,52.06,51.37,52.05,4441028,72.82,72.86,71.9,72.85,3173200,2020-09-26T01:06:59Z
BA,2006-03-09,52.7,53.05,51.8,51.98,4199467,73.76,74.25,72.5,72.75,3000600,2020-09-26T01:06:59Z
BA,2006-03-10,53.44,53.52,52.3,52.71,4239494,74.79,74.9,73.2,73.77,3029200,2020-09-26T01:06:59Z
BA,2006-03-13,53.47,54.23,53.23,53.74,5119946,74.84,75.9,74.5,75.21,3658300,2020-09-26T01:06:59Z
BA,2006-03-14,53.91,54.04,53.39,53.48,3663862,75.45,75.63,74.72,74.84,2617900,2020-09-26T01:06:59Z
BA,2006-03-15,54.34,54.52,53.78,53.88,3671280,76.05,76.3,75.27,75.4,2623200,2020-09-26T01:06:59Z
BA,2006-03-16,54.83,55.05,54.38,54.48,3685695,76.73,77.05,76.1,76.25,2633500,2020-09-26T01:06:59Z
BA,2006-03-17,55.63,55.79,55.05,55.16,6347625,77.85,78.08,77.05,77.2,4535500,2020-09-26T01:06:59Z
BA,2006-03-20,55.86,56.35,55.61,56.09,4707221,78.18,78.86,77.83,78.5,3363400,2020-09-26T01:06:59Z
BA,2006-03-21,55.92,56.59,55.91,56.3,5764435,78.26,79.2,78.25,78.8,4118800,2020-09-26T01:06:59Z
BA,2006-03-22,56.17,56.3,55.73,55.73,3534264,78.61,78.8,78,78,2525300,2020-09-26T01:06:59Z
BA,2006-03-23,55.66,56.17,55.38,56.17,3199214,77.9,78.62,77.51,78.61,2285900,2020-09-26T01:06:59Z
BA,2006-03-24,56.25,56.53,55.77,55.77,4125151,78.73,79.11,78.05,78.05,2947500,2020-09-26T01:06:59Z
BA,2006-03-27,56.01,56.27,55.6,56.25,4394563,78.39,78.75,77.82,78.73,3140000,2020-09-26T01:06:59Z
BA,2006-03-28,55.38,56.45,55.28,56.1,4061752,77.51,79,77.37,78.51,2902200,2020-09-26T01:06:59Z
BA,2006-03-29,56.58,56.79,55.63,55.7,5660309,79.18,79.48,77.86,77.95,4044400,2020-09-26T01:06:59Z
BA,2006-03-30,56.03,56.8,55.77,56.41,4204365,78.42,79.5,78.06,78.95,3004100,2020-09-26T01:06:59Z
BA,2006-03-31,55.68,56.39,55.6,56.16,3211670,77.93,78.92,77.81,78.6,2294800,2020-09-26T01:06:59Z
BA,2006-04-03,55.74,56.54,55.74,55.91,4623388,78.01,79.13,78.01,78.25,3303500,2020-09-26T01:06:59Z
BA,2006-04-04,56.16,56.34,55.38,56.15,3640210,78.6,78.85,77.5,78.58,2601000,2020-09-26T01:06:59Z
BA,2006-04-05,56.53,56.58,55.6,56.34,4316749,79.11,79.19,77.82,78.85,3084400,2020-09-26T01:06:59Z
BA,2006-04-06,57.03,57.25,56.6,56.6,4073648,79.82,80.13,79.22,79.22,2910700,2020-09-26T01:06:59Z
BA,2006-04-07,56.85,57.43,56.25,57.15,3792760,79.57,80.37,78.72,79.99,2710000,2020-09-26T01:06:59Z
BA,2006-04-10,57.73,57.82,56.88,56.89,3909762,80.79,80.92,79.61,79.62,2793600,2020-09-26T01:06:59Z
BA,2006-04-11,57.57,57.67,56.95,57.61,3846082,80.57,80.71,79.71,80.63,2748100,2020-09-26T01:06:59Z
BA,2006-04-12,59.46,60.18,57.95,57.96,9124877,83.21,84.23,81.11,81.12,6519900,2020-09-26T01:06:59Z
BA,2006-04-13,59.26,59.8,59.17,59.8,4521502,82.93,83.7,82.81,83.7,3230700,2020-09-26T01:06:59Z
BA,2006-04-17,58.84,60.01,58.55,59.45,4643682,82.35,83.99,81.95,83.2,3318000,2020-09-26T01:06:59Z
BA,2006-04-18,59.52,59.57,58.51,58.89,6073734,83.3,83.37,81.88,82.42,4339800,2020-09-26T01:06:59Z
BA,2006-04-19,60.71,60.73,59.8,59.84,4702323,84.96,84.99,83.7,83.75,3359900,2020-09-26T01:06:59Z
BA,2006-04-20,61.09,61.63,60.53,60.53,6222226,85.5,86.26,84.71,84.71,4445900,2020-09-26T01:06:59Z
BA,2006-04-21,61.78,61.86,61.35,61.59,5882137,86.46,86.58,85.86,86.2,4202900,2020-09-26T01:06:59Z
BA,2006-04-24,61.52,62.34,61.52,61.92,5071802,86.1,87.25,86.1,86.66,3623900,2020-09-26T01:06:59Z
BA,2006-04-25,60.81,61.79,60.66,61.7,6507033,85.11,86.48,84.9,86.35,4649400,2020-09-26T01:06:59Z
BA,2006-04-26,60.67,61.52,59.45,60.13,8664288,84.91,86.1,83.2,84.16,6190800,2020-09-26T01:06:59Z
BA,2006-04-27,60.09,60.52,59.38,60.41,5467313,84.1,84.7,83.1,84.54,3906500,2020-09-26T01:06:59Z
BA,2006-04-28,59.63,60.49,59.31,60.22,5407552,83.45,84.66,83.01,84.28,3863800,2020-09-26T01:06:59Z
BA,2006-05-01,59.92,60.1,59.18,59.63,5492224,83.86,84.12,82.82,83.45,3924300,2020-09-26T01:06:59Z
BA,2006-05-02,60.97,61.32,59.92,60.2,4215842,85.33,85.82,83.86,84.26,3012300,2020-09-26T01:06:59Z
BA,2006-05-03,61.36,61.47,60.89,61.02,4255589,85.87,86.03,85.22,85.4,3040700,2020-09-26T01:06:59Z
BA,2006-05-04,61.91,62.27,61.31,61.37,4646061,86.64,87.15,85.81,85.89,3319700,2020-09-26T01:06:59Z
BA,2006-05-05,63.21,63.27,62.38,62.5,4687208,88.47,88.55,87.3,87.47,3349100,2020-09-26T01:06:59Z
BA,2006-05-08,62.58,63.81,62.42,63.22,4667194,87.59,89.3,87.36,88.48,3334800,2020-09-26T01:06:59Z
BA,2006-05-09,62.87,62.88,62.23,62.6,3123639,87.99,88,87.1,87.61,2231900,2020-09-26T01:06:59Z
BA,2006-05-10,63.77,64.23,62.84,63.09,5278370,88.94,89.58,87.65,88,3784400,2020-09-26T01:06:59Z
BA,2006-05-11,63.24,64.2,63.02,64.13,3699908,88.21,89.55,87.9,89.45,2652700,2020-09-26T01:06:59Z
BA,2006-05-12,62.38,63.82,62.33,63.24,4089886,87.01,89.01,86.94,88.21,2932300,2020-09-26T01:06:59Z
BA,2006-05-15,61.56,62,60.63,61.49,5817867,85.86,86.47,84.57,85.76,4171200,2020-09-26T01:06:59Z
BA,2006-05-16,61.95,62.36,61.19,61.58,4263814,86.4,86.98,85.35,85.89,3057000,2020-09-26T01:06:59Z
BA,2006-05-17,60.06,61.95,59.71,61.95,7346257,83.77,86.4,83.28,86.4,5267000,2020-09-26T01:06:59Z
BA,2006-05-18,59.31,60.83,59.22,60.4,5044746,82.73,84.84,82.6,84.25,3616900,2020-09-26T01:06:59Z
BA,2006-05-19,60.66,61.16,58.83,59.51,7682257,84.61,85.3,82.06,83,5507900,2020-09-26T01:06:59Z
BA,2006-05-22,61.45,61.68,60.24,60.55,6325564,85.71,86.03,84.02,84.46,4535200,2020-09-26T01:06:59Z
BA,2006-05-23,61.05,62.16,61.05,61.69,5640592,85.15,86.7,85.15,86.04,4044100,2020-09-26T01:06:59Z
BA,2006-05-24,59.06,61.05,58.53,60.92,9389039,82.38,85.15,81.63,84.97,6731600,2020-09-26T01:06:59Z
BA,2006-05-25,59.5,60.08,59,59.37,4596746,82.99,83.8,82.29,82.8,3295700,2020-09-26T01:06:59Z
BA,2006-05-26,59.87,60.09,59.54,59.94,3284127,83.5,83.81,83.05,83.6,2354600,2020-09-26T01:06:59Z
BA,2006-05-30,58.88,59.87,58.48,59.87,5489538,82.13,83.5,81.57,83.5,3935800,2020-09-26T01:06:59Z
BA,2006-05-31,59.69,59.82,58.23,58.23,5514365,83.25,83.44,81.21,81.21,3953600,2020-09-26T01:06:59Z
BA,2006-06-01,59.97,60.02,59.19,59.94,3310627,83.64,83.72,82.55,83.6,2373600,2020-09-26T01:06:59Z
BA,2006-06-02,60.08,60.64,59.63,60.23,4506504,83.8,84.58,83.17,84,3231000,2020-09-26T01:06:59Z
BA,2006-06-05,58.88,60.2,58.83,60.07,4774021,82.13,83.97,82.06,83.79,3422800,2020-09-26T01:06:59Z
BA,2006-06-06,57.82,59.03,56.98,58.79,8822204,80.65,82.34,79.47,82,6325200,2020-09-26T01:06:59Z
BA,2006-06-07,58.4,58.73,57.56,57.95,6993938,81.46,81.92,80.29,80.83,5014400,2020-09-26T01:06:59Z
BA,2006-06-08,58.21,58.68,56.65,58.4,10547117,81.19,81.84,79.01,81.46,7561900,2020-09-26T01:06:59Z
BA,2006-06-09,57.72,58.78,57.36,58.76,5478380,80.5,81.99,80,81.95,3927800,2020-09-26T01:06:59Z
BA,2006-06-12,55.84,57.9,55.54,57.79,7314735,77.88,80.75,77.47,80.6,5244400,2020-09-26T01:06:59Z
BA,2006-06-13,55.19,55.84,54.78,55.76,7231328,76.98,77.88,76.4,77.77,5184600,2020-09-26T01:06:59Z
BA,2006-06-14,58.8,58.8,56.78,56.93,13748813,82.01,82.01,79.2,79.4,9857400,2020-09-26T01:06:59Z
BA,2006-06-15,60.81,61.03,58.8,58.8,11239342,84.81,85.13,82.01,82.01,8058200,2020-09-26T01:06:59Z
BA,2006-06-16,61.33,61.55,60.76,61.01,8396380,85.54,85.85,84.75,85.1,6019900,2020-09-26T01:06:59Z
BA,2006-06-19,60.77,61.82,60.45,61.41,6056234,84.76,86.23,84.31,85.65,4342100,2020-09-26T01:06:59Z
BA,2006-06-20,60.83,61.29,60.26,61.12,4331879,84.85,85.48,84.05,85.25,3105800,2020-09-26T01:06:59Z
BA,2006-06-21,61.55,61.72,60.87,60.87,5006669,85.85,86.08,84.9,84.9,3589600,2020-09-26T01:06:59Z
BA,2006-06-22,60.27,61.43,60.14,61.34,5067341,84.06,85.68,83.88,85.55,3633100,2020-09-26T01:06:59Z
BA,2006-06-23,59.79,60.57,59.62,60.27,4276367,83.39,84.48,83.16,84.06,3066000,2020-09-26T01:06:59Z
BA,2006-06-26,60.15,60.43,59.37,59.85,2691907,83.89,84.28,82.8,83.48,1930000,2020-09-26T01:06:59Z
BA,2006-06-27,58.74,60.37,58.62,60.12,4483072,81.93,84.2,81.76,83.85,3214200,2020-09-26T01:06:59Z
BA,2006-06-28,59.25,59.29,57.95,58.75,4423655,82.64,82.69,80.83,81.94,3171600,2020-09-26T01:06:59Z
BA,2006-06-29,59.51,59.87,58.27,59.25,7304554,83,83.5,81.28,82.64,5237100,2020-09-26T01:06:59Z
BA,2006-06-30,58.73,59.51,58.48,59.5,6245644,81.91,83,81.57,82.99,4477900,2020-09-26T01:06:59Z
BA,2006-07-03,58.29,58.55,58.03,58.33,2272360,81.3,81.67,80.94,81.35,1629200,2020-09-26T01:06:59Z
BA,2006-07-05,57.48,58.28,56.83,58.27,7898586,80.17,81.29,79.26,81.28,5663000,2020-09-26T01:06:59Z
BA,2006-07-06,57.94,58.06,57.36,57.55,4457548,80.81,80.98,80,80.27,3195900,2020-09-26T01:06:59Z
BA,2006-07-07,57.35,58.28,57.02,57.64,3607714,79.99,81.29,79.53,80.4,2586600,2020-09-26T01:06:59Z
BA,2006-07-10,57.61,58.25,57.38,57.38,3718040,80.35,81.25,80.03,80.03,2665700,2020-09-26T01:06:59Z
BA,2006-07-11,58.53,58.66,56.54,57.43,5330953,81.63,81.81,78.86,80.1,3822100,2020-09-26T01:06:59Z
BA,2006-07-12,58.02,58.76,57.62,58.4,3708974,80.92,81.95,80.37,81.45,2659200,2020-09-26T01:06:59Z
BA,2006-07-13,57.06,58.1,56.98,57.86,5035401,79.59,81.04,79.47,80.7,3610200,2020-09-26T01:06:59Z
BA,2006-07-14,55.39,57.07,55.13,57.06,7582671,77.25,79.6,76.89,79.59,5436500,2020-09-26T01:06:59Z
BA,2006-07-17,56.6,57.19,55.78,56,6298226,78.95,79.77,77.8,78.11,4515600,2020-09-26T01:06:59Z
BA,2006-07-18,56.76,57.54,55.9,57,6007835,79.17,80.26,77.97,79.5,4307400,2020-09-26T01:06:59Z
BA,2006-07-19,59,59.2,56.18,56.87,7067443,82.29,82.57,78.36,79.32,5067100,2020-09-26T01:06:59Z
BA,2006-07-20,57.85,59.51,57.8,59.44,6425290,80.69,83,80.62,82.9,4606700,2020-09-26T01:06:59Z
BA,2006-07-21,56.7,57.85,56.33,57.85,5623994,79.08,80.69,78.56,80.69,4032200,2020-09-26T01:06:59Z
BA,2006-07-24,58.39,58.51,56.95,56.96,5611999,81.44,81.61,79.43,79.45,4023600,2020-09-26T01:06:59Z
BA,2006-07-25,60.05,60.27,57.86,57.9,6356667,83.75,84.06,80.7,80.75,4557500,2020-09-26T01:06:59Z
BA,2006-07-26,57.29,59.05,57.07,58.92,9254304,79.9,82.36,79.6,82.18,6635000,2020-09-26T01:06:59Z
BA,2006-07-27,56.43,57.56,56.03,57.36,7255737,78.71,80.29,78.15,80,5202100,2020-09-26T01:06:59Z
BA,2006-07-28,56.58,57.43,56.42,56.93,6021364,78.91,80.1,78.7,79.4,4317100,2020-09-26T01:06:59Z
BA,2006-07-31,55.51,56.3,55.42,56.25,7706527,77.42,78.52,77.3,78.46,5525300,2020-09-26T01:06:59Z
BA,2006-08-01,56.05,56.12,54.86,55.51,6286371,78.17,78.28,76.52,77.42,4507100,2020-09-26T01:06:59Z
BA,2006-08-02,56.37,57.11,56.21,56.42,5278649,78.62,79.65,78.4,78.7,3784600,2020-09-26T01:06:59Z
BA,2006-08-03,56.93,57.28,55.51,55.84,5134430,79.4,79.89,77.42,77.88,3681200,2020-09-26T01:06:59Z
BA,2006-08-04,56.99,57.86,56.75,57.47,5018943,79.49,80.7,79.15,80.16,3598400,2020-09-26T01:06:59Z
BA,2006-08-07,57.18,57.32,56.37,56.71,4509991,79.75,79.95,78.62,79.1,3233500,2020-09-26T01:06:59Z
BA,2006-08-08,56.03,57.95,55.81,57.03,7917416,78.15,80.83,77.84,79.55,5676500,2020-09-26T01:06:59Z
BA,2006-08-09,55.53,56.87,55.21,56.32,5801509,77.16,79.02,76.71,78.25,4175500,2020-09-26T01:06:59Z
BA,2006-08-10,54.84,55.27,54.03,55.27,7793515,76.2,76.8,75.07,76.8,5609200,2020-09-26T01:06:59Z
BA,2006-08-11,54.67,55.25,54.45,54.86,4548950,75.96,76.76,75.66,76.22,3274000,2020-09-26T01:06:59Z
BA,2006-08-14,54.26,55.56,54.09,55.17,5241435,75.39,77.19,75.15,76.65,3772400,2020-09-26T01:06:59Z
BA,2006-08-15,55.12,55.2,54.48,54.7,4885605,76.58,76.7,75.69,76,3516300,2020-09-26T01:06:59Z
BA,2006-08-16,56.74,56.82,55.32,55.56,5809984,78.83,78.95,76.86,77.2,4181600,2020-09-26T01:06:59Z
BA,2006-08-17,56.56,57.17,56.05,56.74,4019860,78.59,79.43,77.88,78.83,2893200,2020-09-26T01:06:59Z
BA,2006-08-18,55.87,56.63,55.53,56.63,4760697,77.62,78.68,77.16,78.68,3426400,2020-09-26T01:06:59Z
BA,2006-08-21,55.15,55.87,55.07,55.87,3525922,76.63,77.62,76.51,77.62,2537700,2020-09-26T01:06:59Z
BA,2006-08-22,55.38,56.03,54.88,55.42,3658056,76.95,77.85,76.25,77,2632800,2020-09-26T01:06:59Z
BA,2006-08-23,54.96,55.81,54.75,55.42,3467011,76.36,77.55,76.07,77,2495300,2020-09-26T01:06:59Z
BA,2006-08-24,54.15,55.45,53.98,55.31,4596190,75.24,77.04,75,76.85,3308000,2020-09-26T01:06:59Z
BA,2006-08-25,53.21,54.41,52.94,54.15,6397290,73.93,75.6,73.55,75.24,4604300,2020-09-26T01:06:59Z
BA,2006-08-28,53.78,53.99,52.58,53.29,6593198,74.72,75.02,73.05,74.04,4745300,2020-09-26T01:06:59Z
BA,2006-08-29,53.1,54.69,52.47,54.67,9984347,73.78,75.99,72.9,75.96,7186000,2020-09-26T01:06:59Z
BA,2006-08-30,53.99,54.2,53,53.26,5350782,75.02,75.3,73.64,74,3851100,2020-09-26T01:06:59Z
BA,2006-08-31,53.91,54.4,53.8,53.8,4247724,74.9,75.58,74.75,74.75,3057200,2020-09-26T01:06:59Z
BA,2006-09-01,54.29,54.63,53.59,53.98,4551173,75.43,75.91,74.46,75,3275600,2020-09-26T01:06:59Z
BA,2006-09-05,54.24,54.91,54.02,54.52,3717245,75.36,76.3,75.05,75.75,2675400,2020-09-26T01:06:59Z
BA,2006-09-06,53.58,54.38,53.4,54.24,4227577,74.44,75.55,74.2,75.36,3042700,2020-09-26T01:06:59Z
BA,2006-09-07,52.45,53.58,52.37,53.58,5936977,72.87,74.44,72.76,74.44,4273000,2020-09-26T01:06:59Z
BA,2006-09-08,52.4,52.99,51.94,52.76,6886365,72.8,73.62,72.17,73.3,4956300,2020-09-26T01:06:59Z
BA,2006-09-11,53.13,53.35,51.91,51.91,4914366,73.82,74.13,72.13,72.13,3537000,2020-09-26T01:06:59Z
BA,2006-09-12,53.45,53.53,52.98,53.11,4605638,74.26,74.38,73.61,73.79,3314800,2020-09-26T01:06:59Z
BA,2006-09-13,54.93,55.05,53.52,53.52,6789245,76.32,76.49,74.36,74.36,4886400,2020-09-26T01:06:59Z
BA,2006-09-14,53.99,54.44,53.73,54.03,7267760,75.01,75.64,74.65,75.07,5230800,2020-09-26T01:06:59Z
BA,2006-09-15,53.99,54.7,53.78,54.38,5798313,75.01,76,74.73,75.56,4173200,2020-09-26T01:06:59Z
BA,2006-09-18,54.13,54.44,53.84,54.05,3344742,75.21,75.64,74.8,75.1,2407300,2020-09-26T01:06:59Z
BA,2006-09-19,53.89,54.34,53.37,54.23,3267768,74.87,75.5,74.15,75.35,2351900,2020-09-26T01:06:59Z
BA,2006-09-20,54.84,54.99,54.35,54.35,5562946,76.19,76.4,75.51,75.51,4003800,2020-09-26T01:06:59Z
BA,2006-09-21,54.78,55.61,54.52,55.45,6164007,76.11,77.27,75.75,77.05,4436400,2020-09-26T01:06:59Z
BA,2006-09-22,55.6,55.97,54.51,54.84,6505526,77.25,77.77,75.74,76.2,4682200,2020-09-26T01:06:59Z
BA,2006-09-25,55.93,56.53,55.69,55.92,6422161,77.71,78.55,77.37,77.7,4622200,2020-09-26T01:06:59Z
BA,2006-09-26,56.86,57.07,55.69,56.25,5901547,79,79.29,77.37,78.15,4247500,2020-09-26T01:06:59Z
BA,2006-09-27,57.15,57.55,56.98,56.98,5958929,79.41,79.96,79.17,79.17,4288800,2020-09-26T01:06:59Z
BA,2006-09-28,57.06,57.83,57.04,57.27,6183181,79.28,80.35,79.25,79.57,4450200,2020-09-26T01:06:59Z
BA,2006-09-29,56.75,57.4,56.71,57.22,5616021,78.85,79.75,78.79,79.5,4042000,2020-09-26T01:06:59Z
BA,2006-10-02,57.56,57.78,56.74,57.11,7957605,79.97,80.28,78.84,79.35,5727300,2020-09-26T01:06:59Z
BA,2006-10-03,58.86,59.08,57.56,57.56,8200753,81.78,82.09,79.98,79.98,5902300,2020-09-26T01:06:59Z
BA,2006-10-04,60.43,60.44,59.02,59.38,10051178,83.96,83.98,82.01,82.5,7234100,2020-09-26T01:06:59Z
BA,2006-10-05,60.18,60.54,59.78,60.44,5124585,83.62,84.12,83.06,83.97,3688300,2020-09-26T01:06:59Z
BA,2006-10-06,60.23,60.74,59.84,60.18,5071231,83.68,84.39,83.14,83.62,3649900,2020-09-26T01:06:59Z
BA,2006-10-09,59.49,60.36,59.36,60.23,6186238,82.65,83.87,82.47,83.69,4452400,2020-09-26T01:06:59Z
BA,2006-10-10,59.11,59.5,58.87,59.38,5565308,82.13,82.67,81.8,82.5,4005500,2020-09-26T01:06:59Z
BA,2006-10-11,58.76,59.02,58.22,58.98,4526580,81.64,82,80.89,81.95,3257900,2020-09-26T01:06:59Z
BA,2006-10-12,60.2,60.36,59.09,59.16,5738012,83.64,83.86,82.1,82.2,4129800,2020-09-26T01:06:59Z
BA,2006-10-13,59.3,59.99,58.89,59.92,5564891,82.39,83.35,81.82,83.25,4005200,2020-09-26T01:06:59Z
BA,2006-10-16,59.49,59.63,58.76,59.3,3437277,82.66,82.85,81.64,82.39,2473900,2020-09-26T01:06:59Z
BA,2006-10-17,59.23,59.34,58.66,59.34,4054595,82.29,82.45,81.5,82.45,2918200,2020-09-26T01:06:59Z
BA,2006-10-18,59.55,60.07,58.98,59.39,5274503,82.74,83.46,81.95,82.52,3796200,2020-09-26T01:06:59Z
BA,2006-10-19,59.31,59.71,58.85,59.55,3369613,82.41,82.96,81.77,82.74,2425200,2020-09-26T01:06:59Z
BA,2006-10-20,58.83,59.66,58.8,59.66,4192147,81.74,82.9,81.7,82.9,3017200,2020-09-26T01:06:59Z
BA,2006-10-23,59.59,59.62,58.66,58.82,3915653,82.8,82.84,81.5,81.73,2818200,2020-09-26T01:06:59Z
BA,2006-10-24,60.16,60.38,59.54,59.81,5301180,83.59,83.89,82.72,83.1,3815400,2020-09-26T01:06:59Z
BA,2006-10-25,58.2,59.45,58.01,59.45,9828733,80.86,82.6,80.6,82.6,7074000,2020-09-26T01:06:59Z
BA,2006-10-26,56.96,58.12,55.97,58.12,14757688,79.14,80.75,77.77,80.75,10621500,2020-09-26T01:06:59Z
BA,2006-10-27,57.39,57.87,56.51,56.98,9559742,79.74,80.4,78.52,79.17,6880400,2020-09-26T01:06:59Z
BA,2006-10-30,57.74,58.33,57.59,57.76,5196140,80.22,81.04,80.01,80.25,3739800,2020-09-26T01:06:59Z
BA,2006-10-31,57.48,58.01,57.08,58.01,5479581,79.86,80.6,79.31,80.6,3943800,2020-09-26T01:06:59Z
BA,2006-11-01,57.62,58.12,57.38,57.59,4418483,80.06,80.75,79.72,80.01,3180100,2020-09-26T01:06:59Z
BA,2006-11-02,57,57.87,56.94,57.62,5619634,79.2,80.4,79.11,80.06,4044600,2020-09-26T01:06:59Z
BA,2006-11-03,57.56,57.83,57.14,57.2,3760733,79.97,80.35,79.39,79.47,2706700,2020-09-26T01:06:59Z
BA,2006-11-06,57.92,58.2,57.56,57.56,4283015,80.48,80.87,79.98,79.98,3082600,2020-09-26T01:06:59Z
BA,2006-11-07,61.07,61.16,58.01,58.1,16462780,84.85,84.98,80.6,80.73,11848700,2020-09-26T01:06:59Z
BA,2006-11-08,61.72,62.02,60.33,60.85,11764408,85.45,85.87,83.53,84.25,8497200,2020-09-26T01:06:59Z
BA,2006-11-09,61.47,62.48,61.43,61.94,8520100,85.11,86.5,85.05,85.75,6153900,2020-09-26T01:06:59Z
BA,2006-11-10,61.84,62.82,61.71,62.41,7609927,85.62,86.98,85.44,86.4,5496500,2020-09-26T01:06:59Z
BA,2006-11-13,61.89,62.36,61.6,61.9,4652072,85.69,86.34,85.29,85.7,3360100,2020-09-26T01:06:59Z
BA,2006-11-14,61.93,62.18,61.22,61.89,4794676,85.74,86.09,84.76,85.69,3463100,2020-09-26T01:06:59Z
BA,2006-11-15,62.9,63.26,62.37,62.41,8100595,87.08,87.58,86.35,86.4,5850900,2020-09-26T01:06:59Z
BA,2006-11-16,64.07,64.59,63.2,63.5,9645702,88.71,89.43,87.5,87.92,6966900,2020-09-26T01:06:59Z
BA,2006-11-17,64.66,64.74,63.97,64.32,7959099,89.52,89.63,88.57,89.05,5748700,2020-09-26T01:06:59Z
BA,2006-11-20,64.37,64.44,64.01,64.32,7713764,89.12,89.22,88.62,89.05,5571500,2020-09-26T01:06:59Z
BA,2006-11-21,65.8,66.49,64.69,64.9,11791268,91.1,92.05,89.57,89.85,8516600,2020-09-26T01:06:59Z
BA,2006-11-22,65.08,66.15,64.85,65.8,6204378,90.1,91.59,89.78,91.1,4481300,2020-09-26T01:06:59Z
BA,2006-11-24,64.84,65.06,64.39,64.46,1680372,89.77,90.08,89.15,89.25,1213700,2020-09-26T01:06:59Z
BA,2006-11-27,63.11,65.03,62.8,65,8698009,87.37,90.03,86.95,90,6282400,2020-09-26T01:06:59Z
BA,2006-11-28,63.52,64.09,62.87,63.67,6854264,87.94,88.74,87.05,88.15,4950700,2020-09-26T01:06:59Z
BA,2006-11-29,64.2,64.61,63.51,63.73,6131276,88.89,89.45,87.93,88.24,4428500,2020-09-26T01:06:59Z
BA,2006-11-30,63.94,64.6,62.91,64.36,5806610,88.53,89.44,87.1,89.1,4194000,2020-09-26T01:06:59Z
BA,2006-12-01,64.68,65.04,64.03,64.72,7136288,89.55,90.05,88.65,89.6,5154400,2020-09-26T01:06:59Z
BA,2006-12-04,64.7,65.44,64.59,64.68,4837872,89.58,90.6,89.42,89.55,3494300,2020-09-26T01:06:59Z
BA,2006-12-05,65.53,65.8,64.41,64.71,6071189,90.73,91.1,89.17,89.59,4385100,2020-09-26T01:06:59Z
BA,2006-12-06,65.6,66.34,65.55,66.16,5837346,90.83,91.85,90.76,91.6,4216200,2020-09-26T01:06:59Z
BA,2006-12-07,65.01,66.2,64.83,65.94,5239794,90.01,91.65,89.75,91.3,3784600,2020-09-26T01:06:59Z
BA,2006-12-08,65.1,65.53,64.67,65.06,3871488,90.13,90.72,89.53,90.07,2796300,2020-09-26T01:06:59Z
BA,2006-12-11,64.85,65.15,64.66,64.84,3287643,89.78,90.2,89.52,89.77,2374600,2020-09-26T01:06:59Z
BA,2006-12-12,65.23,65.55,64.83,65.03,5038626,90.31,90.75,89.75,90.03,3639300,2020-09-26T01:06:59Z
BA,2006-12-13,64.72,65.72,64.56,65.6,5115881,89.6,90.99,89.39,90.82,3695100,2020-09-26T01:06:59Z
BA,2006-12-14,64.95,65.1,64.34,64.5,4861824,89.93,90.13,89.08,89.3,3511600,2020-09-26T01:06:59Z
BA,2006-12-15,65.51,65.66,65.13,65.13,7345071,90.7,90.9,90.17,90.17,5305200,2020-09-26T01:06:59Z
BA,2006-12-18,64.69,65.66,64.58,65.55,3637646,89.56,90.9,89.41,90.75,2627400,2020-09-26T01:06:59Z
BA,2006-12-19,65.13,65.32,64.26,64.28,3639723,90.17,90.44,88.97,89,2628900,2020-09-26T01:06:59Z
BA,2006-12-20,65.08,65.44,64.41,65.14,4563325,90.1,90.6,89.18,90.18,3296000,2020-09-26T01:06:59Z
BA,2006-12-21,64.96,65.29,64.61,64.86,3986818,89.94,90.4,89.46,89.8,2879600,2020-09-26T01:06:59Z
BA,2006-12-22,64.11,64.77,63.81,64.75,3477459,88.76,89.67,88.35,89.65,2511700,2020-09-26T01:06:59Z
BA,2006-12-26,64.13,64.28,63.81,64.25,2168410,88.79,89,88.35,88.95,1566200,2020-09-26T01:06:59Z
BA,2006-12-27,64.2,64.61,64.09,64.39,2779392,88.88,89.45,88.74,89.15,2007500,2020-09-26T01:06:59Z
BA,2006-12-28,64.28,64.43,63.86,64.17,1764689,89,89.2,88.41,88.85,1274600,2020-09-26T01:06:59Z
BA,2006-12-29,64.17,64.61,64.1,64.46,2464832,88.84,89.46,88.75,89.25,1780300,2020-09-26T01:06:59Z
BA,2007-01-03,64.41,65.22,63.89,64.21,6745165,89.17,90.3,88.45,88.9,4871900,2020-09-26T01:06:59Z
BA,2007-01-04,64.67,64.88,62.85,63.81,3765989,89.53,89.83,87.01,88.34,2720100,2020-09-26T01:06:59Z
BA,2007-01-05,64.39,65,63.92,64.85,4549342,89.15,90,88.5,89.78,3285900,2020-09-26T01:06:59Z
BA,2007-01-08,64.24,64.58,63.24,64,4138282,88.94,89.41,87.56,88.61,2989000,2020-09-26T01:06:59Z
BA,2007-01-09,63.56,64.8,63.24,64.23,5820178,88,89.71,87.56,88.93,4203800,2020-09-26T01:06:59Z
BA,2007-01-10,64.48,64.53,63.56,63.59,5476129,89.27,89.34,88,88.04,3955300,2020-09-26T01:06:59Z
BA,2007-01-11,64.17,64.48,63.79,64.26,5605303,88.84,89.27,88.32,88.97,4048600,2020-09-26T01:06:59Z
BA,2007-01-12,63.65,64.17,63.2,63.95,5386690,88.13,88.85,87.5,88.54,3890700,2020-09-26T01:06:59Z
BA,2007-01-16,63.56,63.93,63.05,63.74,7667107,88,88.51,87.3,88.25,5537800,2020-09-26T01:06:59Z
BA,2007-01-17,64.16,64.67,63,63.58,6232207,88.83,89.54,87.22,88.02,4501400,2020-09-26T01:06:59Z
BA,2007-01-18,63.56,64.56,63.39,64.38,4636842,88,89.38,87.76,89.13,3349100,2020-09-26T01:06:59Z
BA,2007-01-19,64.02,64.36,63.42,63.89,6048760,88.63,89.1,87.8,88.45,4368900,2020-09-26T01:06:59Z
BA,2007-01-22,61.83,63.46,61.26,63.21,11667078,85.6,87.86,84.82,87.51,8426900,2020-09-26T01:06:59Z
BA,2007-01-23,63.1,63.69,61.39,61.4,9081932,87.36,88.18,85,85.01,6559700,2020-09-26T01:06:59Z
BA,2007-01-24,63.27,63.39,62.49,63.09,4664256,87.6,87.76,86.52,87.35,3368900,2020-09-26T01:06:59Z
BA,2007-01-25,62.23,63.17,62.12,63.05,3946252,86.16,87.46,86,87.3,2850300,2020-09-26T01:06:59Z
BA,2007-01-26,61.7,62.3,61.1,62.12,7129365,85.43,86.25,84.6,86,5149400,2020-09-26T01:06:59Z
BA,2007-01-29,61.75,62.12,61.39,61.43,4314807,85.5,86,85,85.05,3116500,2020-09-26T01:06:59Z
BA,2007-01-30,62.12,62.55,61.79,61.94,4362572,86,86.6,85.55,85.75,3151000,2020-09-26T01:06:59Z
BA,2007-01-31,64.69,65.25,64.28,64.5,16022589,89.56,90.34,89,89.3,11572800,2020-09-26T01:06:59Z
BA,2007-02-01,65.76,66.62,64.81,64.97,9168602,91.05,92.24,89.73,89.95,6622300,2020-09-26T01:06:59Z
BA,2007-02-02,65.04,66.07,64.97,65.76,7058894,90.05,91.48,89.95,91.05,5098500,2020-09-26T01:06:59Z
BA,2007-02-05,65.53,66.03,65.23,65.33,4192970,90.72,91.42,90.31,90.45,3028500,2020-09-26T01:06:59Z
BA,2007-02-06,65.71,65.73,64.93,65.73,4875808,90.98,91,89.9,91,3521700,2020-09-26T01:06:59Z
BA,2007-02-07,65.51,66.13,65.04,65.68,3881144,90.35,91.2,89.7,90.59,2814100,2020-09-26T01:06:59Z
BA,2007-02-08,64.91,65.52,64.2,65.52,7110490,89.52,90.36,88.55,90.36,5155600,2020-09-26T01:06:59Z
BA,2007-02-09,65.26,65.47,64.55,64.78,5906743,90,90.3,89.03,89.35,4282800,2020-09-26T01:06:59Z
BA,2007-02-12,64.68,65.18,64.37,64.93,4757060,89.2,89.89,88.78,89.55,3449200,2020-09-26T01:06:59Z
BA,2007-02-13,64.74,64.8,64.02,64.68,4200838,89.29,89.37,88.3,89.2,3045900,2020-09-26T01:06:59Z
BA,2007-02-14,65.21,65.38,64.73,64.73,5331902,89.94,90.17,89.27,89.27,3866000,2020-09-26T01:06:59Z
BA,2007-02-15,66.5,66.56,65.16,65.27,7864210,91.71,91.8,89.86,90.02,5702100,2020-09-26T01:06:59Z
BA,2007-02-16,65.94,66.71,65.79,66.69,6269881,90.94,92,90.73,91.98,4546100,2020-09-26T01:06:59Z
BA,2007-02-20,66,66.48,65.14,66.34,5434651,91.03,91.69,89.84,91.5,3940500,2020-09-26T01:06:59Z
BA,2007-02-21,65.95,66.71,65.29,65.47,6856859,90.96,92,90.05,90.3,4971700,2020-09-26T01:06:59Z
BA,2007-02-22,65.68,66.66,65.45,66.05,4380959,90.58,91.93,90.27,91.1,3176500,2020-09-26T01:06:59Z
BA,2007-02-23,65.46,65.87,65.26,65.41,3229621,90.28,90.85,90,90.21,2341700,2020-09-26T01:06:59Z
BA,2007-02-26,64.48,65.79,64.21,65.6,6258434,88.93,90.73,88.56,90.48,4537800,2020-09-26T01:06:59Z
BA,2007-02-27,63.23,64.31,61.8,63.81,8207074,87.2,88.7,85.24,88,5950700,2020-09-26T01:06:59Z
BA,2007-02-28,63.27,64.1,62.39,63.37,8362507,87.26,88.41,86.05,87.4,6063400,2020-09-26T01:06:59Z
BA,2007-03-01,63.7,64.39,62.29,62.79,7105249,87.85,88.8,85.91,86.6,5151800,2020-09-26T01:06:59Z
BA,2007-03-02,63.1,64.2,63.09,63.71,5940671,87.03,88.54,87.01,87.87,4307400,2020-09-26T01:06:59Z
BA,2007-03-05,63.1,63.94,62.64,63.05,5223774,87.02,88.19,86.39,86.96,3787600,2020-09-26T01:06:59Z
BA,2007-03-06,63.68,63.83,63.12,63.83,4581629,87.82,88.03,87.05,88.03,3322000,2020-09-26T01:06:59Z
BA,2007-03-07,64.32,64.71,63.68,63.68,7179862,88.71,89.25,87.82,87.82,5205900,2020-09-26T01:06:59Z
BA,2007-03-08,64.45,65.02,64.25,64.52,3877559,88.89,89.67,88.61,88.98,2811500,2020-09-26T01:06:59Z
BA,2007-03-09,64.9,65.32,64.63,65.04,3890109,89.51,90.09,89.14,89.7,2820600,2020-09-26T01:06:59Z
BA,2007-03-12,66.13,66.61,64.53,64.53,8225693,91.2,91.87,89,89,5964200,2020-09-26T01:06:59Z
BA,2007-03-13,64.86,66.05,64.86,65.91,7237650,89.45,91.1,89.45,90.9,5247800,2020-09-26T01:06:59Z
BA,2007-03-14,65.24,65.47,64.19,64.86,5555191,89.98,90.3,88.53,89.45,4027900,2020-09-26T01:06:59Z
BA,2007-03-15,66.01,66.03,64.94,65.24,4846155,91.04,91.06,89.57,89.98,3513800,2020-09-26T01:06:59Z
BA,2007-03-16,65.26,66.01,65.02,66.01,8020058,90,91.04,89.68,91.04,5815100,2020-09-26T01:06:59Z
BA,2007-03-19,65.49,65.94,65.18,65.62,4921321,90.32,90.95,89.9,90.5,3568300,2020-09-26T01:06:59Z
BA,2007-03-20,65.37,65.93,65.27,65.49,4807538,90.16,90.93,90.02,90.32,3485800,2020-09-26T01:06:59Z
BA,2007-03-21,65.84,65.94,64.86,65.37,5833923,90.8,90.95,89.45,90.16,4230000,2020-09-26T01:06:59Z
BA,2007-03-22,65.67,65.84,65.17,65.55,5114130,90.57,90.8,89.88,90.4,3708100,2020-09-26T01:06:59Z
BA,2007-03-23,65.97,66.21,65.1,65.1,3178453,90.98,91.31,89.79,89.79,2304600,2020-09-26T01:06:59Z
BA,2007-03-26,65.86,65.94,65.14,65.89,4513911,90.83,90.94,89.84,90.88,3272900,2020-09-26T01:06:59Z
BA,2007-03-27,65.63,65.98,65.26,65.69,3706954,90.52,91,90,90.6,2687800,2020-09-26T01:06:59Z
BA,2007-03-28,64.86,65.55,64.54,65.46,6202715,89.45,90.41,89.01,90.28,4497400,2020-09-26T01:06:59Z
BA,2007-03-29,65.08,65.65,64.65,65.34,4856637,89.76,90.54,89.16,90.11,3521400,2020-09-26T01:06:59Z
BA,2007-03-30,64.47,65.31,64.28,64.98,6327944,88.91,90.07,88.65,89.62,4588200,2020-09-26T01:06:59Z
BA,2007-04-02,64.41,64.54,63.86,64.46,4744648,88.83,89.01,88.08,88.9,3440200,2020-09-26T01:06:59Z
BA,2007-04-03,65.18,65.43,64.6,64.76,5421548,89.9,90.24,89.09,89.32,3931000,2020-09-26T01:06:59Z
BA,2007-04-04,65.45,65.7,65.11,65.19,3524351,90.27,90.61,89.8,89.91,2555400,2020-09-26T01:06:59Z
BA,2007-04-05,65.62,65.79,65.4,65.4,4134499,90.5,90.74,90.2,90.2,2997800,2020-09-26T01:06:59Z
BA,2007-04-09,65.28,65.96,65.27,65.96,4351720,90.03,90.97,90.02,90.97,3155300,2020-09-26T01:06:59Z
BA,2007-04-10,65.87,65.89,65.22,65.22,3946517,90.84,90.87,89.95,89.95,2861500,2020-09-26T01:06:59Z
BA,2007-04-11,65.23,65.97,65,65.91,4778162,89.97,90.99,89.65,90.9,3464500,2020-09-26T01:06:59Z
BA,2007-04-12,65.87,65.88,64.82,65.24,3634409,90.85,90.86,89.4,89.98,2635200,2020-09-26T01:06:59Z
BA,2007-04-13,66,66.05,65.39,66.05,4186632,91.03,91.1,90.18,91.1,3035600,2020-09-26T01:06:59Z
BA,2007-04-16,65.48,66.18,65.21,65.98,5168745,90.31,91.28,89.93,91,3747700,2020-09-26T01:06:59Z
BA,2007-04-17,65.58,66.08,65.29,65.47,5415618,90.45,91.14,90.05,90.3,3926700,2020-09-26T01:06:59Z
BA,2007-04-18,68.07,68.28,65.5,65.58,13089227,93.88,94.17,90.34,90.45,9490600,2020-09-26T01:06:59Z
BA,2007-04-19,67.42,68.7,67.26,67.79,8540146,92.99,94.75,92.76,93.49,6192200,2020-09-26T01:06:59Z
BA,2007-04-20,67.64,68.24,67.47,67.99,8325683,93.29,94.12,93.06,93.77,6036700,2020-09-26T01:06:59Z
BA,2007-04-23,67.9,68.33,67.66,68.23,6758524,93.64,94.24,93.31,94.1,4900400,2020-09-26T01:06:59Z
BA,2007-04-24,67.92,68.85,67.7,68.81,7945996,93.67,94.96,93.37,94.9,5761400,2020-09-26T01:06:59Z
BA,2007-04-25,68.66,68.7,67.25,68.62,10683251,94.69,94.75,92.75,94.64,7746100,2020-09-26T01:06:59Z
BA,2007-04-26,68.35,69.3,68.19,68.55,6674945,94.26,95.58,94.04,94.54,4839800,2020-09-26T01:06:59Z
BA,2007-04-27,68.17,68.41,67.63,68.34,4863947,94.02,94.35,93.28,94.25,3526700,2020-09-26T01:06:59Z
BA,2007-04-30,67.43,68.24,67.32,68.17,5173710,93,94.11,92.85,94.02,3751300,2020-09-26T01:06:59Z
BA,2007-05-01,67.6,67.9,67.07,67.54,4470743,93.23,93.65,92.5,93.15,3241600,2020-09-26T01:06:59Z
BA,2007-05-02,68.03,68.49,67.31,67.49,4794298,93.83,94.46,92.84,93.08,3476200,2020-09-26T01:06:59Z
BA,2007-05-03,68.05,68.51,67.79,68.22,4261798,93.85,94.49,93.5,94.08,3090100,2020-09-26T01:06:59Z
BA,2007-05-04,67.87,68.43,67.52,68.41,4214630,93.61,94.38,93.12,94.35,3055900,2020-09-26T01:06:59Z
BA,2007-05-07,68.56,68.88,67.9,68.01,5541951,94.56,95,93.65,93.8,4018300,2020-09-26T01:06:59Z
BA,2007-05-08,68.31,68.45,67.94,68.45,6106586,94.21,94.41,93.7,94.41,4427700,2020-09-26T01:06:59Z
BA,2007-05-09,68.47,68.61,67.94,68.32,4135491,94.08,94.27,93.35,93.87,3009700,2020-09-26T01:06:59Z
BA,2007-05-10,67.54,68.53,67.47,68.23,3660480,92.8,94.16,92.7,93.75,2664000,2020-09-26T01:06:59Z
BA,2007-05-11,67.97,68.58,67.23,67.55,3712832,93.4,94.23,92.38,92.81,2702100,2020-09-26T01:06:59Z
BA,2007-05-14,68.09,68.51,67.92,67.97,2853498,93.56,94.14,93.32,93.4,2076700,2020-09-26T01:06:59Z
BA,2007-05-15,68.66,69.47,68.26,68.4,6878240,94.34,95.45,93.79,93.98,5005800,2020-09-26T01:06:59Z
BA,2007-05-16,69.39,69.47,68.78,68.78,5652172,95.34,95.46,94.5,94.5,4113500,2020-09-26T01:06:59Z
BA,2007-05-17,70.44,70.72,69.31,69.39,6675980,96.79,97.18,95.23,95.34,4858600,2020-09-26T01:06:59Z
BA,2007-05-18,70.32,70.96,70.06,70.64,5818432,96.63,97.5,96.27,97.07,4234500,2020-09-26T01:06:59Z
BA,2007-05-21,70.52,71.13,70.05,70.17,6218007,96.9,97.74,96.25,96.42,4525300,2020-09-26T01:06:59Z
BA,2007-05-22,70.22,71.03,70.13,70.77,5199146,96.48,97.6,96.36,97.24,3783800,2020-09-26T01:06:59Z
BA,2007-05-23,69.55,70.19,69.4,69.83,6280802,95.57,96.45,95.36,95.95,4571000,2020-09-26T01:06:59Z
BA,2007-05-24,70.9,71.93,69.68,69.79,10236704,97.42,98.84,95.75,95.9,7450000,2020-09-26T01:06:59Z
BA,2007-05-25,71.5,71.79,70.87,71.54,4464577,98.25,98.64,97.38,98.3,3249200,2020-09-26T01:06:59Z
BA,2007-05-29,71.69,72.19,71.29,71.7,4531218,98.5,99.2,97.96,98.52,3297700,2020-09-26T01:06:59Z
BA,2007-05-30,73.18,73.24,71.54,71.66,7974736,100.55,100.64,98.3,98.47,5803800,2020-09-26T01:06:59Z
BA,2007-05-31,73.21,73.48,73.12,73.28,5824616,100.59,100.96,100.47,100.69,4239000,2020-09-26T01:06:59Z
BA,2007-06-01,72.65,73.83,72.38,73.17,5574400,99.83,101.45,99.45,100.54,4056900,2020-09-26T01:06:59Z
BA,2007-06-04,72.76,73.5,72.41,73.5,3735778,99.98,101,99.5,101,2718800,2020-09-26T01:06:59Z
BA,2007-06-05,72.41,72.75,71.93,72.73,4502088,99.5,99.96,98.84,99.94,3276500,2020-09-26T01:06:59Z
BA,2007-06-06,71.53,72.19,71.1,72.03,4713830,98.29,99.2,97.69,98.97,3430600,2020-09-26T01:06:59Z
BA,2007-06-07,70.48,72.11,70.46,71.53,6477154,96.84,99.09,96.81,98.29,4713900,2020-09-26T01:06:59Z
BA,2007-06-08,71.46,71.48,69.8,70.38,5429987,98.19,98.22,95.91,96.7,3951800,2020-09-26T01:06:59Z
BA,2007-06-11,70.99,71.9,70.9,71.5,4597036,97.55,98.79,97.42,98.25,3345600,2020-09-26T01:06:59Z
BA,2007-06-12,70.22,71.02,69.95,70.99,6902424,96.48,97.59,96.12,97.55,5023400,2020-09-26T01:06:59Z
BA,2007-06-13,71.66,71.72,70.54,70.68,7329205,98.47,98.55,96.92,97.12,5334000,2020-09-26T01:06:59Z
BA,2007-06-14,72.03,72.41,71.85,72.05,4721113,98.97,99.5,98.73,99,3435900,2020-09-26T01:06:59Z
BA,2007-06-15,71.43,72.78,71.27,72.43,9863099,98.15,100,97.93,99.52,7178100,2020-09-26T01:06:59Z
BA,2007-06-18,70.89,71.74,70.81,71.34,5646401,97.4,98.58,97.29,98.03,4109300,2020-09-26T01:06:59Z
BA,2007-06-19,70.54,71.5,70.24,70.89,7035570,96.92,98.24,96.51,97.4,5120300,2020-09-26T01:06:59Z
BA,2007-06-20,69.92,71.12,69.87,70.67,6504635,96.08,97.72,96.01,97.1,4733900,2020-09-26T01:06:59Z
BA,2007-06-21,70.74,70.74,69.26,69.92,8657091,97.2,97.2,95.17,96.08,6300400,2020-09-26T01:06:59Z
BA,2007-06-22,69.81,70.52,69.58,70.33,7363282,95.92,96.9,95.6,96.64,5358800,2020-09-26T01:06:59Z
BA,2007-06-25,69.55,70.28,68.99,69.87,5956113,95.57,96.57,94.8,96,4334700,2020-09-26T01:06:59Z
BA,2007-06-26,69.12,70.21,69.04,69.43,5996372,94.98,96.47,94.87,95.4,4364000,2020-09-26T01:06:59Z
BA,2007-06-27,68.88,69.07,68.11,68.64,6172938,94.65,94.9,93.58,94.31,4492500,2020-09-26T01:06:59Z
BA,2007-06-28,69.25,69.57,68.6,69.14,4819907,95.16,95.59,94.26,95,3507800,2020-09-26T01:06:59Z
BA,2007-06-29,69.98,70.11,69.32,69.4,7950690,96.16,96.34,95.25,95.36,5786300,2020-09-26T01:06:59Z
BA,2007-07-02,70.43,70.63,70.06,70.39,3872634,96.77,97.05,96.27,96.72,2818400,2020-09-26T01:06:59Z
BA,2007-07-03,71.07,71.36,70.45,70.45,2929346,97.65,98.06,96.8,96.8,2131900,2020-09-26T01:06:59Z
BA,2007-07-05,71.58,71.67,70.76,70.97,3530769,98.36,98.48,97.23,97.52,2569600,2020-09-26T01:06:59Z
BA,2007-07-06,71.96,72.21,71.34,71.42,3560037,98.88,99.22,98.02,98.13,2590900,2020-09-26T01:06:59Z
BA,2007-07-09,72.7,73.74,72.49,73.5,7849559,99.9,101.32,99.6,100.99,5712700,2020-09-26T01:06:59Z
BA,2007-07-10,72.96,73.26,72.51,73.21,9180743,100.25,100.66,99.63,100.6,6681500,2020-09-26T01:06:59Z
BA,2007-07-11,72.86,73.38,72.46,73.13,6332054,100.12,100.83,99.56,100.48,4608300,2020-09-26T01:06:59Z
BA,2007-07-12,73.34,73.37,72.6,73.14,6281076,100.78,100.82,99.76,100.5,4571200,2020-09-26T01:06:59Z
BA,2007-07-13,74.15,74.55,73.21,73.64,5839455,101.88,102.43,100.6,101.18,4249800,2020-09-26T01:06:59Z
BA,2007-07-16,74.28,74.36,73.5,74.23,4681128,102.07,102.17,101,102,3406800,2020-09-26T01:06:59Z
BA,2007-07-17,74.27,74.76,73.8,74.17,4611051,102.05,102.73,101.4,101.91,3355800,2020-09-26T01:06:59Z
BA,2007-07-18,74.1,74.78,73.42,74.12,5951029,101.82,102.75,100.89,101.85,4331000,2020-09-26T01:06:59Z
BA,2007-07-19,74.58,74.83,73.96,73.96,3576800,102.48,102.82,101.63,101.63,2603100,2020-09-26T01:06:59Z
BA,2007-07-20,75.59,75.99,74.49,74.81,9140071,103.86,104.42,102.35,102.8,6651900,2020-09-26T01:06:59Z
BA,2007-07-23,75.72,76.09,75.12,76.04,5553652,104.04,104.55,103.22,104.48,4041800,2020-09-26T01:06:59Z
BA,2007-07-24,75.54,76.9,75.21,75.29,7605390,103.8,105.67,103.34,103.45,5535000,2020-09-26T01:06:59Z
BA,2007-07-25,78.04,78.48,77.42,77.86,14294836,107.23,107.83,106.38,106.98,10403400,2020-09-26T01:06:59Z
BA,2007-07-26,75.47,77.73,74.4,77.19,14404760,103.7,106.8,102.23,106.06,10483400,2020-09-26T01:06:59Z
BA,2007-07-27,75.48,77.43,75.4,75.4,10655378,103.71,106.39,103.6,103.6,7754700,2020-09-26T01:06:59Z
BA,2007-07-30,76.81,77.25,75.69,76.12,8657916,105.54,106.15,104,104.6,6301000,2020-09-26T01:06:59Z
BA,2007-07-31,75.27,77.54,75.19,77.54,9474654,103.43,106.54,103.31,106.54,6895400,2020-09-26T01:06:59Z
BA,2007-08-01,76.07,76.3,74.96,74.98,9540746,104.53,104.84,103,103.03,6943500,2020-09-26T01:06:59Z
BA,2007-08-02,77.09,77.14,76.06,76.43,6539124,105.93,106,104.51,105.02,4759000,2020-09-26T01:06:59Z
BA,2007-08-03,75.86,77.4,75.85,76.78,7511267,104.24,106.35,104.22,105.5,5466500,2020-09-26T01:06:59Z
BA,2007-08-06,75.94,76.31,74.3,76.05,8667672,104.34,104.85,102.09,104.49,6308100,2020-09-26T01:06:59Z
BA,2007-08-07,75.12,75.78,74.45,75.47,7292655,103.22,104.12,102.3,103.7,5307400,2020-09-26T01:06:59Z
BA,2007-08-08,75.01,76.08,73.54,75.29,7970975,102.72,104.19,100.71,103.1,5820800,2020-09-26T01:06:59Z
BA,2007-08-09,71.78,74.65,71.58,73.6,11946329,98.3,102.23,98.02,100.79,8723800,2020-09-26T01:06:59Z
BA,2007-08-10,71.89,71.94,68.64,70.8,15585771,98.44,98.51,94,96.95,11381500,2020-09-26T01:06:59Z
BA,2007-08-13,73.06,73.69,72.48,72.63,8414385,100.05,100.91,99.25,99.46,6144600,2020-09-26T01:06:59Z
BA,2007-08-14,71.29,73.55,71.13,73.27,6647455,97.63,100.72,97.4,100.33,4854300,2020-09-26T01:06:59Z
BA,2007-08-15,69.75,72.15,69.53,70.83,7296959,95.51,98.8,95.21,97,5328600,2020-09-26T01:06:59Z
BA,2007-08-16,67.72,69.52,65.78,69.52,20147364,92.74,95.2,90.08,95.2,14712600,2020-09-26T01:06:59Z
BA,2007-08-17,70.05,71.37,69.12,69.22,11528801,95.93,97.73,94.65,94.79,8418900,2020-09-26T01:06:59Z
BA,2007-08-20,70.99,71.23,69.19,70.29,6591583,97.21,97.54,94.75,96.26,4813500,2020-09-26T01:06:59Z
BA,2007-08-21,70.8,71.01,70.16,70.71,4386309,96.95,97.24,96.07,96.83,3203100,2020-09-26T01:06:59Z
BA,2007-08-22,71.56,72.19,70.83,71.2,5731740,97.99,98.85,97,97.5,4185600,2020-09-26T01:06:59Z
BA,2007-08-23,70.64,72.26,70.27,72.26,5993979,96.74,98.95,96.22,98.95,4377100,2020-09-26T01:06:59Z
BA,2007-08-24,71.91,72,70.56,71.27,5957280,98.47,98.6,96.63,97.6,4350300,2020-09-26T01:06:59Z
BA,2007-08-27,71.96,72.26,70.93,71.62,4477511,98.54,98.95,97.13,98.07,3269700,2020-09-26T01:06:59Z
BA,2007-08-28,69.85,71.84,69.69,71.56,7307640,95.65,98.38,95.44,97.99,5336400,2020-09-26T01:06:59Z
BA,2007-08-29,70.76,71.24,69.99,70.47,7027325,96.9,97.55,95.84,96.5,5131700,2020-09-26T01:06:59Z
BA,2007-08-30,70.72,71.32,70.05,70.64,5633281,96.85,97.67,95.93,96.74,4113700,2020-09-26T01:06:59Z
BA,2007-08-31,70.62,71.99,70.61,71.56,5429515,96.7,98.58,96.7,98,3964900,2020-09-26T01:06:59Z
BA,2007-09-04,70.05,70.33,69.3,70.18,9273955,95.92,96.31,94.9,96.1,6772300,2020-09-26T01:06:59Z
BA,2007-09-05,69.99,71.38,68.66,69.52,14755370,95.84,97.74,94.02,95.2,10775100,2020-09-26T01:06:59Z
BA,2007-09-06,70.25,70.28,69.01,69.77,9120172,96.2,96.24,94.5,95.54,6660000,2020-09-26T01:06:59Z
BA,2007-09-07,69.26,70.18,69.12,69.52,7763512,94.84,96.1,94.66,95.2,5669300,2020-09-26T01:06:59Z
BA,2007-09-10,69.61,70.06,68.68,69.38,6499012,95.33,95.94,94.05,95.01,4745900,2020-09-26T01:06:59Z
BA,2007-09-11,71.16,71.47,69.75,70.09,6582271,97.44,97.87,95.52,95.98,4806700,2020-09-26T01:06:59Z
BA,2007-09-12,71.8,72.1,70.83,70.99,6035609,98.32,98.73,97,97.21,4407500,2020-09-26T01:06:59Z
BA,2007-09-13,72.26,72.56,71.82,72,5468679,98.95,99.37,98.35,98.6,3993500,2020-09-26T01:06:59Z
BA,2007-09-14,72.55,72.72,71.58,71.86,5775424,99.35,99.58,98.02,98.4,4217500,2020-09-26T01:06:59Z
BA,2007-09-17,72.03,72.83,71.62,72.15,5187542,98.64,99.73,98.07,98.8,3788200,2020-09-26T01:06:59Z
BA,2007-09-18,71.91,72.16,70.42,72,13668070,98.47,98.82,96.44,98.6,9981100,2020-09-26T01:06:59Z
BA,2007-09-19,73.04,73.54,72.33,72.59,9473476,100.02,100.71,99.05,99.4,6918000,2020-09-26T01:06:59Z
BA,2007-09-20,73.94,74.01,72.98,72.98,6474363,101.25,101.35,99.94,99.94,4727900,2020-09-26T01:06:59Z
BA,2007-09-21,74.92,75.38,73.94,74.74,9080459,102.59,103.23,101.25,102.35,6631000,2020-09-26T01:06:59Z
BA,2007-09-24,75.25,75.77,74.78,75.22,6727701,103.05,103.76,102.4,103,4912900,2020-09-26T01:06:59Z
BA,2007-09-25,76.63,76.69,74.88,75.03,6889564,104.93,105.02,102.54,102.74,5031100,2020-09-26T01:06:59Z
BA,2007-09-26,76.27,77.39,75.4,76.89,6750159,104.45,105.98,103.25,105.3,4929300,2020-09-26T01:06:59Z
BA,2007-09-27,77.01,77.52,75.95,76.28,5455944,105.46,106.15,104,104.45,3984200,2020-09-26T01:06:59Z
BA,2007-09-28,76.67,77.38,76.11,76.82,6229789,104.99,105.96,104.23,105.2,4549300,2020-09-26T01:06:59Z
BA,2007-10-01,77.88,78.14,76.84,77,5033486,106.65,107,105.22,105.45,3675700,2020-09-26T01:06:59Z
BA,2007-10-02,77.36,78.25,76.87,77.86,6293192,105.93,107.15,105.27,106.62,4595600,2020-09-26T01:06:59Z
BA,2007-10-03,76.47,77.21,76.13,76.92,5005961,104.72,105.73,104.25,105.33,3655600,2020-09-26T01:06:59Z
BA,2007-10-04,76.31,77.19,76.28,76.79,4726193,104.5,105.7,104.45,105.15,3451300,2020-09-26T01:06:59Z
BA,2007-10-05,74.67,77.04,73.82,76.97,11371594,102.25,105.5,101.09,105.4,8304100,2020-09-26T01:06:59Z
BA,2007-10-08,73.81,75.41,73.09,75.41,7284360,101.07,103.26,100.09,103.26,5319400,2020-09-26T01:06:59Z
BA,2007-10-09,74.08,74.31,72.78,73.99,7620547,101.45,101.76,99.66,101.32,5564900,2020-09-26T01:06:59Z
BA,2007-10-10,72.06,74.78,70.86,73.67,34652408,98.68,102.4,97.04,100.89,25304900,2020-09-26T01:06:59Z
BA,2007-10-11,70.29,72.72,69.34,72.66,18070264,96.26,99.58,94.96,99.5,13195800,2020-09-26T01:06:59Z
BA,2007-10-12,70.61,71.27,69.68,70.18,13017881,96.69,97.59,95.42,96.11,9506300,2020-09-26T01:06:59Z
BA,2007-10-15,69.25,70.47,68.97,70.09,11055675,94.83,96.5,94.45,95.98,8073400,2020-09-26T01:06:59Z
BA,2007-10-16,70.06,70.35,67.94,69.01,13482791,95.94,96.34,93.03,94.5,9845800,2020-09-26T01:06:59Z
BA,2007-10-17,69.8,70.87,69.1,70.48,11101823,95.59,97.05,94.63,96.52,8107100,2020-09-26T01:06:59Z
BA,2007-10-18,70.79,70.94,69.23,69.64,9260398,96.94,97.15,94.8,95.36,6762400,2020-09-26T01:06:59Z
BA,2007-10-19,68.57,70.83,68.49,70.5,12609801,93.9,97,93.79,96.54,9208300,2020-09-26T01:06:59Z
BA,2007-10-22,69.32,69.4,67.62,68.03,10872176,94.93,95.04,92.6,93.16,7939400,2020-09-26T01:06:59Z
BA,2007-10-23,69.34,70.08,68.76,69.93,8366867,94.95,95.96,94.16,95.76,6109900,2020-09-26T01:06:59Z
BA,2007-10-24,68.83,70.16,67.93,69.88,13305728,94.26,96.08,93.02,95.69,9716500,2020-09-26T01:06:59Z
BA,2007-10-25,70.1,72.27,67.18,69.29,11186589,96,98.97,92,94.88,8169000,2020-09-26T01:06:59Z
BA,2007-10-26,70.12,70.51,69.41,70.29,7100724,96.02,96.55,95.05,96.25,5185300,2020-09-26T01:06:59Z
BA,2007-10-29,70.83,71.27,69.55,69.94,12235409,96.99,97.6,95.24,95.78,8934900,2020-09-26T01:06:59Z
BA,2007-10-30,71.08,72,70.83,71.02,10335236,97.33,98.6,97,97.25,7547300,2020-09-26T01:06:59Z
BA,2007-10-31,72,72.08,71.08,71.67,8134618,98.59,98.71,97.33,98.15,5940300,2020-09-26T01:06:59Z
BA,2007-11-01,70.54,71.92,70.47,71.78,8775906,96.6,98.49,96.5,98.3,6408600,2020-09-26T01:06:59Z
BA,2007-11-02,71.39,71.48,70.35,70.56,7683265,97.76,97.88,96.34,96.62,5610700,2020-09-26T01:06:59Z
BA,2007-11-05,71.54,72.05,70.48,71.19,6106817,97.97,98.67,96.51,97.49,4459500,2020-09-26T01:06:59Z
BA,2007-11-06,71.35,71.88,70.79,71.53,5600826,97.7,98.43,96.94,97.96,4090000,2020-09-26T01:06:59Z
BA,2007-11-07,71.01,71.81,70.44,71.09,7821117,96.89,97.99,96.11,97,5731900,2020-09-26T01:06:59Z
BA,2007-11-08,70.56,71.27,69.55,71.07,9540237,96.28,97.25,94.9,96.97,6991800,2020-09-26T01:06:59Z
BA,2007-11-09,69.04,70.17,68.94,69.68,8367185,94.21,95.75,94.07,95.08,6132100,2020-09-26T01:06:59Z
BA,2007-11-12,68.05,69.19,67.94,69.09,8708854,92.86,94.41,92.7,94.27,6382500,2020-09-26T01:06:59Z
BA,2007-11-13,68.67,69,68.06,68.77,8885419,93.7,94.15,92.87,93.83,6511900,2020-09-26T01:06:59Z
BA,2007-11-14,68,69.07,67.79,68.99,8919258,92.79,94.25,92.5,94.14,6536700,2020-09-26T01:06:59Z
BA,2007-11-15,66.94,68.06,66.67,67.03,9143580,91.34,92.86,90.97,91.46,6701100,2020-09-26T01:06:59Z
BA,2007-11-16,65.95,67.46,65.56,67.42,12620163,89.99,92.05,89.45,92,9249000,2020-09-26T01:06:59Z
BA,2007-11-19,64.69,65.9,64.58,65.67,12750744,88.27,89.92,88.12,89.6,9344700,2020-09-26T01:06:59Z
BA,2007-11-20,64.39,65.19,63.7,64.72,11930959,87.86,88.95,86.92,88.31,8743900,2020-09-26T01:06:59Z
BA,2007-11-21,64.06,64.86,63.58,63.6,9671637,87.41,88.5,86.75,86.78,7088100,2020-09-26T01:06:59Z
BA,2007-11-23,65.62,65.71,64.54,64.86,4526420,89.54,89.66,88.07,88.5,3317300,2020-09-26T01:06:59Z
BA,2007-11-26,65.91,67.71,65.86,66.33,9672047,89.93,92.39,89.86,90.5,7088400,2020-09-26T01:06:59Z
BA,2007-11-27,67.23,67.83,66.34,66.38,9677368,91.73,92.55,90.52,90.57,7092300,2020-09-26T01:06:59Z
BA,2007-11-28,68.6,68.77,67.25,67.87,9466282,93.61,93.83,91.76,92.61,6937600,2020-09-26T01:06:59Z
BA,2007-11-29,68.31,69.09,67.87,68.6,6402184,93.21,94.27,92.61,93.61,4692000,2020-09-26T01:06:59Z
BA,2007-11-30,67.82,69.33,67.22,69.33,13796625,92.54,94.6,91.72,94.6,10111200,2020-09-26T01:06:59Z
BA,2007-12-03,67.27,68.3,67.17,67.79,7400035,91.79,93.2,91.66,92.5,5423300,2020-09-26T01:06:59Z
BA,2007-12-04,65.95,67.27,65.85,67.01,9661677,89.99,91.79,89.85,91.43,7080800,2020-09-26T01:06:59Z
BA,2007-12-05,66.47,67.54,66.22,66.62,12520418,90.7,92.16,90.36,90.9,9175900,2020-09-26T01:06:59Z
BA,2007-12-06,67.26,67.75,66.57,67.06,7936552,91.78,92.44,90.83,91.5,5816500,2020-09-26T01:06:59Z
BA,2007-12-07,68.27,68.63,67.42,67.69,7318712,93.16,93.64,92,92.36,5363700,2020-09-26T01:06:59Z
BA,2007-12-10,67.89,68.34,67.27,68.34,8147502,92.64,93.25,91.79,93.25,5971100,2020-09-26T01:06:59Z
BA,2007-12-11,65.01,68.16,64.58,67.89,14093948,88.7,93,88.12,92.64,10329100,2020-09-26T01:06:59Z
BA,2007-12-12,63.7,65.61,62.7,64.49,25518954,86.92,89.53,85.55,88,18702200,2020-09-26T01:06:59Z
BA,2007-12-13,64.9,65.16,63.32,63.52,10263826,88.55,88.91,86.4,86.67,7522100,2020-09-26T01:06:59Z
BA,2007-12-14,64.8,65.95,64.52,64.89,6807165,88.42,89.99,88.03,88.54,4988800,2020-09-26T01:06:59Z
BA,2007-12-17,64.05,65.15,63.91,64.65,6748628,87.4,88.9,87.2,88.21,4945900,2020-09-26T01:06:59Z
BA,2007-12-18,63.88,64.4,63.17,64.4,7821117,87.17,87.87,86.2,87.87,5731900,2020-09-26T01:06:59Z
BA,2007-12-19,63.48,64.62,63.37,64.31,11765446,86.62,88.17,86.47,87.75,8622600,2020-09-26T01:06:59Z
BA,2007-12-20,63.9,64.06,63.38,63.82,4548389,87.19,87.41,86.48,87.08,3333400,2020-09-26T01:06:59Z
BA,2007-12-21,65.28,65.47,64.35,64.52,10454854,89.07,89.34,87.8,88.04,7662100,2020-09-26T01:06:59Z
BA,2007-12-24,65.97,66.24,65.63,65.63,2656388,90.02,90.38,89.55,89.55,1946800,2020-09-26T01:06:59Z
BA,2007-12-26,65.96,66.05,65.43,65.96,3730923,90,90.13,89.28,90,2734300,2020-09-26T01:06:59Z
BA,2007-12-27,65.14,65.95,64.73,65.95,3945421,88.88,89.99,88.33,89.99,2891500,2020-09-26T01:06:59Z
BA,2007-12-28,64.68,65.31,64.11,65.23,4003139,88.25,89.11,87.48,89,2933800,2020-09-26T01:06:59Z
BA,2007-12-31,64.1,64.7,63.94,64.6,4344670,87.46,88.28,87.24,88.14,3184100,2020-09-26T01:06:59Z
BA,2008-01-02,63.48,64.38,63.03,64.18,5871398,86.62,87.84,86,87.57,4303000,2020-09-26T01:06:59Z
BA,2008-01-03,63.75,64.23,63.57,63.81,4677606,86.98,87.64,86.74,87.07,3428100,2020-09-26T01:06:59Z
BA,2008-01-04,62.9,63.88,62.8,63.26,7359919,85.82,87.16,85.69,86.32,5393900,2020-09-26T01:06:59Z
BA,2008-01-07,60.73,63.25,60.22,63.21,13603141,82.87,86.3,82.17,86.25,9969400,2020-09-26T01:06:59Z
BA,2008-01-08,58.56,61.1,58.37,60.91,13387961,79.91,83.37,79.65,83.11,9811700,2020-09-26T01:06:59Z
BA,2008-01-09,58.85,58.95,57.02,58.41,14065976,80.3,80.43,77.81,79.7,10308600,2020-09-26T01:06:59Z
BA,2008-01-10,60.36,60.97,58.53,58.53,12841619,82.36,83.19,79.86,79.86,9411300,2020-09-26T01:06:59Z
BA,2008-01-11,59.01,59.94,58.63,59.93,8946275,80.52,81.78,80,81.77,6556500,2020-09-26T01:06:59Z
BA,2008-01-14,59.85,60.37,58.74,59.6,10550914,81.67,82.37,80.15,81.33,7732500,2020-09-26T01:06:59Z
BA,2008-01-15,57.06,59.95,55.7,59.71,22471366,77.86,81.8,76,81.47,16468700,2020-09-26T01:06:59Z
BA,2008-01-16,58.53,59.59,56.06,57.02,18410236,79.87,81.31,76.5,77.81,13492400,2020-09-26T01:06:59Z
BA,2008-01-17,58.28,60.45,57.91,59.51,12694800,79.52,82.49,79.02,81.2,9303700,2020-09-26T01:06:59Z
BA,2008-01-18,57.46,59.23,56.99,58.81,10488421,78.4,80.82,77.76,80.25,7686700,2020-09-26T01:06:59Z
BA,2008-01-22,56.87,57.71,54.53,54.62,11602526,77.6,78.74,74.4,74.53,8503200,2020-09-26T01:06:59Z
BA,2008-01-23,56.12,56.57,54.32,55.33,17775886,76.57,77.19,74.12,75.5,13027500,2020-09-26T01:06:59Z
BA,2008-01-24,56.89,57.41,56.05,56.84,10164627,77.62,78.34,76.48,77.56,7449400,2020-09-26T01:06:59Z
BA,2008-01-25,56.45,58.39,56.41,57.64,10710423,77.03,79.67,76.97,78.65,7849400,2020-09-26T01:06:59Z
BA,2008-01-28,56.87,56.96,56.05,56.54,6637558,77.6,77.72,76.48,77.15,4864500,2020-09-26T01:06:59Z
BA,2008-01-29,59.33,59.41,57.36,57.58,12315336,80.96,81.06,78.27,78.57,9025600,2020-09-26T01:06:59Z
BA,2008-01-30,60.73,62.2,58.4,58.41,15463758,82.87,84.87,79.69,79.7,11333000,2020-09-26T01:06:59Z
BA,2008-01-31,60.96,61.44,59.22,59.94,10763911,83.18,83.84,80.8,81.78,7888600,2020-09-26T01:06:59Z
BA,2008-02-01,60.65,61.55,59.99,61.1,9122703,82.76,83.99,81.85,83.37,6685800,2020-09-26T01:06:59Z
BA,2008-02-04,60.76,61.09,60.03,60.67,4238377,82.9,83.36,81.91,82.78,3106200,2020-09-26T01:06:59Z
BA,2008-02-05,59.87,60.67,59.62,59.81,6401502,81.69,82.78,81.35,81.61,4691500,2020-09-26T01:06:59Z
BA,2008-02-06,58.85,60.35,58.62,60.32,7241462,79.91,81.95,79.6,81.9,5333200,2020-09-26T01:06:59Z
BA,2008-02-07,58.73,59.09,57.97,57.97,9204445,79.75,80.24,78.71,78.71,6778900,2020-09-26T01:06:59Z
BA,2008-02-08,58.43,59.02,58.04,58.54,5897232,79.33,80.14,78.81,79.48,4343200,2020-09-26T01:06:59Z
BA,2008-02-11,59.75,59.94,58.07,58.52,6651087,81.13,81.39,78.85,79.46,4898400,2020-09-26T01:06:59Z
BA,2008-02-12,61.54,62.26,59.98,60.24,10835308,83.56,84.53,81.44,81.8,7980000,2020-09-26T01:06:59Z
BA,2008-02-13,62.95,63.06,61.87,62.12,8696760,85.48,85.63,84.01,84.35,6405000,2020-09-26T01:06:59Z
BA,2008-02-14,62.76,63.38,62.53,63.09,9004304,85.22,86.06,84.9,85.67,6631500,2020-09-26T01:06:59Z
BA,2008-02-15,62.73,62.91,61.99,62.65,7806310,85.18,85.42,84.17,85.06,5749200,2020-09-26T01:06:59Z
BA,2008-02-19,62.87,63.98,62.48,63.42,5646309,85.37,86.88,84.83,86.11,4158400,2020-09-26T01:06:59Z
BA,2008-02-20,61.86,62.37,61.09,62.21,10219406,84,84.69,82.95,84.47,7526400,2020-09-26T01:06:59Z
BA,2008-02-21,60.4,62.57,60.3,61.95,9081292,82.01,84.96,81.87,84.12,6688200,2020-09-26T01:06:59Z
BA,2008-02-22,61.16,61.28,60.21,60.77,7099978,83.04,83.21,81.75,82.51,5229000,2020-09-26T01:06:59Z
BA,2008-02-25,62.35,62.41,61.22,61.32,7400868,84.66,84.74,83.12,83.26,5450600,2020-09-26T01:06:59Z
BA,2008-02-26,62.28,62.69,61.79,62.69,7022040,84.57,85.12,83.9,85.12,5171600,2020-09-26T01:06:59Z
BA,2008-02-27,61.83,62.74,61.42,62.03,6347752,83.95,85.19,83.4,84.22,4675000,2020-09-26T01:06:59Z
BA,2008-02-28,62.45,62.6,60.93,61.72,7776574,84.8,85,82.73,83.8,5727300,2020-09-26T01:06:59Z
BA,2008-02-29,60.97,62.23,60.69,61.89,10413437,82.79,84.5,82.4,84.03,7669300,2020-09-26T01:06:59Z
BA,2008-03-03,59.41,59.57,58.37,58.42,13001555,80.67,80.89,79.25,79.32,9575400,2020-09-26T01:06:59Z
BA,2008-03-04,58.64,58.91,57.7,58.76,11146518,79.62,79.99,78.34,79.78,8209200,2020-09-26T01:06:59Z
BA,2008-03-05,59.44,59.89,58.67,58.79,7698228,80.71,81.32,79.67,79.82,5669600,2020-09-26T01:06:59Z
BA,2008-03-06,58.56,59.45,58.46,59.32,6114752,79.51,80.72,79.38,80.55,4503400,2020-09-26T01:06:59Z
BA,2008-03-07,56.41,58.18,56.24,58.17,13112488,76.6,79,76.37,78.99,9657100,2020-09-26T01:06:59Z
BA,2008-03-10,54.78,56.49,54.78,56.36,13483577,74.38,76.71,74.38,76.53,9930400,2020-09-26T01:06:59Z
BA,2008-03-11,54.06,55.79,53.31,55.07,19195876,73.4,75.75,72.39,74.78,14137400,2020-09-26T01:06:59Z
BA,2008-03-12,53.36,55.05,53.12,54.29,12175057,72.45,74.75,72.13,73.71,8966700,2020-09-26T01:06:59Z
BA,2008-03-13,54.63,54.81,52.73,52.89,14732896,74.18,74.42,71.59,71.81,10850500,2020-09-26T01:06:59Z
BA,2008-03-14,56.14,56.85,55.33,55.82,17957418,76.23,77.19,75.13,75.79,13225300,2020-09-26T01:06:59Z
BA,2008-03-17,55.6,56.12,54.6,54.84,7682478,75.49,76.2,74.14,74.46,5658000,2020-09-26T01:06:59Z
BA,2008-03-18,56.36,56.71,55.43,56.71,7664147,76.53,77,75.26,77,5644500,2020-09-26T01:06:59Z
BA,2008-03-19,54.09,56.71,54.09,56.71,12485995,73.45,77,73.45,77,9195700,2020-09-26T01:06:59Z
BA,2008-03-20,55.09,55.24,53.56,54.17,10979100,74.8,75,72.72,73.55,8085900,2020-09-26T01:06:59Z
BA,2008-03-24,56.19,56.33,55.08,55.42,6590393,76.29,76.48,74.79,75.25,4853700,2020-09-26T01:06:59Z
BA,2008-03-25,55.9,56.62,55.34,56.62,8104892,75.9,76.88,75.14,76.88,5969100,2020-09-26T01:06:59Z
BA,2008-03-26,56.19,56.34,55.68,55.72,5907279,76.3,76.5,75.6,75.66,4350600,2020-09-26T01:06:59Z
BA,2008-03-27,54.66,56.24,54.6,55.8,10467750,74.22,76.36,74.14,75.76,7709300,2020-09-26T01:06:59Z
BA,2008-03-28,54.11,54.96,53.82,54.82,6268592,73.47,74.63,73.08,74.44,4616700,2020-09-26T01:06:59Z
BA,2008-03-31,54.77,54.93,54.06,54.5,10040583,74.37,74.58,73.4,74,7394700,2020-09-26T01:06:59Z
BA,2008-04-01,55.88,55.89,55.09,55.25,8090635,75.88,75.89,74.8,75.02,5958600,2020-09-26T01:06:59Z
BA,2008-04-02,56.6,56.85,55.77,56.05,8311686,76.85,77.19,75.73,76.1,6121400,2020-09-26T01:06:59Z
BA,2008-04-03,56.08,56.87,55.9,56.38,7599651,76.14,77.22,75.9,76.55,5597000,2020-09-26T01:06:59Z
BA,2008-04-04,55.71,56.44,55.48,56,6906490,75.65,76.63,75.33,76.04,5086500,2020-09-26T01:06:59Z
BA,2008-04-07,55.22,56.36,55.15,56.36,7318042,74.98,76.53,74.88,76.53,5389600,2020-09-26T01:06:59Z
BA,2008-04-08,55.25,55.52,54.53,54.88,7599787,75.02,75.39,74.04,74.51,5597100,2020-09-26T01:06:59Z
BA,2008-04-09,57.89,58.84,56.2,56.5,26495316,78.6,79.9,76.31,76.72,19513300,2020-09-26T01:06:59Z
BA,2008-04-10,57.76,58.22,57.29,57.78,10690973,78.43,79.05,77.79,78.45,7873700,2020-09-26T01:06:59Z
BA,2008-04-11,56.61,57.75,56.5,57.19,7370453,76.86,78.41,76.72,77.65,5428200,2020-09-26T01:06:59Z
BA,2008-04-14,56.87,57.18,56.47,56.47,6689105,77.22,77.64,76.67,76.68,4926400,2020-09-26T01:06:59Z
BA,2008-04-15,55.75,57.2,55.68,57.12,8605244,75.7,77.67,75.6,77.56,6337600,2020-09-26T01:06:59Z
BA,2008-04-16,56.47,56.65,55.71,56.2,6647285,76.67,76.92,75.64,76.31,4895600,2020-09-26T01:06:59Z
BA,2008-04-17,56.64,56.9,56.27,56.27,4707384,76.91,77.26,76.4,76.4,3466900,2020-09-26T01:06:59Z
BA,2008-04-18,57.93,58.26,57.08,57.36,9155564,78.66,79.1,77.5,77.88,6742900,2020-09-26T01:06:59Z
BA,2008-04-21,58.25,58.45,57.57,57.97,6441577,79.09,79.37,78.17,78.71,4744100,2020-09-26T01:06:59Z
BA,2008-04-22,57.86,58.91,57.26,58.42,10340794,78.56,79.99,77.75,79.32,7615800,2020-09-26T01:06:59Z
BA,2008-04-23,60.46,61.39,58.6,59.4,21030546,82.09,83.36,79.57,80.65,15488600,2020-09-26T01:06:59Z
BA,2008-04-24,61.13,61.4,60.13,60.75,7814592,83,83.37,81.65,82.49,5755300,2020-09-26T01:06:59Z
BA,2008-04-25,62.48,62.78,61.41,61.41,11343671,84.84,85.25,83.38,83.38,8354400,2020-09-26T01:06:59Z
BA,2008-04-28,62.59,63.07,62.07,62.61,7304192,84.98,85.64,84.28,85.01,5379400,2020-09-26T01:06:59Z
BA,2008-04-29,62.99,63.67,62.26,62.26,6090176,85.53,86.45,84.54,84.54,4485300,2020-09-26T01:06:59Z
BA,2008-04-30,62.5,63.47,62.33,63.2,7090066,84.86,86.18,84.63,85.81,5221700,2020-09-26T01:06:59Z
BA,2008-05-01,62.9,62.95,62.28,62.5,6901874,85.41,85.48,84.57,84.86,5083100,2020-09-26T01:06:59Z
BA,2008-05-02,63.11,63.71,62.59,63.57,5138488,85.69,86.5,84.98,86.32,3784400,2020-09-26T01:06:59Z
BA,2008-05-05,63.28,63.39,62.6,62.84,5276985,85.92,86.07,85,85.32,3886400,2020-09-26T01:06:59Z
BA,2008-05-06,63.45,63.49,62.7,63.03,6896578,86.15,86.21,85.13,85.59,5079200,2020-09-26T01:06:59Z
BA,2008-05-07,62.56,63.71,62.46,63.66,6838878,84.55,86.1,84.42,86.03,5060200,2020-09-26T01:06:59Z
BA,2008-05-08,62.72,63.04,62.15,62.68,4961640,84.76,85.2,84,84.71,3671200,2020-09-26T01:06:59Z
BA,2008-05-09,62.2,62.71,61.97,62.47,4497804,84.06,84.75,83.75,84.43,3328000,2020-09-26T01:06:59Z
BA,2008-05-12,62.74,62.89,61.62,62.45,7253925,84.8,85,83.28,84.4,5367300,2020-09-26T01:06:59Z
BA,2008-05-13,62.95,63.11,62.23,62.89,5801059,85.08,85.29,84.11,84.99,4292300,2020-09-26T01:06:59Z
BA,2008-05-14,63.4,64.13,62.95,63.12,6635612,85.69,86.67,85.08,85.3,4909800,2020-09-26T01:06:59Z
BA,2008-05-15,63.3,63.74,62.89,63.42,8117401,85.55,86.14,85,85.71,6006200,2020-09-26T01:06:59Z
BA,2008-05-16,63.02,63.51,62.7,63.51,9638518,85.17,85.84,84.74,85.84,7131700,2020-09-26T01:06:59Z
BA,2008-05-19,64.42,65.33,62.89,63.31,9699066,87.07,88.29,85,85.56,7176500,2020-09-26T01:06:59Z
BA,2008-05-20,63,64.41,62.6,64.41,7700732,85.14,87.05,84.61,87.05,5697900,2020-09-26T01:06:59Z
BA,2008-05-21,60.07,63.34,59.77,63.2,14660165,81.19,85.6,80.78,85.41,10847300,2020-09-26T01:06:59Z
BA,2008-05-22,60.24,60.47,59.6,59.97,8559343,81.41,81.72,80.55,81.05,6333200,2020-09-26T01:06:59Z
BA,2008-05-23,60.29,60.74,59.82,60.09,6050006,81.48,82.09,80.85,81.21,4476500,2020-09-26T01:06:59Z
BA,2008-05-27,61.32,61.63,60.38,60.38,6120960,82.87,83.3,81.6,81.6,4529000,2020-09-26T01:06:59Z
BA,2008-05-28,60.77,61.6,59.99,61.6,5588873,82.13,83.25,81.08,83.25,4135300,2020-09-26T01:06:59Z
BA,2008-05-29,60.75,61.41,59.97,60.54,4683095,82.11,83,81.05,81.82,3465100,2020-09-26T01:06:59Z
BA,2008-05-30,61.24,61.37,59.94,60.97,6298142,82.77,82.94,81.01,82.4,4660100,2020-09-26T01:06:59Z
BA,2008-06-02,60.04,61.12,59.54,61.12,6070954,81.15,82.61,80.47,82.61,4492000,2020-09-26T01:06:59Z
BA,2008-06-03,57.8,60.52,57.2,60.3,14102805,78.12,81.8,77.3,81.5,10434900,2020-09-26T01:06:59Z
BA,2008-06-04,57.73,58.32,57.33,57.57,9123190,78.02,78.82,77.48,77.8,6750400,2020-09-26T01:06:59Z
BA,2008-06-05,57.2,57.86,56.83,57.85,7823989,77.31,78.2,76.8,78.19,5789100,2020-09-26T01:06:59Z
BA,2008-06-06,54.13,56.66,54.01,56.61,17281002,73.16,76.57,73,76.51,12786500,2020-09-26T01:06:59Z
BA,2008-06-09,54.72,54.84,54.12,54.31,8961010,73.95,74.12,73.14,73.4,6630400,2020-09-26T01:06:59Z
BA,2008-06-10,54.51,54.84,53.84,54.16,7669648,73.67,74.11,72.76,73.2,5674900,2020-09-26T01:06:59Z
BA,2008-06-11,54.24,54.58,53.96,54.34,8845321,73.31,73.77,72.93,73.44,6544800,2020-09-26T01:06:59Z
BA,2008-06-12,54.84,57.01,54.6,54.78,13237843,74.12,77.05,73.79,74.03,9794900,2020-09-26T01:06:59Z
BA,2008-06-13,55.58,55.86,55.03,55.35,8226737,75.12,75.49,74.38,74.8,6087100,2020-09-26T01:06:59Z
BA,2008-06-16,55.51,55.83,54.78,55.32,4704584,75.02,75.45,74.03,74.77,3481000,2020-09-26T01:06:59Z
BA,2008-06-17,55.03,55.86,54.61,55.6,8789639,74.38,75.5,73.81,75.14,6503600,2020-09-26T01:06:59Z
BA,2008-06-18,55.23,56.48,54.29,54.29,15589865,74.65,76.34,73.37,73.37,11535200,2020-09-26T01:06:59Z
BA,2008-06-19,56.94,57.13,55.26,55.53,10189797,76.95,77.21,74.68,75.05,7539600,2020-09-26T01:06:59Z
BA,2008-06-20,56.11,57.57,55.98,57.57,11985945,75.83,77.8,75.66,77.8,8868600,2020-09-26T01:06:59Z
BA,2008-06-23,55.93,56.59,55.58,56.46,5455344,75.59,76.48,75.12,76.3,4036500,2020-09-26T01:06:59Z
BA,2008-06-24,55.34,55.95,54.85,55.67,6689537,74.79,75.61,74.13,75.24,4949700,2020-09-26T01:06:59Z
BA,2008-06-25,51.53,53.86,51.17,53.46,28549298,69.64,72.79,69.16,72.25,21124100,2020-09-26T01:06:59Z
BA,2008-06-26,50.47,52.08,50.35,50.87,14845727,68.21,70.39,68.05,68.75,10984600,2020-09-26T01:06:59Z
BA,2008-06-27,49.52,50.26,49.12,50.12,14014417,66.92,67.93,66.38,67.74,10369500,2020-09-26T01:06:59Z
BA,2008-06-30,48.63,49.39,48.5,49.3,11578737,65.72,66.75,65.55,66.63,8567300,2020-09-26T01:06:59Z
BA,2008-07-01,48.43,49,47.77,48.07,13188513,65.45,66.22,64.56,64.97,9758400,2020-09-26T01:06:59Z
BA,2008-07-02,47.28,48.83,47.28,48.7,13699787,63.9,65.99,63.9,65.82,10136700,2020-09-26T01:06:59Z
BA,2008-07-03,47.7,47.8,47.01,47.36,5486023,64.47,64.6,63.54,64.01,4059200,2020-09-26T01:06:59Z
BA,2008-07-07,47.57,48.6,47.04,47.84,8345940,64.29,65.69,63.57,64.65,6175300,2020-09-26T01:06:59Z
BA,2008-07-08,48.78,48.83,47.51,47.67,9041559,65.92,66,64.21,64.43,6690000,2020-09-26T01:06:59Z
BA,2008-07-09,48.53,49.74,48.33,48.88,12994437,65.59,67.23,65.32,66.06,9614800,2020-09-26T01:06:59Z
BA,2008-07-10,48.83,49.2,48.1,48.8,9872599,65.99,66.5,65.01,65.95,7304900,2020-09-26T01:06:59Z
BA,2008-07-11,46.82,48.35,46.51,48.35,13228112,63.28,65.35,62.86,65.35,9787700,2020-09-26T01:06:59Z
BA,2008-07-14,46.76,47.65,46.34,47.65,7494898,63.19,64.4,62.63,64.4,5545600,2020-09-26T01:06:59Z
BA,2008-07-15,47.27,47.62,45.89,45.92,10710801,63.88,64.36,62.02,62.06,7925100,2020-09-26T01:06:59Z
BA,2008-07-16,48.52,48.6,46.98,47.29,7627886,65.58,65.68,63.5,63.91,5644000,2020-09-26T01:06:59Z
BA,2008-07-17,49.52,49.74,48.13,48.69,9602568,66.92,67.22,65.05,65.8,7105100,2020-09-26T01:06:59Z
BA,2008-07-18,50.42,50.57,49.23,49.66,11422909,68.14,68.34,66.54,67.11,8452000,2020-09-26T01:06:59Z
BA,2008-07-21,50.49,50.99,49.8,50.68,6792116,68.24,68.91,67.3,68.5,5025600,2020-09-26T01:06:59Z
BA,2008-07-22,51.25,51.42,50.14,50.74,8330263,69.26,69.5,67.76,68.58,6163700,2020-09-26T01:06:59Z
BA,2008-07-23,49.37,50.32,48.55,49.81,14938710,66.72,68.01,65.62,67.32,11053400,2020-09-26T01:06:59Z
BA,2008-07-24,46.27,48.9,45.91,48.54,19019034,62.53,66.09,62.05,65.6,14072500,2020-09-26T01:06:59Z
BA,2008-07-25,47.23,47.46,46.13,46.62,12396937,63.83,64.14,62.34,63,9172700,2020-09-26T01:06:59Z
BA,2008-07-28,46.13,47.4,46.07,47.22,8450952,62.34,64.06,62.26,63.82,6253000,2020-09-26T01:06:59Z
BA,2008-07-29,46.77,46.98,46.11,46.35,7596261,63.21,63.5,62.32,62.64,5620600,2020-09-26T01:06:59Z
BA,2008-07-30,47.22,47.3,46.62,47.05,8123753,63.82,63.93,63,63.59,6010900,2020-09-26T01:06:59Z
BA,2008-07-31,45.22,46.62,45.14,46.62,14305936,61.11,63,61.01,63,10585200,2020-09-26T01:06:59Z
BA,2008-08-01,45.88,46.08,44.97,45.42,9483096,62.01,62.28,60.77,61.39,7016700,2020-09-26T01:06:59Z
BA,2008-08-04,45.4,46.12,45.23,45.93,8209573,61.36,62.33,61.13,62.08,6074400,2020-09-26T01:06:59Z
BA,2008-08-05,48.24,48.6,45.77,45.78,12083929,65.2,65.68,61.86,61.87,8941100,2020-09-26T01:06:59Z
BA,2008-08-06,48.69,49.15,47.65,48.32,8381510,65.4,66.02,64,64.9,6239900,2020-09-26T01:06:59Z
BA,2008-08-07,48.16,49.27,48.13,48.44,9925264,64.69,66.18,64.65,65.06,7389200,2020-09-26T01:06:59Z
BA,2008-08-08,50.52,51.18,47.88,48.3,13551131,67.86,68.75,64.31,64.87,10088600,2020-09-26T01:06:59Z
BA,2008-08-11,49.6,50.55,49.29,50.54,9234718,66.62,67.9,66.21,67.89,6875100,2020-09-26T01:06:59Z
BA,2008-08-12,49.08,49.84,48.82,49.8,8626377,65.93,66.95,65.57,66.89,6422200,2020-09-26T01:06:59Z
BA,2008-08-13,47.84,49.31,47.65,49.19,12075343,64.26,66.23,64,66.07,8989900,2020-09-26T01:06:59Z
BA,2008-08-14,48.22,48.71,47.24,47.29,12567765,64.77,65.43,63.45,63.52,9356500,2020-09-26T01:06:59Z
BA,2008-08-15,47.98,48.64,47.51,48.2,10305796,64.45,65.33,63.82,64.75,7672500,2020-09-26T01:06:59Z
BA,2008-08-18,47.38,48.55,47.04,48.18,6594903,63.64,65.22,63.18,64.71,4909800,2020-09-26T01:06:59Z
BA,2008-08-19,46.87,47.79,46.62,47.26,10881765,62.95,64.19,62.62,63.48,8101300,2020-09-26T01:06:59Z
BA,2008-08-20,47.06,47.62,46.31,46.9,5324896,63.21,63.97,62.21,62.99,3964300,2020-09-26T01:06:59Z
BA,2008-08-21,47.31,47.49,46.31,46.88,5437860,63.55,63.79,62.21,62.97,4048400,2020-09-26T01:06:59Z
BA,2008-08-22,48.8,48.92,47.28,47.6,7375175,65.55,65.71,63.51,63.94,5490700,2020-09-26T01:06:59Z
BA,2008-08-25,47.7,48.76,47.33,48.32,6149494,64.07,65.49,63.58,64.91,4578200,2020-09-26T01:06:59Z
BA,2008-08-26,47.24,47.94,46.81,47.71,6029411,63.46,64.39,62.87,64.09,4488800,2020-09-26T01:06:59Z
BA,2008-08-27,48.03,48.54,47.05,47.28,5416234,64.52,65.2,63.2,63.51,4032300,2020-09-26T01:06:59Z
BA,2008-08-28,49.39,49.87,47.84,48.23,5975279,66.34,66.98,64.26,64.78,4448500,2020-09-26T01:06:59Z
BA,2008-08-29,48.81,49.46,48.47,49.32,5255855,65.56,66.43,65.1,66.25,3912900,2020-09-26T01:06:59Z
BA,2008-09-02,49.04,50.98,48.71,49.88,8682658,65.87,68.47,65.43,67,6464100,2020-09-26T01:06:59Z
BA,2008-09-03,49.19,49.94,47.75,48.91,7056162,66.07,67.08,64.14,65.69,5253200,2020-09-26T01:06:59Z
BA,2008-09-04,46.92,48.62,46.19,48.4,15086556,63.03,65.3,62.04,65.01,11231700,2020-09-26T01:06:59Z
BA,2008-09-05,46.82,47.27,46.08,46.55,7535017,62.89,63.49,61.89,62.52,5609700,2020-09-26T01:06:59Z
BA,2008-09-08,47.58,47.7,46.05,46.51,11162496,63.91,64.07,61.86,62.47,8310300,2020-09-26T01:06:59Z
BA,2008-09-09,47.66,48.55,47.59,47.59,10413521,64.02,65.22,63.92,63.92,7752700,2020-09-26T01:06:59Z
BA,2008-09-10,45.94,47.51,45.84,47.33,12275213,61.71,63.81,61.58,63.58,9138700,2020-09-26T01:06:59Z
BA,2008-09-11,46.58,46.69,45.51,45.51,8194937,62.57,62.71,61.13,61.13,6101000,2020-09-26T01:06:59Z
BA,2008-09-12,47.13,47.22,45.94,46.44,6829428,63.3,63.42,61.7,62.38,5084400,2020-09-26T01:06:59Z
BA,2008-09-15,46.34,46.75,45.41,46.02,13201224,62.25,62.8,61,61.81,9828100,2020-09-26T01:06:59Z
BA,2008-09-16,45.95,46.9,44.79,45.43,11393932,61.72,63,60.16,61.02,8482600,2020-09-26T01:06:59Z
BA,2008-09-17,42.44,45.41,42.01,45.32,19816946,57,61,56.43,60.88,14753400,2020-09-26T01:06:59Z
BA,2008-09-18,43.26,43.67,40.35,42.95,18846476,58.11,58.66,54.2,57.69,14030900,2020-09-26T01:06:59Z
BA,2008-09-19,44.49,45.41,42.88,45.22,14592389,59.76,61,57.6,60.74,10863800,2020-09-26T01:06:59Z
BA,2008-09-22,43.78,44.97,43.37,44.17,8103733,58.81,60.41,58.26,59.33,6033100,2020-09-26T01:06:59Z
BA,2008-09-23,42.67,44.96,42.58,43.86,8912079,57.31,60.39,57.19,58.91,6634900,2020-09-26T01:06:59Z
BA,2008-09-24,42.7,43.83,42.38,42.84,7366175,57.36,58.87,56.93,57.54,5484000,2020-09-26T01:06:59Z
BA,2008-09-25,42.75,43.33,42.29,42.93,8573455,57.42,58.2,56.8,57.67,6382800,2020-09-26T01:06:59Z
BA,2008-09-26,43.42,43.55,41.7,42.24,7879820,58.32,58.5,56.01,56.74,5866400,2020-09-26T01:06:59Z
BA,2008-09-29,41.3,43.14,40.76,42.81,12599465,55.47,57.95,54.75,57.5,9380100,2020-09-26T01:06:59Z
BA,2008-09-30,42.7,42.92,41.41,41.91,8612811,57.35,57.65,55.62,56.29,6412100,2020-09-26T01:06:59Z
BA,2008-10-01,42.15,43.18,41.22,42.26,8357063,56.62,58,55.37,56.76,6221700,2020-09-26T01:06:59Z
BA,2008-10-02,39.89,42.41,39.71,41.94,10917763,53.58,56.97,53.34,56.33,8128100,2020-09-26T01:06:59Z
BA,2008-10-03,40.08,41.99,40.02,40.2,12508664,53.83,56.4,53.76,54,9312500,2020-09-26T01:06:59Z
BA,2008-10-06,38.18,39.46,35.65,38.45,16694113,51.29,53,47.88,51.65,12428500,2020-09-26T01:06:59Z
BA,2008-10-07,36.69,39.13,36.26,38.56,14678489,49.28,52.56,48.71,51.79,10927900,2020-09-26T01:06:59Z
BA,2008-10-08,35.51,37.22,35.12,36.24,15969718,47.7,50,47.18,48.68,11889200,2020-09-26T01:06:59Z
BA,2008-10-09,33.06,36.44,33.06,35.61,16442663,44.41,48.94,44.41,47.83,12241300,2020-09-26T01:06:59Z
BA,2008-10-10,31.12,32.94,29.78,30.29,27301728,41.8,44.25,40,40.68,20325700,2020-09-26T01:06:59Z
BA,2008-10-13,35.05,35.22,31.64,32.44,19195980,47.08,47.31,42.5,43.57,14291100,2020-09-26T01:06:59Z
BA,2008-10-14,33.55,36.83,32.47,36.2,16781958,45.07,49.47,43.61,48.63,12493900,2020-09-26T01:06:59Z
BA,2008-10-15,31.51,33.86,30.93,33.13,13630111,42.33,45.48,41.54,44.5,10147400,2020-09-26T01:06:59Z
BA,2008-10-16,33.35,33.5,29.77,31.57,15785295,44.79,45,39.99,42.4,11751900,2020-09-26T01:06:59Z
BA,2008-10-17,33.17,34.86,32.17,32.75,13492567,44.55,46.82,43.21,43.99,10045000,2020-09-26T01:06:59Z
BA,2008-10-20,34.77,34.82,32.55,32.77,10489278,46.71,46.77,43.72,44.02,7809100,2020-09-26T01:06:59Z
BA,2008-10-21,34.54,35.5,33.9,34.4,9881878,46.4,47.69,45.53,46.2,7356900,2020-09-26T01:06:59Z
BA,2008-10-22,31.95,33.43,31.12,32.91,13561876,42.91,44.9,41.8,44.2,10096600,2020-09-26T01:06:59Z
BA,2008-10-23,34.63,34.85,31.87,32.38,18768166,46.52,46.81,42.81,43.49,13972600,2020-09-26T01:06:59Z
BA,2008-10-24,33.68,35.17,31.08,31.24,13153271,45.24,47.24,41.75,41.96,9792400,2020-09-26T01:06:59Z
BA,2008-10-27,31.54,34.34,31.46,33.87,12408863,42.36,46.13,42.26,45.49,9238200,2020-09-26T01:06:59Z
BA,2008-10-28,36.41,36.52,32.48,34.58,19331242,48.91,49.05,43.63,46.45,14391800,2020-09-26T01:06:59Z
BA,2008-10-29,37.08,39.32,36.34,36.41,17241204,49.8,52.82,48.81,48.91,12835800,2020-09-26T01:06:59Z
BA,2008-10-30,37.75,39.31,36.17,38.92,12839765,50.7,52.8,48.58,52.28,9559000,2020-09-26T01:06:59Z
BA,2008-10-31,39.03,39.17,36.69,37.69,11311862,52.42,52.61,49.28,50.62,8421500,2020-09-26T01:06:59Z
BA,2008-11-03,39.35,39.59,37.84,38.36,11299504,52.85,53.18,50.82,51.53,8412300,2020-09-26T01:06:59Z
BA,2008-11-04,39.92,40.69,39.25,40.24,12477232,53.62,54.65,52.72,54.05,9289100,2020-09-26T01:06:59Z
BA,2008-11-05,37.17,39.45,36.75,39.38,13334720,49.55,52.59,49,52.5,10002100,2020-09-26T01:06:59Z
BA,2008-11-06,34.29,37.68,34.02,36.75,18292994,45.72,50.23,45.35,49,13721200,2020-09-26T01:06:59Z
BA,2008-11-07,34.94,35.48,34.02,35.1,9533256,46.58,47.3,45.35,46.8,7150700,2020-09-26T01:06:59Z
BA,2008-11-10,34.61,36.24,34.2,35.66,7130444,46.14,48.31,45.59,47.54,5348400,2020-09-26T01:06:59Z
BA,2008-11-11,32.98,34.13,32.07,34.13,10569546,43.97,45.5,42.75,45.5,7928000,2020-09-26T01:06:59Z
BA,2008-11-12,31.89,33.07,31.5,32.41,10318373,42.52,44.09,42,43.21,7739600,2020-09-26T01:06:59Z
BA,2008-11-13,32.37,32.49,29.31,31.78,18662154,43.16,43.32,39.07,42.37,13998100,2020-09-26T01:06:59Z
BA,2008-11-14,30.78,32.82,30.6,31.51,11877941,41.04,43.76,40.8,42.01,8909400,2020-09-26T01:06:59Z
BA,2008-11-17,30.89,32.1,30.38,30.46,9399004,41.18,42.8,40.5,40.61,7050000,2020-09-26T01:06:59Z
BA,2008-11-18,29.67,30.57,28.54,30.06,16277074,39.56,40.76,38.05,40.08,12209100,2020-09-26T01:06:59Z
BA,2008-11-19,28.11,30.1,28.09,29.67,14150900,37.48,40.13,37.45,39.56,10614300,2020-09-26T01:06:59Z
BA,2008-11-20,27.84,29.81,27.54,27.76,17873038,37.11,39.74,36.72,37.01,13406200,2020-09-26T01:06:59Z
BA,2008-11-21,29.69,29.95,27.13,28.29,17677592,39.58,39.93,36.17,37.71,13259600,2020-09-26T01:06:59Z
BA,2008-11-24,30.57,30.94,29.17,29.98,12909165,40.75,41.25,38.89,39.97,9682900,2020-09-26T01:06:59Z
BA,2008-11-25,30.14,30.6,29.66,30.38,12823440,40.18,40.8,39.54,40.5,9618600,2020-09-26T01:06:59Z
BA,2008-11-26,30.96,31.01,29.27,29.48,8340982,41.28,41.34,39.02,39.3,6256400,2020-09-26T01:06:59Z
BA,2008-11-28,31.98,32.1,30.83,30.96,3478431,42.63,42.8,41.1,41.27,2609100,2020-09-26T01:06:59Z
BA,2008-12-01,29.91,31.5,29.81,31.08,10535950,39.88,42,39.74,41.43,7902800,2020-09-26T01:06:59Z
BA,2008-12-02,30.53,30.75,29.44,30.26,8038214,40.7,41,39.25,40.34,6029300,2020-09-26T01:06:59Z
BA,2008-12-03,30.36,30.83,29.37,30.18,10675535,40.47,41.1,39.15,40.23,8007500,2020-09-26T01:06:59Z
BA,2008-12-04,29.4,31,28.88,29.88,9660576,39.19,41.33,38.5,39.84,7246200,2020-09-26T01:06:59Z
BA,2008-12-05,29.65,29.68,27.21,28.5,14084773,39.53,39.57,36.28,38,10564700,2020-09-26T01:06:59Z
BA,2008-12-08,32.14,32.77,30.03,30.27,17460148,42.85,43.69,40.04,40.35,13096500,2020-09-26T01:06:59Z
BA,2008-12-09,30.62,31.83,30.49,31.18,11080425,40.82,42.44,40.65,41.57,8311200,2020-09-26T01:06:59Z
BA,2008-12-10,31.26,32.02,30.71,31.12,6907667,41.68,42.69,40.94,41.49,5181300,2020-09-26T01:06:59Z
BA,2008-12-11,30.21,31.51,30.02,30.49,10255046,40.27,42.01,40.02,40.65,7692100,2020-09-26T01:06:59Z
BA,2008-12-12,29.4,29.81,28.65,29.67,13784272,39.2,39.74,38.2,39.56,10339300,2020-09-26T01:06:59Z
BA,2008-12-15,29.06,29.91,28.65,29.7,10969370,38.74,39.88,38.2,39.6,8227900,2020-09-26T01:06:59Z
BA,2008-12-16,31.43,31.5,28.65,29.41,14722439,41.9,42,38.2,39.21,11043000,2020-09-26T01:06:59Z
BA,2008-12-17,30.77,31.13,30.12,30.87,9741634,41.02,41.5,40.15,41.16,7307000,2020-09-26T01:06:59Z
BA,2008-12-18,30.81,31.32,30.52,30.99,11535444,41.07,41.75,40.69,41.31,8652500,2020-09-26T01:06:59Z
BA,2008-12-19,30.93,31.8,30.75,30.99,13203667,41.24,42.39,41,41.32,9903800,2020-09-26T01:06:59Z
BA,2008-12-22,30.84,31.17,30,30.49,7195370,41.12,41.56,40,40.65,5397100,2020-09-26T01:06:59Z
BA,2008-12-23,30.12,31.13,29.88,30.94,7037387,40.15,41.5,39.83,41.25,5278600,2020-09-26T01:06:59Z
BA,2008-12-24,30.09,30.6,30.03,30.18,2343884,40.12,40.79,40.04,40.24,1758100,2020-09-26T01:06:59Z
BA,2008-12-26,30.4,30.52,29.82,29.82,3737337,40.53,40.69,39.76,39.76,2803300,2020-09-26T01:06:59Z
BA,2008-12-29,30,30.42,29.63,30.29,5168385,39.99,40.55,39.5,40.38,3876700,2020-09-26T01:06:59Z
BA,2008-12-30,30.94,31.01,29.86,30.06,6066023,41.25,41.34,39.81,40.08,4550000,2020-09-26T01:06:59Z
BA,2008-12-31,32.01,32.29,31.13,31.2,7256564,42.67,43.05,41.5,41.59,5443000,2020-09-26T01:06:59Z
BA,2009-01-02,33.94,34.17,32.09,32.1,9352875,45.25,45.56,42.78,42.8,7015400,2020-09-26T01:06:59Z
BA,2009-01-05,34.63,35.11,33.6,34.13,9222089,46.17,46.81,44.8,45.5,6917300,2020-09-26T01:06:59Z
BA,2009-01-06,34.74,35.25,34.13,35.14,9573252,46.31,47,45.5,46.85,7180700,2020-09-26T01:06:59Z
BA,2009-01-07,33.57,34.21,33.13,33.83,8781069,44.76,45.61,44.17,45.1,6586500,2020-09-26T01:06:59Z
BA,2009-01-08,33.6,33.68,32.91,33.38,7301759,44.79,44.9,43.88,44.5,5476900,2020-09-26T01:06:59Z
BA,2009-01-09,33.34,33.87,32.95,33.6,7525869,44.45,45.15,43.93,44.8,5645000,2020-09-26T01:06:59Z
BA,2009-01-12,32.81,33.34,32.4,33.21,6651561,43.74,44.45,43.19,44.28,4989200,2020-09-26T01:06:59Z
BA,2009-01-13,31.85,32.72,31.35,32.54,8478168,42.46,43.62,41.8,43.38,6359300,2020-09-26T01:06:59Z
BA,2009-01-14,30.9,31.49,30.66,31.41,9805360,41.2,41.98,40.87,41.88,7354800,2020-09-26T01:06:59Z
BA,2009-01-15,30.72,31.2,29.64,30.81,11293336,40.96,41.6,39.51,41.07,8470900,2020-09-26T01:06:59Z
BA,2009-01-16,31.85,32.29,30.78,31.09,12412951,42.46,43.05,41.04,41.45,9310700,2020-09-26T01:06:59Z
BA,2009-01-20,30.27,32.06,30.15,31.56,12848105,40.36,42.74,40.2,42.08,9637100,2020-09-26T01:06:59Z
BA,2009-01-21,31.71,31.8,30,30.57,9243020,42.27,42.4,40,40.75,6933000,2020-09-26T01:06:59Z
BA,2009-01-22,31.7,32.07,30.88,31.3,8786668,42.26,42.75,41.17,41.73,6590700,2020-09-26T01:06:59Z
BA,2009-01-23,31.49,32.13,30.69,30.69,7673186,41.98,42.84,40.91,40.91,5755500,2020-09-26T01:06:59Z
BA,2009-01-26,32.26,32.83,31.55,31.85,6212141,43.01,43.77,42.06,42.46,4659600,2020-09-26T01:06:59Z
BA,2009-01-27,32.42,32.97,32.16,32.47,6957795,43.22,43.96,42.88,43.29,5218900,2020-09-26T01:06:59Z
BA,2009-01-28,32.43,33.3,32.07,32.61,10760859,43.24,44.4,42.76,43.47,8071500,2020-09-26T01:06:59Z
BA,2009-01-29,30.54,32.07,30.28,32.07,11260673,40.71,42.76,40.37,42.76,8446400,2020-09-26T01:06:59Z
BA,2009-01-30,31.74,31.87,30.48,30.57,12129647,42.31,42.49,40.63,40.76,9098200,2020-09-26T01:06:59Z
BA,2009-02-02,30.6,31.3,30.09,31.3,10810587,40.8,41.73,40.11,41.73,8108800,2020-09-26T01:06:59Z
BA,2009-02-03,31.57,31.83,30.57,31.09,9627246,42.09,42.43,40.76,41.45,7221200,2020-09-26T01:06:59Z
BA,2009-02-04,31.8,32.56,31.59,31.91,8881794,41.97,42.97,41.69,42.12,6729200,2020-09-26T01:06:59Z
BA,2009-02-05,32.37,32.66,30.77,31.63,11906715,42.72,43.11,40.62,41.75,9021000,2020-09-26T01:06:59Z
BA,2009-02-06,32.52,33.09,32.01,32.22,8360306,42.92,43.67,42.25,42.52,6334100,2020-09-26T01:06:59Z
BA,2009-02-09,32.43,32.9,32.15,32.43,6715989,42.8,43.42,42.44,42.8,5088300,2020-09-26T01:06:59Z
BA,2009-02-10,30.46,32,30.32,31.28,13197698,40.21,42.23,40.02,41.29,9999100,2020-09-26T01:06:59Z
BA,2009-02-11,30.56,30.88,30.2,30.69,8604618,40.33,40.76,39.86,40.51,6519200,2020-09-26T01:06:59Z
BA,2009-02-12,30.2,30.3,29.23,29.99,7957344,39.86,39.99,38.58,39.58,6028800,2020-09-26T01:06:59Z
BA,2009-02-13,30.67,31.21,30.22,30.22,7237477,40.48,41.19,39.89,39.89,5483400,2020-09-26T01:06:59Z
BA,2009-02-17,29.12,30.11,29.02,29.92,9172302,38.43,39.74,38.3,39.49,6949300,2020-09-26T01:06:59Z
BA,2009-02-18,28.78,29.37,28.61,29.37,8347503,37.98,38.77,37.76,38.77,6324400,2020-09-26T01:06:59Z
BA,2009-02-19,28.46,29.32,28.35,28.97,7216359,37.57,38.7,37.42,38.24,5467400,2020-09-26T01:06:59Z
BA,2009-02-20,27.51,28.18,26.76,27.83,13989235,36.31,37.2,35.32,36.73,10598800,2020-09-26T01:06:59Z
BA,2009-02-23,26.11,27.87,26.02,27.83,12564811,34.46,36.79,34.35,36.73,9519600,2020-09-26T01:06:59Z
BA,2009-02-24,26.85,27.15,25.68,26.09,14275651,35.44,35.83,33.89,34.44,10815800,2020-09-26T01:06:59Z
BA,2009-02-25,25.69,26.72,25.17,26.72,15422106,33.91,35.27,33.22,35.27,11684400,2020-09-26T01:06:59Z
BA,2009-02-26,24.78,26.23,24.73,26.14,11578195,32.71,34.62,32.64,34.5,8772100,2020-09-26T01:06:59Z
BA,2009-02-27,23.82,24.52,23.79,24.47,15562674,31.44,32.37,31.4,32.3,11790900,2020-09-26T01:06:59Z
BA,2009-03-02,22.36,23.49,22.21,23.46,18421816,29.51,31,29.32,30.96,13957100,2020-09-26T01:06:59Z
BA,2009-03-03,22.24,22.81,22.01,22.5,13772377,29.36,30.11,29.05,29.7,10434500,2020-09-26T01:06:59Z
BA,2009-03-04,22.96,23.32,22.05,22.62,15346873,30.31,30.78,29.11,29.86,11627400,2020-09-26T01:06:59Z
BA,2009-03-05,22.27,22.74,22.02,22.14,15412867,29.39,30.02,29.07,29.22,11677400,2020-09-26T01:06:59Z
BA,2009-03-06,22.8,22.88,22.27,22.43,17336604,30.1,30.2,29.39,29.61,13134900,2020-09-26T01:06:59Z
BA,2009-03-09,23.49,23.84,22.7,22.71,16375990,31,31.46,29.96,29.98,12407100,2020-09-26T01:06:59Z
BA,2009-03-10,25.01,25.02,23.73,23.8,15181227,33.01,33.02,31.32,31.42,11501900,2020-09-26T01:06:59Z
BA,2009-03-11,25.21,25.53,24.54,24.69,14285154,33.27,33.7,32.39,32.59,10823000,2020-09-26T01:06:59Z
BA,2009-03-12,25.48,25.57,24.54,25.01,8095008,33.63,33.75,32.39,33.01,6133100,2020-09-26T01:06:59Z
BA,2009-03-13,25.31,25.84,24.95,25.55,9811920,33.4,34.1,32.93,33.72,7433900,2020-09-26T01:06:59Z
BA,2009-03-16,25.63,26.49,25.29,25.56,9446575,33.83,34.96,33.38,33.74,7157100,2020-09-26T01:06:59Z
BA,2009-03-17,26.09,26.09,25.2,25.7,6956869,34.44,34.44,33.26,33.92,5270800,2020-09-26T01:06:59Z
BA,2009-03-18,25.57,26.33,24.62,25.98,20960358,33.75,34.75,32.5,34.29,15880400,2020-09-26T01:06:59Z
BA,2009-03-19,25.15,25.85,24.98,25.65,13762742,33.19,34.12,32.97,33.86,10427200,2020-09-26T01:06:59Z
BA,2009-03-20,24.66,25.38,24.65,25.17,14944966,32.55,33.5,32.54,33.22,11322900,2020-09-26T01:06:59Z
BA,2009-03-23,26.9,26.9,25.04,25.23,10854896,35.5,35.5,33.05,33.3,8224100,2020-09-26T01:06:59Z
BA,2009-03-24,27.35,27.82,26.38,26.43,11177344,36.1,36.72,34.82,34.88,8468400,2020-09-26T01:06:59Z
BA,2009-03-25,28.08,28.63,27.25,27.3,16427465,37.06,37.79,35.97,36.03,12446100,2020-09-26T01:06:59Z
BA,2009-03-26,29.29,29.3,27.96,28.27,12598601,38.66,38.68,36.91,37.32,9545200,2020-09-26T01:06:59Z
BA,2009-03-27,28.43,29.15,28.09,28.96,9673331,37.53,38.47,37.07,38.23,7328900,2020-09-26T01:06:59Z
BA,2009-03-30,26.91,28.02,26.6,27.75,14299277,35.52,36.98,35.11,36.63,10833700,2020-09-26T01:06:59Z
BA,2009-03-31,26.96,27.46,26.55,27.2,15246825,35.58,36.24,35.05,35.9,11551600,2020-09-26T01:06:59Z
BA,2009-04-01,26.85,26.97,25.92,26.15,12260049,35.44,35.6,34.21,34.52,9288700,2020-09-26T01:06:59Z
BA,2009-04-02,28.18,28.77,27.4,27.4,12471891,37.2,37.98,36.16,36.16,9449200,2020-09-26T01:06:59Z
BA,2009-04-03,28.56,28.88,27.57,28.21,11339427,37.69,38.12,36.39,37.23,8591200,2020-09-26T01:06:59Z
BA,2009-04-06,28.91,28.96,27.68,28.4,9754241,38.16,38.22,36.54,37.48,7390200,2020-09-26T01:06:59Z
BA,2009-04-07,27.76,28.55,27.66,28.42,7942561,36.64,37.69,36.51,37.51,6017600,2020-09-26T01:06:59Z
BA,2009-04-08,27.93,28.15,27.46,27.65,5909405,36.87,37.16,36.24,36.5,4477200,2020-09-26T01:06:59Z
BA,2009-04-09,29.66,29.68,28.55,28.55,11967166,39.15,39.18,37.68,37.68,9066800,2020-09-26T01:06:59Z
BA,2009-04-13,28.15,28.4,27.13,28.01,12580122,37.15,37.48,35.81,36.97,9531200,2020-09-26T01:06:59Z
BA,2009-04-14,28.06,28.41,27.5,27.66,7715276,37.04,37.5,36.3,36.51,5845400,2020-09-26T01:06:59Z
BA,2009-04-15,28.46,28.82,27.74,27.75,7196164,37.57,38.04,36.61,36.63,5452100,2020-09-26T01:06:59Z
BA,2009-04-16,29.09,29.36,28.03,28.5,8478700,38.39,38.75,37,37.62,6423800,2020-09-26T01:06:59Z
BA,2009-04-17,29.03,29.38,28.93,29.21,8120350,38.32,38.78,38.18,38.55,6152300,2020-09-26T01:06:59Z
BA,2009-04-20,27.64,28.68,27.55,28.52,9261526,36.48,37.86,36.36,37.65,7016900,2020-09-26T01:06:59Z
BA,2009-04-21,27.77,27.77,27.23,27.77,9705009,36.65,36.66,35.94,36.66,7352900,2020-09-26T01:06:59Z
BA,2009-04-22,28.26,29.03,27.68,28.68,15344893,37.3,38.32,36.54,37.85,11625900,2020-09-26T01:06:59Z
BA,2009-04-23,28.74,28.88,27.73,28.25,8448079,37.93,38.12,36.6,37.29,6400600,2020-09-26T01:06:59Z
BA,2009-04-24,29.34,29.56,28.6,28.87,11022258,38.72,39.01,37.75,38.1,8350900,2020-09-26T01:06:59Z
BA,2009-04-27,29.9,30.19,28.58,28.78,11280296,39.47,39.85,37.72,37.99,8546400,2020-09-26T01:06:59Z
BA,2009-04-28,29.43,29.87,29.03,29.63,8748354,38.85,39.42,38.32,39.11,6628100,2020-09-26T01:06:59Z
BA,2009-04-29,30.72,30.86,29.56,29.62,10263718,40.55,40.73,39.02,39.09,7776200,2020-09-26T01:06:59Z
BA,2009-04-30,30.34,31.62,30.23,31.13,9284360,40.05,41.74,39.9,41.09,7034200,2020-09-26T01:06:59Z
BA,2009-05-01,31.22,31.34,30.37,30.59,7270870,41.21,41.37,40.09,40.38,5508700,2020-09-26T01:06:59Z
BA,2009-05-04,31.96,31.96,31.45,31.75,6955549,42.18,42.18,41.51,41.9,5269800,2020-09-26T01:06:59Z
BA,2009-05-05,32.69,32.77,31.76,31.76,10142024,43.15,43.25,41.92,41.92,7684000,2020-09-26T01:06:59Z
BA,2009-05-06,33.82,33.82,32.96,33.13,10365623,44.2,44.21,43.08,43.3,7930600,2020-09-26T01:06:59Z
BA,2009-05-07,33.3,34.14,32.71,34.02,9288621,43.53,44.62,42.75,44.47,7106600,2020-09-26T01:06:59Z
BA,2009-05-08,35.06,35.07,33.49,33.63,9791048,45.83,45.84,43.77,43.96,7491000,2020-09-26T01:06:59Z
BA,2009-05-11,34.21,34.89,34.07,34.63,12542109,44.72,45.6,44.53,45.26,9595800,2020-09-26T01:06:59Z
BA,2009-05-12,33.74,34.48,33.12,34.08,9238954,44.1,45.07,43.29,44.54,7068600,2020-09-26T01:06:59Z
BA,2009-05-13,32.86,33.22,32.42,33.04,8265207,42.95,43.42,42.38,43.18,6323600,2020-09-26T01:06:59Z
BA,2009-05-14,33.24,33.52,32.68,32.85,6863928,43.44,43.81,42.72,42.94,5251500,2020-09-26T01:06:59Z
BA,2009-05-15,32.9,33.66,32.68,33.1,6782107,43,43.99,42.71,43.27,5188900,2020-09-26T01:06:59Z
BA,2009-05-18,33.95,34.07,33.52,33.85,9525457,44.37,44.53,43.81,44.25,7287800,2020-09-26T01:06:59Z
BA,2009-05-19,34.14,34.48,33.59,33.94,6263343,44.62,45.06,43.9,44.36,4792000,2020-09-26T01:06:59Z
BA,2009-05-20,34.11,34.99,34.08,34.47,6187665,44.58,45.74,44.54,45.05,4734100,2020-09-26T01:06:59Z
BA,2009-05-21,33.12,33.66,32.67,33.66,7561104,43.29,44,42.7,43.99,5784900,2020-09-26T01:06:59Z
BA,2009-05-22,32.85,33.37,32.79,33.26,3857733,42.94,43.61,42.86,43.47,2951500,2020-09-26T01:06:59Z
BA,2009-05-26,33.79,33.92,32.53,32.6,6167144,44.16,44.33,42.52,42.61,4718400,2020-09-26T01:06:59Z
BA,2009-05-27,33.33,33.92,33.24,33.58,6041407,43.57,44.33,43.45,43.89,4622200,2020-09-26T01:06:59Z
BA,2009-05-28,33.91,34.01,33.04,33.66,5959455,44.32,44.45,43.19,43.99,4559500,2020-09-26T01:06:59Z
BA,2009-05-29,34.31,34.49,33.63,34.13,7080636,44.85,45.08,43.95,44.61,5417300,2020-09-26T01:06:59Z
BA,2009-06-01,36.49,36.58,34.84,34.84,9045250,47.7,47.81,45.54,45.54,6920400,2020-09-26T01:06:59Z
BA,2009-06-02,37.64,37.82,36.2,36.49,9741772,49.2,49.43,47.31,47.7,7453300,2020-09-26T01:06:59Z
BA,2009-06-03,37.01,37.64,36.56,37.27,6143095,48.37,49.2,47.79,48.71,4700000,2020-09-26T01:06:59Z
BA,2009-06-04,38.69,38.95,37.16,37.21,9554735,50.57,50.91,48.57,48.63,7310200,2020-09-26T01:06:59Z
BA,2009-06-05,40.28,40.75,39.91,39.91,17937838,52.65,53.26,52.16,52.16,13724000,2020-09-26T01:06:59Z
BA,2009-06-08,40.42,40.8,39.12,40.16,10401567,52.83,53.33,51.13,52.49,7958100,2020-09-26T01:06:59Z
BA,2009-06-09,40.05,40.85,39.26,40.85,10101339,52.35,53.39,51.31,53.39,7728400,2020-09-26T01:06:59Z
BA,2009-06-10,40.01,40.7,39.1,40.41,8569095,52.3,53.2,51.1,52.82,6556100,2020-09-26T01:06:59Z
BA,2009-06-11,38.76,40.22,38.62,39.65,15492624,50.66,52.57,50.48,51.83,11853200,2020-09-26T01:06:59Z
BA,2009-06-12,39.36,39.45,38.34,38.84,7158143,51.44,51.56,50.11,50.76,5476600,2020-09-26T01:06:59Z
BA,2009-06-15,37.89,39.09,37.51,38.96,8317228,49.52,51.09,49.02,50.92,6363400,2020-09-26T01:06:59Z
BA,2009-06-16,37.36,38.37,37.26,37.92,7483597,48.83,50.15,48.7,49.57,5725600,2020-09-26T01:06:59Z
BA,2009-06-17,37.14,37.61,36.76,37.15,6366337,48.55,49.16,48.05,48.55,4870800,2020-09-26T01:06:59Z
BA,2009-06-18,37.46,37.7,36.84,37.05,4051567,48.96,49.28,48.15,48.43,3099800,2020-09-26T01:06:59Z
BA,2009-06-19,37.06,37.9,36.81,37.63,9192423,48.44,49.53,48.11,49.18,7033000,2020-09-26T01:06:59Z
BA,2009-06-22,35.88,36.75,35.6,36.59,6797008,46.9,48.03,46.53,47.83,5200300,2020-09-26T01:06:59Z
BA,2009-06-23,33.56,34.05,32.53,33.96,35658576,43.87,44.5,42.52,44.39,27281900,2020-09-26T01:06:59Z
BA,2009-06-24,31.61,33.32,31.44,33.01,27824692,41.32,43.55,41.09,43.14,21288300,2020-09-26T01:06:59Z
BA,2009-06-25,32.54,32.59,31.45,31.68,18306946,42.53,42.6,41.11,41.4,14006400,2020-09-26T01:06:59Z
BA,2009-06-26,32.04,32.73,31.75,32.22,20362792,41.88,42.78,41.5,42.11,15579300,2020-09-26T01:06:59Z
BA,2009-06-29,32.63,32.91,32.2,32.25,7208987,42.65,43.02,42.08,42.15,5515500,2020-09-26T01:06:59Z
BA,2009-06-30,32.52,33.5,32.21,33.38,10878506,42.5,43.79,42.1,43.63,8323000,2020-09-26T01:06:59Z
BA,2009-07-01,32.31,32.86,32.25,32.62,8298798,42.23,42.95,42.15,42.63,6349300,2020-09-26T01:06:59Z
BA,2009-07-02,31.24,31.99,31.08,31.99,9413313,40.83,41.81,40.62,41.81,7202000,2020-09-26T01:06:59Z
BA,2009-07-06,31.03,31.18,30.54,30.89,9322735,40.56,40.76,39.92,40.38,7132700,2020-09-26T01:06:59Z
BA,2009-07-07,29.87,31.13,29.79,30.99,10070624,39.04,40.69,38.94,40.5,7704900,2020-09-26T01:06:59Z
BA,2009-07-08,30.26,30.47,29.78,29.93,11502488,39.55,39.83,38.92,39.12,8800400,2020-09-26T01:06:59Z
BA,2009-07-09,30.07,30.6,29.85,30.41,7100895,39.3,40,39.02,39.75,5432800,2020-09-26T01:06:59Z
BA,2009-07-10,30.34,30.38,29.78,29.99,7624626,39.65,39.71,38.92,39.2,5833500,2020-09-26T01:06:59Z
BA,2009-07-13,30.94,31.24,30.04,30.36,8559684,40.44,40.83,39.26,39.68,6548900,2020-09-26T01:06:59Z
BA,2009-07-14,30.92,31.29,30.69,30.9,7513397,40.41,40.9,40.11,40.39,5748400,2020-09-26T01:06:59Z
BA,2009-07-15,31.64,31.72,30.99,31.19,10282888,41.36,41.46,40.51,40.77,7867300,2020-09-26T01:06:59Z
BA,2009-07-16,32.17,32.3,31.38,31.38,7002213,42.05,42.22,41.01,41.01,5357300,2020-09-26T01:06:59Z
BA,2009-07-17,31.64,32.44,31.45,32.33,7439157,41.36,42.4,41.1,42.25,5691600,2020-09-26T01:06:59Z
BA,2009-07-20,32.29,32.33,31.49,31.91,7234605,42.2,42.26,41.16,41.71,5535100,2020-09-26T01:06:59Z
BA,2009-07-21,32.91,33.44,32.52,32.76,11986224,43.02,43.71,42.5,42.82,9170500,2020-09-26T01:06:59Z
BA,2009-07-22,32.13,33.25,32.09,32.44,15755862,42,43.46,41.95,42.4,12054600,2020-09-26T01:06:59Z
BA,2009-07-23,32.1,32.28,31.2,32.13,17802166,41.95,42.19,40.78,42,13620200,2020-09-26T01:06:59Z
BA,2009-07-24,32.42,32.51,31.92,32.09,6624217,42.37,42.49,41.72,41.95,5068100,2020-09-26T01:06:59Z
BA,2009-07-27,32.32,32.42,31.7,32.13,7414454,42.24,42.37,41.43,42,5672700,2020-09-26T01:06:59Z
BA,2009-07-28,33.09,33.17,31.98,32.13,10235703,43.25,43.35,41.8,41.99,7831200,2020-09-26T01:06:59Z
BA,2009-07-29,33.18,33.28,32.62,32.9,6637418,43.37,43.5,42.64,43,5078200,2020-09-26T01:06:59Z
BA,2009-07-30,33.08,34.05,33,33.62,10823611,43.24,44.5,43.13,43.94,8281000,2020-09-26T01:06:59Z
BA,2009-07-31,32.83,33.27,32.75,33.14,7880545,42.91,43.49,42.8,43.32,6029300,2020-09-26T01:06:59Z
BA,2009-08-03,33.5,33.68,32.52,33.04,7926945,43.79,44.02,42.51,43.18,6064800,2020-09-26T01:06:59Z
BA,2009-08-04,33.79,34,33.17,33.39,7796241,44.16,44.44,43.35,43.64,5964800,2020-09-26T01:06:59Z
BA,2009-08-05,34.01,34.15,33.52,33.7,9230184,44.03,44.21,43.4,43.63,7129700,2020-09-26T01:06:59Z
BA,2009-08-06,35.16,35.32,34.01,34.21,13213959,45.52,45.73,44.03,44.29,10206900,2020-09-26T01:06:59Z
BA,2009-08-07,36.06,36.47,35.05,35.45,8659649,46.69,47.21,45.38,45.89,6689000,2020-09-26T01:06:59Z
BA,2009-08-10,35.35,35.85,34.91,35.85,7276357,45.77,46.41,45.19,46.41,5620500,2020-09-26T01:06:59Z
BA,2009-08-11,35.06,35.4,34.64,35.19,6630606,45.39,45.83,44.84,45.56,5121700,2020-09-26T01:06:59Z
BA,2009-08-12,35.79,36.13,35,35.01,6061625,46.34,46.78,45.31,45.33,4682200,2020-09-26T01:06:59Z
BA,2009-08-13,36.01,36.2,35.34,35.88,4512623,46.62,46.87,45.75,46.45,3485700,2020-09-26T01:06:59Z
BA,2009-08-14,34.66,35.72,34.15,35.39,13602730,44.87,46.24,44.21,45.82,10507200,2020-09-26T01:06:59Z
BA,2009-08-17,34.11,34.2,33.76,34.11,6746862,44.16,44.28,43.7,44.16,5211500,2020-09-26T01:06:59Z
BA,2009-08-18,33.82,34.4,33.75,33.99,7048118,43.78,44.53,43.69,44,5444200,2020-09-26T01:06:59Z
BA,2009-08-19,33.62,33.92,33.29,33.6,8516983,43.52,43.91,43.1,43.5,6578800,2020-09-26T01:06:59Z
BA,2009-08-20,34.56,34.63,33.59,33.63,6721617,44.74,44.83,43.49,43.54,5192000,2020-09-26T01:06:59Z
BA,2009-08-21,35.43,35.55,34.7,34.9,7158936,45.87,46.02,44.92,45.18,5529800,2020-09-26T01:06:59Z
BA,2009-08-24,36.4,36.91,35.51,35.93,7972081,47.13,47.79,45.97,46.51,6157900,2020-09-26T01:06:59Z
BA,2009-08-25,37.27,37.67,36.52,36.69,10677947,48.25,48.77,47.28,47.5,8248000,2020-09-26T01:06:59Z
BA,2009-08-26,36.94,37.37,36.64,37.13,5121349,47.82,48.38,47.44,48.07,3955900,2020-09-26T01:06:59Z
BA,2009-08-27,40.03,40.46,39.39,39.68,23033450,51.82,52.38,51,51.37,17791800,2020-09-26T01:06:59Z
BA,2009-08-28,39.42,40.58,39.16,39.92,14832222,51.04,52.53,50.7,51.68,11456900,2020-09-26T01:06:59Z
BA,2009-08-31,38.37,38.81,37.87,38.75,12037287,49.67,50.25,49.02,50.17,9298000,2020-09-26T01:06:59Z
BA,2009-09-01,37.67,38.91,37.44,38.01,10670826,48.77,50.38,48.47,49.21,8242500,2020-09-26T01:06:59Z
BA,2009-09-02,37.39,37.83,37.2,37.53,4965866,48.4,48.98,48.16,48.59,3835800,2020-09-26T01:06:59Z
BA,2009-09-03,37.43,37.72,36.89,37.59,7076858,48.46,48.83,47.76,48.67,5466400,2020-09-26T01:06:59Z
BA,2009-09-04,37.97,38.05,37.12,37.65,7394167,49.15,49.26,48.05,48.74,5711500,2020-09-26T01:06:59Z
BA,2009-09-08,38.24,38.53,37.7,38.41,5934235,49.5,49.88,48.81,49.73,4583800,2020-09-26T01:06:59Z
BA,2009-09-09,39.03,39.51,38.39,38.39,7632764,50.53,51.15,49.7,49.7,5895800,2020-09-26T01:06:59Z
BA,2009-09-10,39,39.18,38.46,38.95,4980495,50.49,50.72,49.79,50.42,3847100,2020-09-26T01:06:59Z
BA,2009-09-11,39.66,39.73,38.99,39.12,7612827,51.35,51.44,50.48,50.64,5880400,2020-09-26T01:06:59Z
BA,2009-09-14,39.37,39.59,38.96,39.39,5686705,50.97,51.26,50.44,50.99,4392600,2020-09-26T01:06:59Z
BA,2009-09-15,40.22,40.43,39.3,39.59,8524103,52.07,52.34,50.88,51.26,6584300,2020-09-26T01:06:59Z
BA,2009-09-16,40.44,40.75,40,40.51,6608986,52.36,52.76,51.79,52.44,5105000,2020-09-26T01:06:59Z
BA,2009-09-17,40.85,41.06,40.32,40.36,6054504,52.88,53.16,52.2,52.25,4676700,2020-09-26T01:06:59Z
BA,2009-09-18,40.95,41.16,40.24,40.95,8457431,53.02,53.29,52.1,53.02,6532800,2020-09-26T01:06:59Z
BA,2009-09-21,40.83,41.22,40.49,40.63,3982351,52.86,53.36,52.42,52.6,3076100,2020-09-26T01:06:59Z
BA,2009-09-22,41.05,41.18,40.27,40.91,5046650,53.14,53.31,52.13,52.96,3898200,2020-09-26T01:06:59Z
BA,2009-09-23,40.45,41.25,40.37,41.21,5967377,52.37,53.4,52.26,53.35,4609400,2020-09-26T01:06:59Z
BA,2009-09-24,40,40.57,39.8,40.34,6928625,51.79,52.52,51.52,52.23,5351900,2020-09-26T01:06:59Z
BA,2009-09-25,39.8,40.48,39.63,40.06,4710440,51.52,52.4,51.3,51.86,3638500,2020-09-26T01:06:59Z
BA,2009-09-28,40.99,41.2,39.98,40.03,6376474,53.07,53.34,51.76,51.82,4925400,2020-09-26T01:06:59Z
BA,2009-09-29,42.19,42.85,41.16,41.16,9408840,54.62,55.48,53.28,53.28,7267700,2020-09-26T01:06:59Z
BA,2009-09-30,41.83,42.68,41.29,42.38,7689338,54.15,55.25,53.46,54.86,5939500,2020-09-26T01:06:59Z
BA,2009-10-01,40.25,41.63,40.19,41.6,8515947,52.11,53.9,52.03,53.85,6578000,2020-09-26T01:06:59Z
BA,2009-10-02,39.7,39.98,38.7,39.54,7823201,51.4,51.76,50.1,51.19,6042900,2020-09-26T01:06:59Z
BA,2009-10-05,40.38,40.57,39.69,39.97,3991283,52.28,52.52,51.38,51.75,3083000,2020-09-26T01:06:59Z
BA,2009-10-06,40.39,40.61,39.51,39.81,8084065,52.29,52.57,51.15,51.54,6244400,2020-09-26T01:06:59Z
BA,2009-10-07,40,40.36,39.59,40.31,4737626,51.79,52.25,51.25,52.18,3659500,2020-09-26T01:06:59Z
BA,2009-10-08,40.4,40.63,40.06,40.4,4130454,52.3,52.6,51.86,52.3,3190500,2020-09-26T01:06:59Z
BA,2009-10-09,40.7,40.75,40.14,40.55,3354594,52.69,52.75,51.96,52.49,2591200,2020-09-26T01:06:59Z
BA,2009-10-12,39.9,40.73,39.69,40.68,5145299,51.66,52.73,51.38,52.66,3974400,2020-09-26T01:06:59Z
BA,2009-10-13,40.09,40.15,39.67,39.89,3916067,51.9,51.98,51.36,51.64,3024900,2020-09-26T01:06:59Z
BA,2009-10-14,40.56,40.59,39.83,40.41,6015019,52.51,52.55,51.57,52.31,4646200,2020-09-26T01:06:59Z
BA,2009-10-15,39.98,40.58,39.35,40.19,7362061,51.76,52.53,50.94,52.03,5686700,2020-09-26T01:06:59Z
BA,2009-10-16,41.09,41.49,39.28,39.54,9622580,53.19,53.72,50.85,51.19,7432800,2020-09-26T01:06:59Z
BA,2009-10-19,41.29,41.52,40.62,41.19,4973505,53.45,53.75,52.59,53.32,3841700,2020-09-26T01:06:59Z
BA,2009-10-20,40.08,40.4,39.45,39.94,10604154,51.89,52.3,51.07,51.71,8191000,2020-09-26T01:06:59Z
BA,2009-10-21,39.11,40.17,39.01,39.45,10506281,50.63,52,50.5,51.07,8115400,2020-09-26T01:06:59Z
BA,2009-10-22,39.45,39.57,38.43,38.88,8253400,51.07,51.23,49.75,50.33,6375200,2020-09-26T01:06:59Z
BA,2009-10-23,38.54,39.44,38.23,39.44,7582015,49.89,51.06,49.5,51.06,5856600,2020-09-26T01:06:59Z
BA,2009-10-26,37.3,38.61,37.08,38.51,9617143,48.29,49.98,48,49.85,7428600,2020-09-26T01:06:59Z
BA,2009-10-27,36.88,37.49,36.73,37.31,9120271,47.75,48.53,47.55,48.3,7044800,2020-09-26T01:06:59Z
BA,2009-10-28,36.47,36.92,36.44,36.86,8945628,47.22,47.8,47.18,47.72,6909900,2020-09-26T01:06:59Z
BA,2009-10-29,37.7,37.95,36.93,37.32,10744360,48.81,49.13,47.81,48.31,8299300,2020-09-26T01:06:59Z
BA,2009-10-30,36.92,37.7,36.81,37.62,11266606,47.8,48.81,47.66,48.7,8702700,2020-09-26T01:06:59Z
BA,2009-11-02,37.29,37.39,36.56,36.94,7680276,48.27,48.41,47.33,47.82,5932500,2020-09-26T01:06:59Z
BA,2009-11-03,37.15,37.35,36.66,37.21,6343073,48.1,48.35,47.46,48.17,4899600,2020-09-26T01:06:59Z
BA,2009-11-04,37.46,38.1,37.25,37.62,6521633,48.07,48.9,47.8,48.28,5081900,2020-09-26T01:06:59Z
BA,2009-11-05,38.78,38.85,37.65,37.78,6308605,49.77,49.86,48.32,48.49,4915900,2020-09-26T01:06:59Z
BA,2009-11-06,38.71,38.95,38.42,38.74,4122621,49.68,49.98,49.31,49.71,3212500,2020-09-26T01:06:59Z
BA,2009-11-09,40.01,40.12,38.88,38.97,5703782,51.35,51.48,49.89,50.01,4444600,2020-09-26T01:06:59Z
BA,2009-11-10,39.21,39.8,39.06,39.8,6078764,50.32,51.07,50.13,51.07,4736800,2020-09-26T01:06:59Z
BA,2009-11-11,39.49,40.07,39.38,39.57,4550860,50.68,51.42,50.54,50.78,3546200,2020-09-26T01:06:59Z
BA,2009-11-12,39.18,39.68,39.03,39.45,4266094,50.28,50.92,50.09,50.62,3324300,2020-09-26T01:06:59Z
BA,2009-11-13,39.49,39.69,38.74,38.95,4551502,50.68,50.94,49.72,49.98,3546700,2020-09-26T01:06:59Z
BA,2009-11-16,40.89,40.93,39.65,39.74,7321133,52.48,52.52,50.88,51,5704900,2020-09-26T01:06:59Z
BA,2009-11-17,40.93,41.06,40.29,40.85,5063669,52.53,52.69,51.7,52.42,3945800,2020-09-26T01:06:59Z
BA,2009-11-18,40.54,41.02,40.09,40.98,5617673,52.02,52.64,51.45,52.59,4377500,2020-09-26T01:06:59Z
BA,2009-11-19,40.08,40.36,39.55,40.16,4085148,51.43,51.8,50.75,51.54,3183300,2020-09-26T01:06:59Z
BA,2009-11-20,40.29,40.44,39.8,39.84,6027817,51.7,51.89,51.07,51.12,4697100,2020-09-26T01:06:59Z
BA,2009-11-23,41.01,41.3,40.77,40.91,4177418,52.63,53,52.32,52.5,3255200,2020-09-26T01:06:59Z
BA,2009-11-24,40.5,41.01,39.7,40.58,4219639,51.97,52.63,50.95,52.08,3288100,2020-09-26T01:06:59Z
BA,2009-11-25,41.25,41.26,40.39,40.5,3877381,52.93,52.95,51.83,51.97,3021400,2020-09-26T01:06:59Z
BA,2009-11-27,40.87,41.15,39.74,40.01,4210912,52.45,52.81,51,51.35,3281300,2020-09-26T01:06:59Z
BA,2009-11-30,40.84,41.06,40.35,40.85,6974255,52.41,52.69,51.78,52.43,5434600,2020-09-26T01:06:59Z
BA,2009-12-01,41.86,42.25,41.1,41.1,8161827,53.72,54.22,52.75,52.75,6360000,2020-09-26T01:06:59Z
BA,2009-12-02,41.91,42.52,41.5,42.11,7675069,53.78,54.57,53.26,54.04,5980700,2020-09-26T01:06:59Z
BA,2009-12-03,41.9,42.4,41.7,42.07,5130273,53.77,54.41,53.51,53.99,3997700,2020-09-26T01:06:59Z
BA,2009-12-04,42.61,43.21,41.78,42.66,6996200,54.68,55.45,53.62,54.75,5451700,2020-09-26T01:06:59Z
BA,2009-12-07,43.5,43.6,42.78,43.01,6353264,55.82,55.95,54.9,55.2,4950700,2020-09-26T01:06:59Z
BA,2009-12-08,43.37,43.81,42.91,43.63,5978795,55.66,56.22,55.06,55.99,4658900,2020-09-26T01:06:59Z
BA,2009-12-09,43.22,43.48,42.94,43.44,5005279,55.47,55.8,55.11,55.75,3900300,2020-09-26T01:06:59Z
BA,2009-12-10,42.87,43.94,42.64,43.37,7386068,55.01,56.39,54.72,55.65,5755500,2020-09-26T01:06:59Z
BA,2009-12-11,43.33,43.48,42.95,43.22,9493899,55.6,55.8,55.12,55.47,7398000,2020-09-26T01:06:59Z
BA,2009-12-14,43.68,44.07,43.5,43.65,6199395,56.05,56.56,55.82,56.02,4830800,2020-09-26T01:06:59Z
BA,2009-12-15,43.38,43.93,43.12,43.93,9452192,55.67,56.37,55.33,56.37,7365500,2020-09-26T01:06:59Z
BA,2009-12-16,42.96,43.75,42.43,43.72,10015691,55.13,56.14,54.45,56.11,7804600,2020-09-26T01:06:59Z
BA,2009-12-17,42.45,43.17,42.4,42.78,7475772,54.47,55.4,54.41,54.9,5825400,2020-09-26T01:06:59Z
BA,2009-12-18,41.64,42.66,41.38,42.62,11450043,53.44,54.74,53.1,54.7,8922300,2020-09-26T01:06:59Z
BA,2009-12-21,42.31,42.47,41.58,41.58,4691382,54.3,54.5,53.36,53.36,3655700,2020-09-26T01:06:59Z
BA,2009-12-22,42.94,43.15,42.32,42.38,4709605,55.1,55.37,54.31,54.38,3669900,2020-09-26T01:06:59Z
BA,2009-12-23,42.83,43.37,42.8,43.18,3930510,54.96,55.65,54.92,55.41,3062800,2020-09-26T01:06:59Z
BA,2009-12-24,43.23,43.29,42.94,43.06,1288311,55.48,55.56,55.11,55.26,1003900,2020-09-26T01:06:59Z
BA,2009-12-28,42.97,43.29,42.77,43.12,2659138,55.14,55.55,54.89,55.33,2072100,2020-09-26T01:06:59Z
BA,2009-12-29,43.02,43.22,42.97,43.12,2776946,55.21,55.46,55.14,55.34,2163900,2020-09-26T01:06:59Z
BA,2009-12-30,42.83,43.08,42.66,42.75,3158088,54.96,55.29,54.75,54.86,2460900,2020-09-26T01:06:59Z
BA,2009-12-31,42.18,43.03,42.12,42.86,2810440,54.13,55.22,54.05,55,2190000,2020-09-26T01:06:59Z
BA,2010-01-04,43.78,43.94,42.7,43.42,7939815,56.18,56.39,54.8,55.72,6187000,2020-09-26T01:06:59Z
BA,2010-01-05,45.21,45.41,43.64,43.83,11386391,58.02,58.28,56,56.25,8872700,2020-09-26T01:06:59Z
BA,2010-01-06,46.58,46.75,45.1,45.38,11341860,59.78,59.99,57.88,58.23,8838000,2020-09-26T01:06:59Z
