ticker,tradeDate,clsPx,hiPx,loPx,open,stockVolume,unadjClsPx,unadjHiPx,unadjLoPx,unadjOpen,unadjStockVolume,updatedAt
BAC,2006-01-03,30.49,30.55,29.89,30.38,25165677,47.08,47.18,46.15,46.92,16296700,2026-03-10T02:45:48Z
BAC,2006-01-04,30.16,30.59,30.08,30.44,27422100,46.58,47.24,46.45,47,17757900,2026-03-10T02:45:48Z
BAC,2006-01-05,30.2,30.33,30,30.16,23118325,46.64,46.83,46.32,46.58,14970900,2026-03-10T02:45:48Z
BAC,2006-01-06,30.16,30.38,30.02,30.31,19456811,46.57,46.91,46.35,46.8,12599800,2026-03-10T02:45:48Z
BAC,2006-01-09,30.18,30.42,30.02,30.25,24120673,46.6,46.97,46.36,46.72,15620000,2026-03-10T02:45:48Z
BAC,2006-01-10,29.92,30.12,29.71,30.05,24143564,46.21,46.51,45.88,46.4,15634800,2026-03-10T02:45:48Z
BAC,2006-01-11,29.85,29.95,29.63,29.83,22769645,46.1,46.25,45.75,46.06,14745100,2026-03-10T02:45:48Z
BAC,2006-01-12,29.66,29.94,29.6,29.93,16286262,45.8,46.23,45.71,46.22,10546600,2026-03-10T02:45:48Z
BAC,2006-01-13,29.66,29.79,29.58,29.68,16663979,45.8,46,45.68,45.83,10791200,2026-03-10T02:45:48Z
BAC,2006-01-17,29.34,29.52,29.14,29.4,22555013,45.31,45.58,45,45.4,14606100,2026-03-10T02:45:48Z
BAC,2006-01-18,29.31,29.56,29.09,29.35,16849444,45.26,45.65,44.92,45.32,10911300,2026-03-10T02:45:48Z
BAC,2006-01-19,29.23,29.71,29.04,29.71,22520892,45.14,45.88,44.85,45.88,14584000,2026-03-10T02:45:48Z
BAC,2006-01-20,28.62,29.24,28.6,29.14,38859355,44.19,45.15,44.17,45,25164400,2026-03-10T02:45:48Z
BAC,2006-01-23,28.47,28.75,28.16,28.17,36227175,43.96,44.39,43.49,43.5,23459900,2026-03-10T02:45:48Z
BAC,2006-01-24,28.65,28.93,28.52,28.55,20847411,44.24,44.68,44.04,44.08,13500300,2026-03-10T02:45:48Z
BAC,2006-01-25,28.9,28.91,28.59,28.59,23367075,44.63,44.65,44.15,44.15,15132000,2026-03-10T02:45:48Z
BAC,2006-01-26,29.08,29.25,28.93,29.14,28490056,44.9,45.16,44.67,45,18449500,2026-03-10T02:45:48Z
BAC,2006-01-27,29.01,29.21,28.89,29.08,18917717,44.8,45.11,44.61,44.9,12250700,2026-03-10T02:45:48Z
BAC,2006-01-30,28.8,29.37,28.66,28.98,22878379,44.48,45.35,44.25,44.75,14815500,2026-03-10T02:45:48Z
BAC,2006-01-31,28.64,28.97,28.57,28.91,29573348,44.23,44.73,44.12,44.65,19151000,2026-03-10T02:45:48Z
BAC,2006-02-01,28.46,28.65,28.4,28.56,24483274,43.95,44.24,43.86,44.1,15854800,2026-03-10T02:45:48Z
BAC,2006-02-02,28.13,28.47,28.09,28.46,22769910,43.44,43.97,43.37,43.95,14745300,2026-03-10T02:45:48Z
BAC,2006-02-03,27.9,28.2,27.68,28.04,26401641,43.09,43.55,42.75,43.3,17097100,2026-03-10T02:45:48Z
BAC,2006-02-06,28.09,28.27,28,28.11,19387048,43.37,43.65,43.24,43.4,12554600,2026-03-10T02:45:48Z
BAC,2006-02-07,28.16,28.41,28.14,28.23,21490900,43.49,43.87,43.46,43.6,13917000,2026-03-10T02:45:48Z
BAC,2006-02-08,28.28,28.31,28.07,28.2,19402471,43.67,43.72,43.34,43.55,12564600,2026-03-10T02:45:48Z
BAC,2006-02-09,28.38,28.53,28.3,28.33,21258011,43.83,44.05,43.7,43.75,13766200,2026-03-10T02:45:48Z
BAC,2006-02-10,28.44,28.51,28.11,28.34,13958021,43.92,44.02,43.41,43.77,9038900,2026-03-10T02:45:48Z
BAC,2006-02-13,28.3,28.47,28.04,28.3,12862570,43.7,43.96,43.3,43.7,8329500,2026-03-10T02:45:48Z
BAC,2006-02-14,28.6,28.81,28.32,28.44,26328143,44.16,44.49,43.73,43.92,17049500,2026-03-10T02:45:48Z
BAC,2006-02-15,28.73,28.88,28.45,28.54,19794568,44.36,44.6,43.93,44.07,12818500,2026-03-10T02:45:48Z
BAC,2006-02-16,28.94,28.97,28.68,28.75,18181167,44.69,44.73,44.28,44.39,11773700,2026-03-10T02:45:48Z
BAC,2006-02-17,28.92,29.35,28.83,29,18436256,44.66,45.32,44.52,44.78,11938900,2026-03-10T02:45:48Z
BAC,2006-02-21,28.85,29.03,28.82,28.95,16031118,44.55,44.83,44.51,44.71,10381400,2026-03-10T02:45:48Z
BAC,2006-02-22,29.19,29.25,28.77,28.79,22745844,45.08,45.17,44.42,44.45,14729700,2026-03-10T02:45:48Z
BAC,2006-02-23,29.38,29.59,29.14,29.26,26785511,45.37,45.7,45,45.19,17345700,2026-03-10T02:45:48Z
BAC,2006-02-24,29.61,29.72,29.1,29.1,21360254,45.72,45.89,44.94,44.94,13832400,2026-03-10T02:45:48Z
BAC,2006-02-27,29.78,29.79,29.59,29.68,28507024,45.98,46,45.7,45.84,18460500,2026-03-10T02:45:48Z
BAC,2006-02-28,29.69,29.82,29.63,29.64,31963616,45.85,46.05,45.75,45.77,20698900,2026-03-10T02:45:48Z
BAC,2006-03-01,29.86,29.9,29.66,29.69,23787524,45.6,45.67,45.31,45.35,15574100,2026-03-10T02:45:48Z
BAC,2006-03-02,29.56,29.7,29.4,29.63,21944577,45.15,45.36,44.9,45.25,14367500,2026-03-10T02:45:48Z
BAC,2006-03-03,29.59,29.78,29.45,29.52,18942203,45.19,45.49,44.98,45.08,12401800,2026-03-10T02:45:48Z
BAC,2006-03-06,29.6,29.66,29.4,29.53,17708081,45.21,45.3,44.91,45.1,11593800,2026-03-10T02:45:48Z
BAC,2006-03-07,29.87,29.91,29.5,29.52,19585859,45.62,45.69,45.05,45.09,12823200,2026-03-10T02:45:48Z
BAC,2006-03-08,29.93,30.05,29.74,29.74,21690603,45.71,45.89,45.42,45.42,14201200,2026-03-10T02:45:48Z
BAC,2006-03-09,29.82,29.99,29.78,29.92,18210591,45.55,45.81,45.49,45.7,11922800,2026-03-10T02:45:48Z
BAC,2006-03-10,30.08,30.12,29.76,29.79,19146318,45.95,46,45.45,45.5,12535400,2026-03-10T02:45:48Z
BAC,2006-03-13,30.08,30.25,29.98,30.09,15412459,45.94,46.2,45.79,45.96,10090800,2026-03-10T02:45:48Z
BAC,2006-03-14,30.29,30.38,30.08,30.12,22062361,46.26,46.4,45.94,46,14444600,2026-03-10T02:45:48Z
BAC,2006-03-15,30.38,30.46,30.03,30.15,19362697,46.4,46.53,45.87,46.05,12677100,2026-03-10T02:45:48Z
BAC,2006-03-16,30.61,30.71,30.43,30.43,19864133,46.76,46.9,46.48,46.48,13005400,2026-03-10T02:45:48Z
BAC,2006-03-17,30.71,30.76,30.54,30.75,28975141,46.9,46.98,46.64,46.97,18970500,2026-03-10T02:45:48Z
BAC,2006-03-20,30.71,30.77,30.48,30.58,17173389,46.9,47,46.56,46.71,11243700,2026-03-10T02:45:48Z
BAC,2006-03-21,30.49,30.76,30.46,30.61,17984547,46.57,46.98,46.52,46.75,11774800,2026-03-10T02:45:48Z
BAC,2006-03-22,30.77,30.86,30.38,30.38,17041229,46.99,47.14,46.4,46.4,11157200,2026-03-10T02:45:48Z
BAC,2006-03-23,30.58,30.76,30.52,30.69,16486351,46.7,46.98,46.61,46.87,10793900,2026-03-10T02:45:48Z
BAC,2006-03-24,30.71,30.77,30.55,30.63,16029993,46.9,47,46.66,46.78,10495100,2026-03-10T02:45:48Z
BAC,2006-03-27,30.65,30.73,30.56,30.63,15961526,46.82,46.93,46.67,46.79,10450300,2026-03-10T02:45:48Z
BAC,2006-03-28,30.16,30.78,30.08,30.52,24560812,46.06,47.01,45.95,46.62,16080400,2026-03-10T02:45:48Z
BAC,2006-03-29,30.1,30.31,29.93,30.23,18078370,45.97,46.3,45.72,46.17,11836200,2026-03-10T02:45:48Z
BAC,2006-03-30,29.86,29.86,29.86,29.86,19590322,45.61,45.61,45.61,45.61,12826100,2026-03-10T02:45:48Z
BAC,2006-03-31,29.82,30.07,29.76,29.94,16753505,45.54,45.92,45.45,45.73,10968800,2026-03-10T02:45:48Z
BAC,2006-04-03,29.91,30.26,29.89,30.02,18072830,45.68,46.22,45.66,45.85,11832600,2026-03-10T02:45:48Z
BAC,2006-04-04,30.31,30.38,29.92,29.97,13484887,46.29,46.4,45.7,45.77,8828800,2026-03-10T02:45:48Z
BAC,2006-04-05,30.48,30.49,30.25,30.25,15646289,46.55,46.57,46.21,46.21,10243900,2026-03-10T02:45:48Z
BAC,2006-04-06,30.25,30.51,30.15,30.33,11906680,46.2,46.6,46.05,46.33,7795500,2026-03-10T02:45:48Z
BAC,2006-04-07,29.95,30.43,29.89,30.39,14367407,45.74,46.47,45.66,46.41,9406600,2026-03-10T02:45:48Z
BAC,2006-04-10,29.91,30.17,29.88,30.05,13735693,45.68,46.08,45.64,45.9,8993000,2026-03-10T02:45:48Z
BAC,2006-04-11,29.83,30.12,29.76,29.95,13091002,45.56,46,45.45,45.75,8570900,2026-03-10T02:45:48Z
BAC,2006-04-12,29.93,30.07,29.84,29.87,10931885,45.72,45.92,45.57,45.62,7157300,2026-03-10T02:45:48Z
BAC,2006-04-13,29.94,30.07,29.86,29.94,11672526,45.73,45.93,45.6,45.73,7642200,2026-03-10T02:45:48Z
BAC,2006-04-17,29.78,30.08,29.63,30.08,16219083,45.48,45.95,45.26,45.95,10618900,2026-03-10T02:45:48Z
BAC,2006-04-18,30.09,30.31,29.7,29.76,24983156,45.96,46.3,45.37,45.45,16356900,2026-03-10T02:45:48Z
BAC,2006-04-19,30.15,30.27,29.98,30.03,16028155,46.05,46.24,45.79,45.87,10493900,2026-03-10T02:45:48Z
BAC,2006-04-20,30.3,30.67,30.19,30.51,26051868,46.28,46.85,46.11,46.6,17056600,2026-03-10T02:45:48Z
BAC,2006-04-21,30.69,30.74,30.35,30.35,25205688,46.87,46.95,46.35,46.35,16502600,2026-03-10T02:45:48Z
BAC,2006-04-24,30.82,30.86,30.58,30.67,19196252,47.07,47.14,46.71,46.85,12568100,2026-03-10T02:45:48Z
BAC,2006-04-25,30.83,30.88,30.66,30.79,19362425,47.09,47.17,46.83,47.02,12676900,2026-03-10T02:45:48Z
BAC,2006-04-26,31.24,31.28,30.8,30.84,29113387,47.71,47.78,47.05,47.1,19061000,2026-03-10T02:45:48Z
BAC,2006-04-27,32.11,32.2,30.65,31.16,52777801,49.04,49.18,46.82,47.59,34554500,2026-03-10T02:45:48Z
BAC,2006-04-28,32.68,32.72,32.02,32.03,45204075,49.92,49.98,48.9,48.93,29595900,2026-03-10T02:45:48Z
BAC,2006-05-01,32.2,32.74,32.15,32.63,32202596,49.18,50,49.1,49.84,21083600,2026-03-10T02:45:48Z
BAC,2006-05-02,32.38,32.51,32.25,32.25,29368109,49.46,49.66,49.26,49.26,19227800,2026-03-10T02:45:48Z
BAC,2006-05-03,32.28,32.47,32.23,32.26,21094183,49.3,49.6,49.22,49.27,13810700,2026-03-10T02:45:48Z
BAC,2006-05-04,32.7,32.7,32.43,32.44,24228762,49.94,49.95,49.53,49.55,15863000,2026-03-10T02:45:48Z
BAC,2006-05-05,33.04,33.06,32.7,32.74,29632623,50.47,50.5,49.95,50,19401000,2026-03-10T02:45:48Z
BAC,2006-05-08,32.81,32.95,32.74,32.87,16376832,50.11,50.32,50,50.2,10722200,2026-03-10T02:45:48Z
BAC,2006-05-09,32.86,32.97,32.76,32.81,15798757,50.19,50.35,50.04,50.11,10343700,2026-03-10T02:45:48Z
BAC,2006-05-10,32.85,33.02,32.57,32.76,18168587,50.17,50.44,49.74,50.03,11895300,2026-03-10T02:45:48Z
BAC,2006-05-11,32.53,32.93,32.37,32.93,17148927,49.69,50.3,49.44,50.3,11227700,2026-03-10T02:45:48Z
BAC,2006-05-12,32.21,32.64,32.17,32.53,23265301,49.2,49.85,49.13,49.69,15232200,2026-03-10T02:45:48Z
BAC,2006-05-15,32.44,32.59,31.82,32.08,20422887,49.55,49.77,48.6,49,13371200,2026-03-10T02:45:48Z
BAC,2006-05-16,32.5,32.6,32.34,32.49,12410535,49.64,49.8,49.39,49.62,8125400,2026-03-10T02:45:48Z
BAC,2006-05-17,31.79,32.28,31.62,32.28,31521974,48.56,49.31,48.3,49.3,20638000,2026-03-10T02:45:48Z
BAC,2006-05-18,31.5,32.11,31.48,31.85,20110356,48.12,49.04,48.09,48.65,13166600,2026-03-10T02:45:48Z
BAC,2006-05-19,31.6,32.19,31.43,31.66,24076501,48.27,49.17,48,48.35,15763300,2026-03-10T02:45:48Z
BAC,2006-05-22,31.6,31.9,31.5,31.6,24686423,48.26,48.73,48.11,48.27,16162600,2026-03-10T02:45:48Z
BAC,2006-05-23,31.58,32.01,31.54,31.92,19246484,48.23,48.89,48.18,48.75,12601000,2026-03-10T02:45:48Z
BAC,2006-05-24,31.74,31.89,31.43,31.56,26045893,48.48,48.71,48.01,48.2,17052700,2026-03-10T02:45:48Z
BAC,2006-05-25,32.02,32.13,31.7,31.92,21187480,48.91,49.07,48.42,48.75,13871800,2026-03-10T02:45:48Z
BAC,2006-05-26,32.33,32.48,31.99,32.18,23449540,49.38,49.61,48.86,49.15,15352800,2026-03-10T02:45:48Z
BAC,2006-05-30,31.88,32.23,31.85,32.2,22600311,48.7,49.23,48.65,49.18,14796800,2026-03-10T02:45:48Z
BAC,2006-05-31,32.02,32.13,31.69,31.98,23460933,48.4,48.57,47.9,48.35,15519600,2026-03-10T02:45:48Z
BAC,2006-06-01,32.22,32.24,31.98,32.02,21450343,48.7,48.74,48.34,48.4,14189600,2026-03-10T02:45:48Z
BAC,2006-06-02,32.59,32.7,32.36,32.56,20245700,49.26,49.43,48.92,49.22,13392700,2026-03-10T02:45:48Z
BAC,2006-06-05,32.24,32.73,32.19,32.55,16253015,48.74,49.48,48.66,49.2,10751500,2026-03-10T02:45:48Z
BAC,2006-06-06,32.1,32.47,31.77,32.28,23910505,48.53,49.08,48.03,48.8,15817000,2026-03-10T02:45:48Z
BAC,2006-06-07,32.31,32.57,31.96,32.08,18866265,48.85,49.24,48.32,48.5,12480200,2026-03-10T02:45:48Z
BAC,2006-06-08,32.43,32.55,32.1,32.19,23269212,49.03,49.2,48.52,48.66,15392800,2026-03-10T02:45:48Z
BAC,2006-06-09,32.27,32.55,32.17,32.31,17664625,48.79,49.2,48.63,48.85,11685300,2026-03-10T02:45:48Z
BAC,2006-06-12,32.02,32.42,31.98,32.28,14468305,48.41,49.01,48.35,48.8,9570900,2026-03-10T02:45:48Z
BAC,2006-06-13,31.14,32.18,30.93,31.85,34670915,47.07,48.65,46.75,48.15,22935100,2026-03-10T02:45:48Z
BAC,2006-06-14,30.85,31.26,30.34,31.08,31606954,46.64,47.26,45.86,46.98,20908300,2026-03-10T02:45:48Z
BAC,2006-06-15,31.69,31.8,30.96,31,32765839,47.91,48.07,46.8,46.86,21674900,2026-03-10T02:45:48Z
BAC,2006-06-16,31.37,31.68,31.35,31.55,32331287,47.42,47.89,47.39,47.7,21387400,2026-03-10T02:45:48Z
BAC,2006-06-19,31.18,31.71,31.12,31.71,15356572,47.14,47.93,47.05,47.93,10158500,2026-03-10T02:45:48Z
BAC,2006-06-20,31.14,31.39,31.09,31.1,19585551,47.08,47.46,47,47.01,12956000,2026-03-10T02:45:48Z
BAC,2006-06-21,31.3,31.47,31.11,31.11,18278507,47.31,47.57,47.03,47.03,12091400,2026-03-10T02:45:48Z
BAC,2006-06-22,31.45,31.55,31.18,31.3,15523315,47.54,47.7,47.13,47.31,10268800,2026-03-10T02:45:48Z
BAC,2006-06-23,31.36,31.57,31.17,31.36,18742777,47.41,47.73,47.12,47.4,12398500,2026-03-10T02:45:48Z
BAC,2006-06-26,31.4,31.44,31.2,31.32,13393324,47.46,47.53,47.16,47.35,8859800,2026-03-10T02:45:48Z
BAC,2006-06-27,31.29,31.55,31.28,31.39,15311494,47.3,47.7,47.29,47.46,10128700,2026-03-10T02:45:48Z
BAC,2006-06-28,31.52,31.63,31.36,31.36,18923704,47.65,47.82,47.4,47.4,12518200,2026-03-10T02:45:48Z
BAC,2006-06-29,32.15,32.22,31.47,31.56,24232956,48.6,48.7,47.57,47.71,16030300,2026-03-10T02:45:48Z
BAC,2006-06-30,31.82,32.29,31.76,32.28,21792586,48.1,48.81,48.01,48.8,14416000,2026-03-10T02:45:48Z
BAC,2006-07-03,32.29,32.43,31.87,31.88,10068512,48.81,49.03,48.18,48.19,6660400,2026-03-10T02:45:48Z
BAC,2006-07-05,32.33,32.48,31.96,32.08,18232731,48.87,49.1,48.32,48.5,12061100,2026-03-10T02:45:48Z
BAC,2006-07-06,32.45,32.62,32.27,32.33,11569770,49.06,49.31,48.79,48.87,7653500,2026-03-10T02:45:48Z
BAC,2006-07-07,32.28,32.56,32.18,32.35,11464256,48.8,49.22,48.65,48.9,7583700,2026-03-10T02:45:48Z
BAC,2006-07-10,32.51,32.59,32.44,32.49,11068499,49.14,49.27,49.04,49.12,7321900,2026-03-10T02:45:48Z
BAC,2006-07-11,32.51,32.57,32.19,32.39,17305265,49.15,49.24,48.66,48.97,11447600,2026-03-10T02:45:48Z
BAC,2006-07-12,32.13,32.55,32.08,32.53,12059696,48.57,49.21,48.5,49.18,7977600,2026-03-10T02:45:48Z
BAC,2006-07-13,31.74,32.26,31.69,32.13,18312071,47.98,48.77,47.9,48.57,12113600,2026-03-10T02:45:48Z
BAC,2006-07-14,31.96,32.08,31.48,31.75,16043772,48.31,48.5,47.59,48,10613100,2026-03-10T02:45:48Z
BAC,2006-07-17,31.9,32.06,31.67,31.82,15774118,48.22,48.46,47.87,48.11,10434700,2026-03-10T02:45:48Z
BAC,2006-07-18,32.04,32.14,31.61,31.86,14268284,48.44,48.58,47.79,48.16,9438600,2026-03-10T02:45:48Z
BAC,2006-07-19,33.04,33.06,32.31,32.4,36548229,49.95,49.98,48.85,48.98,24177000,2026-03-10T02:45:48Z
BAC,2006-07-20,32.84,33.12,32.81,32.96,23982910,49.65,50.07,49.6,49.83,15864900,2026-03-10T02:45:48Z
BAC,2006-07-21,33.17,33.25,32.92,32.98,29675842,50.14,50.26,49.77,49.85,19630800,2026-03-10T02:45:48Z
BAC,2006-07-24,33.45,33.54,33.17,33.17,19800342,50.57,50.7,50.14,50.15,13098100,2026-03-10T02:45:48Z
BAC,2006-07-25,33.61,33.8,33.44,33.46,22975026,50.81,51.09,50.55,50.58,15198200,2026-03-10T02:45:48Z
BAC,2006-07-26,33.73,33.87,33.47,33.49,21529893,50.99,51.2,50.59,50.63,14242200,2026-03-10T02:45:48Z
BAC,2006-07-27,33.75,34.03,33.72,33.93,19738652,51.02,51.45,50.98,51.29,13057300,2026-03-10T02:45:48Z
BAC,2006-07-28,34.17,34.33,33.84,33.84,18207339,51.66,51.9,51.16,51.16,12044300,2026-03-10T02:45:48Z
BAC,2006-07-31,34.09,34.17,33.87,34.16,16572590,51.53,51.65,51.2,51.64,10962900,2026-03-10T02:45:48Z
BAC,2006-08-01,34.09,34.12,33.79,33.96,16788007,51.53,51.58,51.08,51.34,11105400,2026-03-10T02:45:48Z
BAC,2006-08-02,34.37,34.38,34.08,34.17,14680528,51.96,51.97,51.52,51.66,9711300,2026-03-10T02:45:48Z
BAC,2006-08-03,34.38,34.62,34.24,34.31,17164705,51.97,52.34,51.76,51.87,11354600,2026-03-10T02:45:48Z
BAC,2006-08-04,34.61,34.9,34.48,34.73,30036067,52.32,52.75,52.13,52.5,19869100,2026-03-10T02:45:48Z
BAC,2006-08-07,34.5,34.64,34.47,34.53,14921192,52.16,52.36,52.1,52.2,9870500,2026-03-10T02:45:48Z
BAC,2006-08-08,34.44,34.85,34.37,34.63,19605361,52.06,52.68,51.95,52.35,12969100,2026-03-10T02:45:48Z
BAC,2006-08-09,34.09,34.78,33.97,34.56,18764053,51.54,52.57,51.35,52.25,12412600,2026-03-10T02:45:48Z
BAC,2006-08-10,34.08,34.17,33.78,33.94,16350819,51.52,51.65,51.07,51.31,10816200,2026-03-10T02:45:48Z
BAC,2006-08-11,34,34.07,33.54,33.95,17749150,51.4,51.51,50.7,51.33,11741200,2026-03-10T02:45:48Z
BAC,2006-08-14,33.82,34.32,33.75,34.13,12465006,51.13,51.88,51.02,51.6,8245700,2026-03-10T02:45:48Z
BAC,2006-08-15,34.5,34.53,34.15,34.27,18741994,52.15,52.2,51.63,51.8,12398000,2026-03-10T02:45:48Z
BAC,2006-08-16,34.6,34.72,34.33,34.72,14185906,52.3,52.48,51.9,52.48,9384100,2026-03-10T02:45:48Z
BAC,2006-08-17,34.49,34.66,34.35,34.45,14547184,52.14,52.4,51.93,52.07,9623100,2026-03-10T02:45:48Z
BAC,2006-08-18,34.72,34.73,34.44,34.55,13583491,52.49,52.5,52.06,52.23,8985600,2026-03-10T02:45:48Z
BAC,2006-08-21,34.7,34.84,34.64,34.64,10996996,52.46,52.66,52.36,52.36,7274600,2026-03-10T02:45:48Z
BAC,2006-08-22,34.73,34.87,34.62,34.71,11344071,52.5,52.71,52.33,52.47,7504200,2026-03-10T02:45:48Z
BAC,2006-08-23,34.72,34.83,34.6,34.72,11464699,52.49,52.65,52.31,52.49,7584000,2026-03-10T02:45:48Z
BAC,2006-08-24,34.74,34.87,34.65,34.72,14238066,52.51,52.71,52.38,52.49,9418600,2026-03-10T02:45:48Z
BAC,2006-08-25,34.48,34.58,34.31,34.52,17221868,52.13,52.28,51.86,52.19,11392400,2026-03-10T02:45:48Z
BAC,2006-08-28,34.52,34.64,34.44,34.48,12317160,52.19,52.36,52.06,52.12,8147900,2026-03-10T02:45:48Z
BAC,2006-08-29,34.59,34.66,34.39,34.58,24299596,52.29,52.39,51.99,52.27,16074400,2026-03-10T02:45:48Z
BAC,2006-08-30,34.57,34.8,34.52,34.68,18487764,51.7,52.05,51.63,51.86,12362200,2026-03-10T02:45:48Z
BAC,2006-08-31,34.42,34.7,34.42,34.65,15752335,51.47,51.9,51.47,51.82,10533100,2026-03-10T02:45:48Z
BAC,2006-09-01,34.54,34.66,34.3,34.66,14619017,51.66,51.84,51.3,51.83,9775300,2026-03-10T02:45:48Z
BAC,2006-09-05,34.6,34.7,34.43,34.52,13448776,51.75,51.89,51.49,51.62,8992800,2026-03-10T02:45:48Z
BAC,2006-09-06,34.54,34.71,34.38,34.44,15467722,51.65,51.91,51.42,51.5,10342800,2026-03-10T02:45:48Z
BAC,2006-09-07,34.44,34.68,34.39,34.53,14188609,51.51,51.87,51.43,51.64,9487500,2026-03-10T02:45:48Z
BAC,2006-09-08,34.54,34.64,34.24,34.37,15078735,51.66,51.81,51.2,51.4,10082700,2026-03-10T02:45:48Z
BAC,2006-09-11,34.22,34.3,33.97,34.17,20530474,51.18,51.3,50.8,51.1,13728100,2026-03-10T02:45:48Z
BAC,2006-09-12,34.57,34.67,34.3,34.3,20777237,51.7,51.85,51.29,51.29,13893100,2026-03-10T02:45:48Z
BAC,2006-09-13,34.7,34.74,34.42,34.57,13437411,51.9,51.95,51.48,51.7,8985200,2026-03-10T02:45:48Z
BAC,2006-09-14,34.72,34.76,34.48,34.5,12401345,51.93,51.98,51.56,51.6,8292400,2026-03-10T02:45:48Z
BAC,2006-09-15,34.4,34.77,34.4,34.77,23694179,51.45,52,51.44,52,15843600,2026-03-10T02:45:48Z
BAC,2006-09-18,34.62,34.72,34.28,34.36,16838965,51.78,51.93,51.26,51.39,11259700,2026-03-10T02:45:48Z
BAC,2006-09-19,34.79,34.83,34.44,34.69,21362852,52.03,52.09,51.51,51.88,14284700,2026-03-10T02:45:48Z
BAC,2006-09-20,35.1,35.21,34.86,34.89,20382245,52.49,52.65,52.14,52.18,13629000,2026-03-10T02:45:48Z
BAC,2006-09-21,34.93,35.23,34.84,35.19,14605568,52.24,52.69,52.11,52.63,9766300,2026-03-10T02:45:48Z
BAC,2006-09-22,35.06,35.25,34.89,34.97,17230457,52.43,52.72,52.18,52.29,11521500,2026-03-10T02:45:48Z
BAC,2006-09-25,35.42,35.56,35.12,35.25,19512194,52.97,53.18,52.53,52.72,13047200,2026-03-10T02:45:48Z
BAC,2006-09-26,35.76,35.77,35.27,35.42,21154811,53.48,53.5,52.74,52.97,14145600,2026-03-10T02:45:48Z
BAC,2006-09-27,35.6,35.91,35.53,35.64,17043680,53.24,53.71,53.13,53.3,11396600,2026-03-10T02:45:48Z
BAC,2006-09-28,35.79,36,35.45,35.66,18278980,53.52,53.84,53.02,53.33,12222600,2026-03-10T02:45:48Z
BAC,2006-09-29,35.82,36.11,35.73,35.83,16004031,53.57,54,53.43,53.58,10701400,2026-03-10T02:45:48Z
BAC,2006-10-02,35.85,35.89,35.64,35.79,11034735,53.62,53.68,53.3,53.53,7378600,2026-03-10T02:45:48Z
BAC,2006-10-03,36.38,36.49,35.82,35.86,20325740,54.41,54.57,53.57,53.63,13591200,2026-03-10T02:45:48Z
BAC,2006-10-04,36.66,36.68,36.21,36.3,18814955,54.82,54.85,54.15,54.29,12581000,2026-03-10T02:45:48Z
BAC,2006-10-05,36.46,36.69,36.29,36.48,12941806,54.52,54.87,54.27,54.56,8653800,2026-03-10T02:45:48Z
BAC,2006-10-06,36.27,36.42,36.18,36.34,13413066,54.24,54.47,54.11,54.35,8968900,2026-03-10T02:45:48Z
BAC,2006-10-09,36.45,36.47,36.14,36.16,8802398,54.51,54.54,54.05,54.08,5885900,2026-03-10T02:45:48Z
BAC,2006-10-10,36.53,36.54,36.3,36.48,15901135,54.63,54.65,54.28,54.55,10632600,2026-03-10T02:45:48Z
BAC,2006-10-11,36.13,36.26,35.87,36.26,18671406,54.04,54.22,53.65,54.22,12485000,2026-03-10T02:45:48Z
BAC,2006-10-12,36.28,36.49,36.21,36.34,14096652,54.26,54.57,54.15,54.35,9426000,2026-03-10T02:45:48Z
BAC,2006-10-13,36.37,36.44,36.03,36.24,11891386,54.39,54.49,53.88,54.2,7951400,2026-03-10T02:45:48Z
BAC,2006-10-16,35.91,36.34,35.91,36.31,12912635,53.71,54.35,53.71,54.3,8634300,2026-03-10T02:45:48Z
BAC,2006-10-17,35.89,35.99,35.39,35.65,15058103,53.68,53.82,52.92,53.32,10068900,2026-03-10T02:45:48Z
BAC,2006-10-18,35.98,36.07,35.67,36.05,18593645,53.81,53.94,53.34,53.92,12433000,2026-03-10T02:45:48Z
BAC,2006-10-19,35.61,35.92,35.33,35.92,24062136,53.26,53.72,52.83,53.72,16089600,2026-03-10T02:45:48Z
BAC,2006-10-20,35.85,35.89,35.27,35.66,24759138,53.62,53.68,52.75,53.33,16555700,2026-03-10T02:45:48Z
BAC,2006-10-23,35.88,36.09,35.59,35.63,22382212,53.66,53.97,53.23,53.28,14966300,2026-03-10T02:45:48Z
BAC,2006-10-24,35.73,35.84,35.52,35.75,21328031,53.43,53.6,53.12,53.46,14261400,2026-03-10T02:45:48Z
BAC,2006-10-25,36.11,36.17,35.8,35.8,17316154,54,54.09,53.54,53.54,11578800,2026-03-10T02:45:48Z
BAC,2006-10-26,36.23,36.23,35.9,36.1,14881497,54.18,54.18,53.69,53.99,9950800,2026-03-10T02:45:48Z
BAC,2006-10-27,35.91,36.14,35.85,36.13,13755207,53.7,54.05,53.61,54.03,9197700,2026-03-10T02:45:48Z
BAC,2006-10-30,36.05,36.16,35.83,35.84,11178006,53.92,54.07,53.59,53.6,7474400,2026-03-10T02:45:48Z
BAC,2006-10-31,36.02,36.3,35.99,36.2,17620527,53.87,54.29,53.83,54.13,11782300,2026-03-10T02:45:48Z
BAC,2006-11-01,35.83,36.21,35.77,36.21,18924303,53.58,54.15,53.5,54.15,12654100,2026-03-10T02:45:48Z
BAC,2006-11-02,35.81,35.9,35.59,35.68,13340353,53.55,53.69,53.22,53.36,8920300,2026-03-10T02:45:48Z
BAC,2006-11-03,35.73,35.9,35.71,35.81,11272538,53.43,53.69,53.4,53.55,7537600,2026-03-10T02:45:48Z
BAC,2006-11-06,36.25,36.27,35.89,35.89,16659488,54.21,54.25,53.67,53.68,11139700,2026-03-10T02:45:48Z
BAC,2006-11-07,36.39,36.52,36.22,36.26,12830701,54.42,54.62,54.16,54.22,8579500,2026-03-10T02:45:48Z
BAC,2006-11-08,36.52,36.61,36.24,36.38,14297473,54.61,54.75,54.2,54.4,9560300,2026-03-10T02:45:48Z
BAC,2006-11-09,36.45,36.59,36.36,36.46,13466882,54.51,54.72,54.38,54.52,9004900,2026-03-10T02:45:48Z
BAC,2006-11-10,36.62,36.62,36.27,36.45,14375124,54.77,54.77,54.25,54.51,9612200,2026-03-10T02:45:48Z
BAC,2006-11-13,36.42,36.73,36.42,36.49,12969615,54.46,54.93,54.46,54.57,8672400,2026-03-10T02:45:48Z
BAC,2006-11-14,36.66,36.76,36.16,36.48,20513245,54.83,54.98,54.07,54.55,13716600,2026-03-10T02:45:48Z
BAC,2006-11-15,36.43,36.64,36.33,36.62,18862091,54.48,54.8,54.33,54.77,12612500,2026-03-10T02:45:48Z
BAC,2006-11-16,36.71,36.77,36.5,36.6,15050915,54.9,54.99,54.59,54.73,10064100,2026-03-10T02:45:48Z
BAC,2006-11-17,36.68,36.81,36.66,36.68,19843747,54.85,55.05,54.82,54.85,13268900,2026-03-10T02:45:48Z
BAC,2006-11-20,36.71,36.83,36.59,36.68,13384624,54.9,55.08,54.72,54.85,8949900,2026-03-10T02:45:48Z
BAC,2006-11-21,36.59,36.81,36.45,36.8,13745952,54.72,55.05,54.51,55.04,9191500,2026-03-10T02:45:48Z
BAC,2006-11-22,36.53,36.72,36.39,36.56,17507611,54.63,54.92,54.42,54.68,11706800,2026-03-10T02:45:48Z
BAC,2006-11-24,36.48,36.62,36.29,36.36,7232273,54.56,54.76,54.27,54.37,4836000,2026-03-10T02:45:48Z
BAC,2006-11-27,36.05,36.57,35.93,36.48,22229940,53.92,54.69,53.73,54.56,14864500,2026-03-10T02:45:48Z
BAC,2006-11-28,36.29,36.44,35.96,36.05,17945036,54.27,54.49,53.78,53.92,11999300,2026-03-10T02:45:48Z
BAC,2006-11-29,36.5,36.58,36.29,36.52,13800348,54.02,54.14,53.71,54.06,9324100,2026-03-10T02:45:48Z
BAC,2006-11-30,36.38,36.59,36.26,36.5,16746895,53.85,54.15,53.66,54.02,11314900,2026-03-10T02:45:48Z
BAC,2006-12-01,36.15,36.48,35.82,36.37,21435342,53.5,54,53.01,53.83,14482600,2026-03-10T02:45:48Z
BAC,2006-12-04,35.57,35.82,35.27,35.47,42637882,52.65,53.02,52.2,52.5,28807900,2026-03-10T02:45:48Z
BAC,2006-12-05,35.67,35.69,35.34,35.58,25046283,52.79,52.83,52.3,52.66,16922300,2026-03-10T02:45:48Z
BAC,2006-12-06,35.6,35.83,35.54,35.64,19406268,52.69,53.03,52.6,52.75,13111700,2026-03-10T02:45:48Z
BAC,2006-12-07,35.46,35.71,35.4,35.55,18365964,52.49,52.85,52.4,52.62,12408800,2026-03-10T02:45:48Z
BAC,2006-12-08,34.9,35.39,34.67,35.34,47715302,51.66,52.38,51.32,52.3,32238400,2026-03-10T02:45:48Z
BAC,2006-12-11,35.51,37.16,35.02,37.16,26993425,52.55,55,51.83,55,18237900,2026-03-10T02:45:48Z
BAC,2006-12-12,35.67,35.77,35.37,35.44,22197256,52.8,52.95,52.35,52.45,14997400,2026-03-10T02:45:48Z
BAC,2006-12-13,35.87,36.07,35.77,35.94,19684555,53.09,53.39,52.95,53.2,13299700,2026-03-10T02:45:48Z
BAC,2006-12-14,35.92,36.13,35.62,35.88,19818029,53.17,53.48,52.72,53.1,13389900,2026-03-10T02:45:48Z
BAC,2006-12-15,36.03,36.13,35.71,35.96,33109573,53.32,53.47,52.86,53.22,22370200,2026-03-10T02:45:48Z
BAC,2006-12-18,36.23,36.33,36.05,36.13,19115587,53.63,53.77,53.36,53.47,12915300,2026-03-10T02:45:48Z
BAC,2006-12-19,36.2,36.41,36.08,36.09,16136208,53.58,53.89,53.4,53.42,10902300,2026-03-10T02:45:48Z
BAC,2006-12-20,36.25,36.34,36.09,36.28,13548021,53.66,53.79,53.42,53.7,9153600,2026-03-10T02:45:48Z
BAC,2006-12-21,36.15,36.49,36.1,36.41,15460407,53.51,54.01,53.43,53.89,10445700,2026-03-10T02:45:48Z
BAC,2006-12-22,36.05,36.26,35.84,36.24,12436615,53.35,53.66,53.04,53.64,8402700,2026-03-10T02:45:48Z
BAC,2006-12-26,36.28,36.49,36.07,36.08,14842465,53.7,54.01,53.38,53.4,10028200,2026-03-10T02:45:48Z
BAC,2006-12-27,36.33,36.52,36.15,36.4,13188222,53.77,54.05,53.5,53.88,8910500,2026-03-10T02:45:48Z
BAC,2006-12-28,36.25,36.46,36.15,36.35,10397516,53.65,53.96,53.51,53.8,7025000,2026-03-10T02:45:48Z
BAC,2006-12-29,36.07,36.34,35.98,36.25,11267810,53.39,53.78,53.25,53.65,7613000,2026-03-10T02:45:48Z
BAC,2007-01-03,36.03,36.61,35.8,36.08,23723057,53.33,54.18,52.99,53.4,16028300,2026-03-10T02:45:48Z
BAC,2007-01-04,36.26,36.41,35.84,36.03,19591442,53.67,53.89,53.05,53.33,13236800,2026-03-10T02:45:48Z
BAC,2007-01-05,35.97,36.21,35.83,36.21,15104145,53.24,53.59,53.03,53.59,10205000,2026-03-10T02:45:48Z
BAC,2007-01-08,36.11,36.24,35.67,36.12,14335872,53.45,53.64,52.8,53.46,9685900,2026-03-10T02:45:48Z
BAC,2007-01-09,36.15,36.29,35.79,36.21,18575690,53.5,53.71,52.97,53.6,12550500,2026-03-10T02:45:48Z
BAC,2007-01-10,36.2,36.28,35.92,35.98,14924914,53.58,53.7,53.16,53.26,10083900,2026-03-10T02:45:48Z
BAC,2007-01-11,35.98,36.25,35.93,36.15,21676119,53.26,53.65,53.18,53.5,14645300,2026-03-10T02:45:48Z
BAC,2007-01-12,36.07,36.21,35.97,35.97,19259349,53.38,53.6,53.24,53.24,13012400,2026-03-10T02:45:48Z
BAC,2007-01-16,36.11,36.17,36.02,36.12,17770508,53.44,53.53,53.31,53.46,12006500,2026-03-10T02:45:48Z
BAC,2007-01-17,36.03,36.29,35.91,36.15,18866221,53.32,53.71,53.15,53.5,12746800,2026-03-10T02:45:48Z
BAC,2007-01-18,36,36.18,35.95,36.11,14967419,53.29,53.55,53.21,53.45,10112600,2026-03-10T02:45:48Z
BAC,2007-01-19,36.21,36.24,35.98,36.12,18936092,53.59,53.64,53.25,53.46,12794000,2026-03-10T02:45:48Z
BAC,2007-01-22,36.25,36.52,36.17,36.24,23034532,53.65,54.05,53.54,53.64,15563100,2026-03-10T02:45:48Z
BAC,2007-01-23,36.03,36.16,35.74,35.98,25704907,53.32,53.52,52.9,53.25,17367300,2026-03-10T02:45:48Z
BAC,2007-01-24,35.94,36.13,35.51,36.13,37391308,53.2,53.48,52.56,53.47,25263100,2026-03-10T02:45:48Z
BAC,2007-01-25,35.4,35.96,35.36,35.94,29736789,52.4,53.22,52.34,53.2,20091400,2026-03-10T02:45:48Z
BAC,2007-01-26,35.16,35.67,34.94,35.48,33620477,52.04,52.8,51.72,52.52,22715400,2026-03-10T02:45:48Z
BAC,2007-01-29,34.77,35.3,34.69,35.13,32795359,51.46,52.25,51.35,51.99,22157900,2026-03-10T02:45:48Z
BAC,2007-01-30,35.21,35.22,34.7,34.81,26629679,52.12,52.13,51.36,51.52,17992100,2026-03-10T02:45:48Z
BAC,2007-01-31,35.53,35.67,35.03,35.13,28466009,52.58,52.8,51.85,52,19232800,2026-03-10T02:45:48Z
BAC,2007-02-01,35.7,35.79,35.57,35.65,18719688,52.84,52.97,52.65,52.76,12647800,2026-03-10T02:45:48Z
BAC,2007-02-02,35.63,35.92,35.63,35.69,18725628,52.74,53.16,52.73,52.83,12651800,2026-03-10T02:45:48Z
BAC,2007-02-05,35.73,35.89,35.38,35.63,16447194,52.88,53.12,52.37,52.74,11112400,2026-03-10T02:45:48Z
BAC,2007-02-06,35.95,36.03,35.64,35.65,20280272,53.21,53.33,52.75,52.77,13702200,2026-03-10T02:45:48Z
BAC,2007-02-07,36.05,36.14,35.98,36.05,14074931,53.36,53.49,53.25,53.35,9509600,2026-03-10T02:45:48Z
BAC,2007-02-08,36.03,36.07,35.81,36.05,20232477,53.32,53.39,53,53.35,13669900,2026-03-10T02:45:48Z
BAC,2007-02-09,35.8,36.15,35.58,36.02,16907952,52.99,53.5,52.66,53.32,11423700,2026-03-10T02:45:48Z
BAC,2007-02-12,35.84,36.02,35.8,35.94,15815499,53.04,53.31,52.98,53.2,10685600,2026-03-10T02:45:48Z
BAC,2007-02-13,36.3,36.34,35.87,35.87,15811202,53.73,53.79,53.09,53.09,10682700,2026-03-10T02:45:48Z
BAC,2007-02-14,36.52,36.6,36.19,36.32,18096886,54.05,54.17,53.57,53.76,12227000,2026-03-10T02:45:48Z
BAC,2007-02-15,36.38,36.63,36.28,36.54,25037533,53.85,54.21,53.7,54.08,16916400,2026-03-10T02:45:48Z
BAC,2007-02-16,36.52,36.53,36.21,36.24,16009536,54.05,54.07,53.6,53.64,10816700,2026-03-10T02:45:48Z
BAC,2007-02-20,36.52,36.6,36.29,36.4,14797797,54.05,54.17,53.71,53.87,9998000,2026-03-10T02:45:48Z
BAC,2007-02-21,36.42,36.46,36.29,36.32,17422865,53.91,53.97,53.71,53.75,11771600,2026-03-10T02:45:48Z
BAC,2007-02-22,36.28,36.55,36.14,36.38,15119090,53.7,54.1,53.49,53.85,10215100,2026-03-10T02:45:48Z
BAC,2007-02-23,35.71,36.31,35.66,36,24877252,52.86,53.74,52.78,53.28,16808100,2026-03-10T02:45:48Z
BAC,2007-02-26,35.67,35.91,35.54,35.87,24209594,52.79,53.15,52.6,53.09,16357000,2026-03-10T02:45:48Z
BAC,2007-02-27,34.32,35.55,33.11,35.27,47466869,50.8,52.61,49,52.2,32070600,2026-03-10T02:45:48Z
BAC,2007-02-28,34.73,35.18,34.41,34.75,40105050,50.83,51.5,50.36,50.87,27398700,2026-03-10T02:45:48Z
BAC,2007-03-01,34.42,34.77,34.02,34.33,36603962,50.38,50.9,49.8,50.25,25006800,2026-03-10T02:45:48Z
BAC,2007-03-02,34.17,34.39,34.04,34.23,25154229,50.01,50.34,49.82,50.1,17184700,2026-03-10T02:45:48Z
BAC,2007-03-05,33.91,34.35,33.86,33.88,27254742,49.64,50.28,49.56,49.6,18619700,2026-03-10T02:45:48Z
BAC,2007-03-06,34.8,34.9,34.23,34.23,24474789,50.94,51.09,50.1,50.1,16720500,2026-03-10T02:45:48Z
BAC,2007-03-07,34.56,34.91,34.44,34.86,21295938,50.59,51.1,50.41,51.03,14548800,2026-03-10T02:45:48Z
BAC,2007-03-08,34.68,35.07,34.56,34.76,19517600,50.77,51.33,50.59,50.88,13333900,2026-03-10T02:45:48Z
BAC,2007-03-09,34.81,34.98,34.62,34.94,15697810,50.95,51.21,50.67,51.15,10724300,2026-03-10T02:45:48Z
BAC,2007-03-12,34.9,34.97,34.64,34.81,15478366,51.09,51.18,50.7,50.95,10574400,2026-03-10T02:45:48Z
BAC,2007-03-13,33.79,34.9,33.65,34.9,37269078,49.46,51.08,49.26,51.08,25461200,2026-03-10T02:45:48Z
BAC,2007-03-14,34,34.1,33.04,33.83,36606709,49.77,49.92,48.36,49.52,25008700,2026-03-10T02:45:48Z
BAC,2007-03-15,34.23,34.72,33.84,33.91,28770369,50.1,50.82,49.54,49.63,19655100,2026-03-10T02:45:48Z
BAC,2007-03-16,33.9,34.48,33.82,34.34,32088841,49.62,50.47,49.5,50.27,21922200,2026-03-10T02:45:48Z
BAC,2007-03-19,34.41,34.42,33.72,34.02,19020524,50.37,50.39,49.35,49.8,12994300,2026-03-10T02:45:48Z
BAC,2007-03-20,34.68,34.73,34.37,34.41,14728067,50.76,50.83,50.31,50.37,10061800,2026-03-10T02:45:48Z
BAC,2007-03-21,35.43,35.52,34.55,34.69,31790677,51.86,52,50.58,50.78,21718500,2026-03-10T02:45:48Z
BAC,2007-03-22,35.28,35.63,35.12,35.51,31555013,51.64,52.15,51.41,51.98,21557500,2026-03-10T02:45:48Z
BAC,2007-03-23,35.31,35.52,35.12,35.32,19179187,51.69,52,51.41,51.7,13102700,2026-03-10T02:45:48Z
BAC,2007-03-26,35.22,35.33,34.79,35.32,19720481,51.56,51.71,50.92,51.7,13472500,2026-03-10T02:45:48Z
BAC,2007-03-27,35.42,35.52,35.08,35.22,29312624,51.84,52,51.35,51.56,20025600,2026-03-10T02:45:48Z
BAC,2007-03-28,34.68,35.17,34.5,35.14,29156738,50.77,51.48,50.5,51.44,19919100,2026-03-10T02:45:48Z
BAC,2007-03-29,34.97,35.01,34.62,34.85,20415340,51.19,51.25,50.68,51.02,13947200,2026-03-10T02:45:48Z
BAC,2007-03-30,34.86,35.12,34.35,34.96,23700723,51.02,51.41,50.28,51.17,16191700,2026-03-10T02:45:48Z
BAC,2007-04-02,34.45,35.01,34.24,34.98,24800317,50.43,51.25,50.12,51.2,16942900,2026-03-10T02:45:48Z
BAC,2007-04-03,34.75,34.77,34.47,34.57,19177706,50.86,50.89,50.46,50.6,13101700,2026-03-10T02:45:48Z
BAC,2007-04-04,34.77,34.86,34.56,34.8,16259705,50.89,51.03,50.59,50.94,11108200,2026-03-10T02:45:48Z
BAC,2007-04-05,34.74,34.79,34.42,34.66,16171034,50.85,50.92,50.38,50.73,11047600,2026-03-10T02:45:48Z
BAC,2007-04-09,34.75,34.81,34.51,34.77,13598597,50.86,50.96,50.52,50.9,9290200,2026-03-10T02:45:48Z
BAC,2007-04-10,34.89,34.97,34.71,34.8,15367430,51.07,51.18,50.81,50.94,10498600,2026-03-10T02:45:48Z
BAC,2007-04-11,34.51,34.89,34.37,34.89,22380757,50.51,51.07,50.31,51.07,15289900,2026-03-10T02:45:48Z
BAC,2007-04-12,34.35,34.51,34.2,34.51,18961250,50.28,50.52,50.06,50.52,12953800,2026-03-10T02:45:48Z
BAC,2007-04-13,34.45,34.55,34.26,34.46,18891399,50.42,50.58,50.15,50.44,12906100,2026-03-10T02:45:48Z
BAC,2007-04-16,35,35.31,34.67,34.7,27482245,51.23,51.68,50.75,50.8,18775100,2026-03-10T02:45:48Z
BAC,2007-04-17,35.05,35.18,34.9,35.05,19609367,51.3,51.5,51.09,51.3,13396600,2026-03-10T02:45:48Z
BAC,2007-04-18,35.4,35.66,35.01,35.14,27981364,51.82,52.2,51.25,51.43,19116100,2026-03-10T02:45:48Z
BAC,2007-04-19,34.78,35.11,34.66,35.07,37191937,50.91,51.39,50.73,51.34,25408500,2026-03-10T02:45:48Z
BAC,2007-04-20,34.87,35.05,34.38,35.05,43013913,51.04,51.3,50.33,51.3,29385900,2026-03-10T02:45:48Z
BAC,2007-04-23,34.51,35.04,34.38,34.87,32714325,50.51,51.29,50.32,51.04,22349500,2026-03-10T02:45:48Z
BAC,2007-04-24,34.58,34.77,34.33,34.6,22119591,50.62,50.9,50.25,50.65,15111500,2026-03-10T02:45:48Z
BAC,2007-04-25,35,35.01,34.5,34.73,23591716,51.23,51.24,50.5,50.84,16117200,2026-03-10T02:45:48Z
BAC,2007-04-26,34.65,34.96,34.6,34.84,21508481,50.72,51.17,50.65,51,14694000,2026-03-10T02:45:48Z
BAC,2007-04-27,34.68,34.74,34.43,34.65,22129090,50.77,50.85,50.4,50.72,15118000,2026-03-10T02:45:48Z
BAC,2007-04-30,34.77,34.99,34.69,34.79,28565391,50.9,51.22,50.77,50.93,19515100,2026-03-10T02:45:48Z
BAC,2007-05-01,34.79,35.01,34.62,34.84,21554131,50.93,51.25,50.67,51,14725200,2026-03-10T02:45:48Z
BAC,2007-05-02,34.85,34.97,34.79,34.85,17230363,51.01,51.19,50.92,51.02,11771300,2026-03-10T02:45:48Z
BAC,2007-05-03,35,35.24,34.91,34.99,18683581,51.23,51.58,51.1,51.22,12764100,2026-03-10T02:45:48Z
BAC,2007-05-04,35.01,35.22,34.9,35.18,19845770,51.24,51.56,51.09,51.5,13558100,2026-03-10T02:45:48Z
BAC,2007-05-07,35.13,35.22,35.03,35.17,16998941,51.42,51.56,51.28,51.48,11613200,2026-03-10T02:45:48Z
BAC,2007-05-08,35.12,35.18,34.9,35.03,15802290,51.4,51.49,51.09,51.28,10795700,2026-03-10T02:45:48Z
BAC,2007-05-09,35.15,35.27,34.97,35.06,24276170,51.45,51.63,51.19,51.32,16584800,2026-03-10T02:45:48Z
BAC,2007-05-10,34.55,35.16,34.53,35.15,26152519,50.58,51.47,50.54,51.45,17866700,2026-03-10T02:45:48Z
BAC,2007-05-11,34.81,34.9,34.58,34.72,16160651,50.95,51.09,50.62,50.82,11040500,2026-03-10T02:45:48Z
BAC,2007-05-14,34.69,34.94,34.54,34.86,24322845,50.78,51.15,50.56,51.03,16616700,2026-03-10T02:45:48Z
BAC,2007-05-15,34.8,35.11,34.79,34.84,22912957,50.94,51.39,50.92,50.99,15653500,2026-03-10T02:45:48Z
BAC,2007-05-16,34.92,35.13,34.75,35.07,27772175,51.12,51.42,50.86,51.34,18973200,2026-03-10T02:45:48Z
BAC,2007-05-17,34.93,35.01,34.75,34.94,21590162,51.13,51.25,50.87,51.15,14749800,2026-03-10T02:45:48Z
BAC,2007-05-18,35.03,35.09,34.92,35.06,21421228,51.28,51.37,51.11,51.32,14634400,2026-03-10T02:45:48Z
BAC,2007-05-21,35,35.08,34.89,35.05,20928550,51.23,51.35,51.07,51.3,14297800,2026-03-10T02:45:48Z
BAC,2007-05-22,35.18,35.27,34.96,34.98,24011202,51.5,51.62,51.17,51.21,16403800,2026-03-10T02:45:48Z
BAC,2007-05-23,35.08,35.46,35.07,35.32,19728405,51.35,51.9,51.33,51.7,13477900,2026-03-10T02:45:48Z
BAC,2007-05-24,34.88,35.35,34.81,35.32,25263866,51.05,51.74,50.96,51.7,17259600,2026-03-10T02:45:48Z
BAC,2007-05-25,34.98,35.01,34.7,34.98,16915654,51.2,51.25,50.79,51.2,11556300,2026-03-10T02:45:48Z
BAC,2007-05-29,34.97,35.18,34.95,35,21549461,51.19,51.5,51.16,51.23,14722000,2026-03-10T02:45:48Z
BAC,2007-05-30,35.1,35.36,34.88,34.98,23238806,50.81,51.19,50.49,50.65,16051700,2026-03-10T02:45:48Z
BAC,2007-05-31,35.03,35.26,34.86,35.2,23215304,50.71,51.04,50.47,50.96,16035500,2026-03-10T02:45:48Z
BAC,2007-06-01,35.08,35.22,34.87,35.21,20693220,50.78,50.99,50.48,50.97,14293400,2026-03-10T02:45:48Z
BAC,2007-06-04,35.12,35.17,34.97,35.08,18472351,50.85,50.92,50.62,50.78,12759400,2026-03-10T02:45:48Z
BAC,2007-06-05,34.99,35.09,34.92,35.08,18287941,50.66,50.8,50.55,50.78,12632000,2026-03-10T02:45:48Z
BAC,2007-06-06,34.76,34.98,34.72,34.88,21135056,50.33,50.65,50.26,50.5,14598600,2026-03-10T02:45:48Z
BAC,2007-06-07,34.39,34.88,34.36,34.74,30479389,49.79,50.5,49.74,50.3,21053000,2026-03-10T02:45:48Z
BAC,2007-06-08,34.72,34.73,34.23,34.48,26700370,50.26,50.28,49.56,49.92,18442700,2026-03-10T02:45:48Z
BAC,2007-06-11,34.57,34.74,34.41,34.6,19124424,50.05,50.29,49.81,50.1,13209800,2026-03-10T02:45:48Z
BAC,2007-06-12,34.3,34.6,34.3,34.43,24435053,49.66,50.1,49.65,49.85,16878000,2026-03-10T02:45:48Z
BAC,2007-06-13,34.79,34.8,34.36,34.54,28768746,50.36,50.38,49.75,50,19871400,2026-03-10T02:45:48Z
BAC,2007-06-14,34.59,34.85,34.54,34.78,25372474,50.08,50.45,50,50.36,17525500,2026-03-10T02:45:48Z
BAC,2007-06-15,34.59,34.8,34.53,34.65,39372469,50.08,50.38,49.99,50.17,27195700,2026-03-10T02:45:48Z
BAC,2007-06-18,34.47,34.63,34.42,34.54,19192468,49.91,50.14,49.83,50.01,13256800,2026-03-10T02:45:48Z
BAC,2007-06-19,34.92,35.11,34.64,34.65,36629323,50.55,50.83,50.15,50.17,25300900,2026-03-10T02:45:48Z
BAC,2007-06-20,34.52,35.09,34.49,35.02,32425632,49.98,50.8,49.94,50.7,22397300,2026-03-10T02:45:48Z
BAC,2007-06-21,34.46,34.63,34.34,34.55,27915554,49.89,50.13,49.71,50.02,19282100,2026-03-10T02:45:48Z
BAC,2007-06-22,33.81,34.46,33.81,34.43,52012562,48.95,49.89,48.95,49.84,35926600,2026-03-10T02:45:48Z
BAC,2007-06-25,33.74,34.18,33.61,33.97,30380665,48.85,49.48,48.66,49.18,20984800,2026-03-10T02:45:48Z
BAC,2007-06-26,33.71,34.12,33.71,33.95,30407705,48.8,49.4,48.8,49.15,21003500,2026-03-10T02:45:48Z
BAC,2007-06-27,33.98,33.98,33.53,33.7,23302162,49.19,49.2,48.55,48.79,16095500,2026-03-10T02:45:48Z
BAC,2007-06-28,33.91,34.16,33.68,34.01,22008332,49.09,49.46,48.76,49.23,15201800,2026-03-10T02:45:48Z
BAC,2007-06-29,33.77,34.09,33.56,34.01,27772140,48.89,49.35,48.59,49.23,19183000,2026-03-10T02:45:48Z
BAC,2007-07-02,34.07,34.09,33.83,33.95,16067061,49.32,49.35,48.98,49.15,11098000,2026-03-10T02:45:48Z
BAC,2007-07-03,34.23,34.33,34.01,34.18,12062191,49.55,49.7,49.24,49.49,8331700,2026-03-10T02:45:48Z
BAC,2007-07-05,34.1,34.3,33.87,33.87,18306016,49.37,49.65,49.03,49.04,12644500,2026-03-10T02:45:48Z
BAC,2007-07-06,33.95,34.1,33.74,34.06,29926671,49.15,49.37,48.85,49.31,20671200,2026-03-10T02:45:48Z
BAC,2007-07-09,33.71,33.96,33.69,33.85,30989707,48.81,49.17,48.78,49,21405500,2026-03-10T02:45:48Z
BAC,2007-07-10,33.4,33.66,33.34,33.57,39125974,48.36,48.73,48.27,48.6,27025400,2026-03-10T02:45:48Z
BAC,2007-07-11,33.51,33.89,33.24,33.41,35003412,48.51,49.06,48.12,48.37,24177900,2026-03-10T02:45:48Z
BAC,2007-07-12,34.21,34.23,33.51,33.57,26678774,49.53,49.55,48.51,48.6,18427800,2026-03-10T02:45:48Z
BAC,2007-07-13,34.19,34.41,34.09,34.23,20306652,49.5,49.82,49.35,49.55,14026400,2026-03-10T02:45:48Z
BAC,2007-07-16,34.27,34.52,34.08,34.08,20373676,49.62,49.98,49.34,49.34,14072700,2026-03-10T02:45:48Z
BAC,2007-07-17,34.4,34.67,34.33,34.35,28339915,49.8,50.2,49.7,49.73,19575200,2026-03-10T02:45:48Z
BAC,2007-07-18,34.09,34.38,33.53,34.09,41321685,49.36,49.78,48.54,49.36,28542100,2026-03-10T02:45:48Z
BAC,2007-07-19,34.03,34.43,33.78,34.24,32327024,49.27,49.85,48.9,49.57,22329200,2026-03-10T02:45:48Z
BAC,2007-07-20,33.37,34.03,33.22,34.02,47088540,48.31,49.27,48.1,49.26,32525400,2026-03-10T02:45:48Z
BAC,2007-07-23,33.26,33.57,33.17,33.47,35405641,48.15,48.6,48.02,48.46,24455700,2026-03-10T02:45:48Z
BAC,2007-07-24,32.57,33.25,32.46,33.11,47926857,47.15,48.14,47,47.93,33104500,2026-03-10T02:45:48Z
BAC,2007-07-25,33.11,33.32,32.4,32.77,48836865,47.93,48.24,46.9,47.45,33733000,2026-03-10T02:45:48Z
BAC,2007-07-26,32.62,32.96,32.4,32.7,74554052,47.23,47.72,46.9,47.34,51496600,2026-03-10T02:45:48Z
BAC,2007-07-27,32.75,33.3,32.71,32.84,54312839,47.41,48.21,47.35,47.54,37515500,2026-03-10T02:45:48Z
BAC,2007-07-30,32.95,33.25,32.77,33.09,51942182,47.7,48.14,47.45,47.9,35878000,2026-03-10T02:45:48Z
BAC,2007-07-31,32.75,33.44,32.73,33.16,49051317,47.42,48.41,47.39,48.01,33881200,2026-03-10T02:45:48Z
BAC,2007-08-01,32.9,33.06,32.39,32.67,70087015,47.63,47.86,46.89,47.3,48411100,2026-03-10T02:45:48Z
BAC,2007-08-02,33,33.19,32.85,33,53885004,47.78,48.05,47.56,47.77,37219900,2026-03-10T02:45:48Z
BAC,2007-08-03,32.46,33.22,32.44,32.91,62969053,47,48.1,46.97,47.65,43494600,2026-03-10T02:45:48Z
BAC,2007-08-06,33.27,33.35,32.13,32.66,75621142,48.16,48.28,46.52,47.29,52233700,2026-03-10T02:45:48Z
BAC,2007-08-07,33.62,34.08,32.88,33.18,66780557,48.67,49.34,47.6,48.04,46127300,2026-03-10T02:45:48Z
BAC,2007-08-08,34.33,34.52,33.54,33.62,51698326,49.7,49.97,48.56,48.67,35709500,2026-03-10T02:45:48Z
BAC,2007-08-09,33.4,33.98,33.1,33.36,56602303,48.35,49.2,47.92,48.3,39096800,2026-03-10T02:45:48Z
BAC,2007-08-10,33.56,34.12,32.98,32.98,46567641,48.59,49.4,47.75,47.75,32165600,2026-03-10T02:45:48Z
BAC,2007-08-13,33.5,34.05,33.43,34.05,38023110,48.5,49.3,48.4,49.29,26263700,2026-03-10T02:45:48Z
BAC,2007-08-14,33.06,33.64,33.02,33.57,37810042,47.86,48.7,47.8,48.6,26116500,2026-03-10T02:45:48Z
BAC,2007-08-15,33.31,34.03,32.92,33.09,59206071,48.23,49.27,47.66,47.9,40895400,2026-03-10T02:45:48Z
BAC,2007-08-16,34.43,34.76,33,33.2,100463828,49.85,50.33,47.77,48.06,69393200,2026-03-10T02:45:48Z
BAC,2007-08-17,35.75,36.46,34.9,35.79,91923830,51.76,52.78,50.52,51.82,63494400,2026-03-10T02:45:48Z
BAC,2007-08-20,35.47,36.03,34.86,35.82,52498352,51.35,52.17,50.47,51.86,36262100,2026-03-10T02:45:48Z
BAC,2007-08-21,35.43,35.89,35.02,35.23,38624697,51.3,51.96,50.7,51,26679200,2026-03-10T02:45:48Z
BAC,2007-08-22,35.68,35.83,35.18,35.77,44369274,51.65,51.87,50.93,51.78,30647100,2026-03-10T02:45:48Z
BAC,2007-08-23,35.8,35.97,35.39,35.94,53739436,51.83,52.08,51.24,52.03,37119400,2026-03-10T02:45:48Z
BAC,2007-08-24,35.83,35.91,35.48,35.64,26657498,51.87,51.99,51.37,51.6,18413100,2026-03-10T02:45:48Z
BAC,2007-08-27,35.14,35.76,35.06,35.76,35519989,50.87,51.77,50.76,51.77,24534700,2026-03-10T02:45:48Z
BAC,2007-08-28,34.3,35.06,34.3,35.06,44014801,49.66,50.76,49.65,50.76,30402300,2026-03-10T02:45:48Z
BAC,2007-08-29,34.92,34.95,34.26,34.54,37171647,50.55,50.6,49.6,50.01,25675500,2026-03-10T02:45:48Z
BAC,2007-08-30,34.68,34.94,34.54,34.63,27372677,50.21,50.59,50,50.14,18907100,2026-03-10T02:45:48Z
BAC,2007-08-31,35.01,35.46,34.9,35.45,32597487,50.68,51.34,50.53,51.32,22516000,2026-03-10T02:45:48Z
BAC,2007-09-04,35.28,35.4,34.89,34.97,35332999,51.08,51.25,50.51,50.62,24405500,2026-03-10T02:45:48Z
BAC,2007-09-05,34.94,35.16,34.7,35.16,39114874,49.95,50.26,49.6,50.26,27360600,2026-03-10T02:45:48Z
BAC,2007-09-06,34.83,35.02,34.62,35.01,29532495,49.79,50.07,49.49,50.05,20657800,2026-03-10T02:45:48Z
BAC,2007-09-07,34.29,34.78,34.1,34.39,46941069,49.02,49.72,48.75,49.17,32835000,2026-03-10T02:45:48Z
BAC,2007-09-10,34.25,34.62,33.99,34.42,29525937,48.96,49.5,48.6,49.21,20653200,2026-03-10T02:45:48Z
BAC,2007-09-11,34.59,34.83,34.31,34.44,30079383,49.45,49.79,49.05,49.23,21040300,2026-03-10T02:45:48Z
BAC,2007-09-12,34.55,34.62,34.36,34.53,24250392,49.39,49.49,49.12,49.37,16963000,2026-03-10T02:45:48Z
BAC,2007-09-13,34.88,35.14,34.67,34.67,33520726,49.86,50.24,49.56,49.56,23447500,2026-03-10T02:45:48Z
BAC,2007-09-14,34.94,35.05,34.7,34.74,26440846,49.95,50.1,49.6,49.66,18495200,2026-03-10T02:45:48Z
BAC,2007-09-17,34.63,35.16,34.53,34.86,27361815,49.51,50.26,49.37,49.84,19139400,2026-03-10T02:45:48Z
BAC,2007-09-18,35.82,35.88,34.57,34.77,47855138,51.21,51.3,49.42,49.7,33474300,2026-03-10T02:45:48Z
BAC,2007-09-19,35.72,36.33,35.45,35.99,49202360,51.07,51.93,50.68,51.45,34416700,2026-03-10T02:45:48Z
BAC,2007-09-20,35.53,35.95,35.34,35.74,28574082,50.79,51.4,50.52,51.09,19987400,2026-03-10T02:45:48Z
BAC,2007-09-21,35.84,36,35.43,35.87,38345511,51.24,51.46,50.65,51.28,26822400,2026-03-10T02:45:48Z
BAC,2007-09-24,35.39,35.85,35.32,35.84,29557223,50.59,51.25,50.5,51.24,20675100,2026-03-10T02:45:48Z
BAC,2007-09-25,35.13,35.38,34.92,35.05,29646075,50.22,50.58,49.92,50.1,20737200,2026-03-10T02:45:48Z
BAC,2007-09-26,35.26,35.46,34.93,35.19,28931704,50.41,50.69,49.94,50.31,20237500,2026-03-10T02:45:48Z
BAC,2007-09-27,35.39,35.43,35.05,35.33,20007029,50.6,50.65,50.1,50.51,13994800,2026-03-10T02:45:48Z
BAC,2007-09-28,35.16,35.44,35.05,35.44,21057259,50.27,50.66,50.11,50.66,14729400,2026-03-10T02:45:48Z
BAC,2007-10-01,35.42,35.44,34.81,35,31697266,50.64,50.67,49.76,50.04,22172000,2026-03-10T02:45:48Z
BAC,2007-10-02,36.18,36.28,35.64,35.67,38063546,51.72,51.87,50.95,51,26625200,2026-03-10T02:45:48Z
BAC,2007-10-03,36.32,36.4,35.94,35.99,23522589,51.93,52.03,51.38,51.45,16453900,2026-03-10T02:45:48Z
BAC,2007-10-04,36.65,36.72,36.37,36.4,23721202,52.4,52.49,52,52.04,16592800,2026-03-10T02:45:48Z
BAC,2007-10-05,36.87,37.03,36.73,36.76,23742322,52.71,52.94,52.51,52.55,16607600,2026-03-10T02:45:48Z
BAC,2007-10-08,36.67,36.83,36.55,36.83,15517818,52.43,52.65,52.25,52.65,10854600,2026-03-10T02:45:48Z
BAC,2007-10-09,36.77,36.83,36.42,36.82,21106971,52.57,52.65,52.07,52.64,14764200,2026-03-10T02:45:48Z
BAC,2007-10-10,36.58,36.71,36.36,36.51,21988058,52.3,52.48,51.98,52.2,15380500,2026-03-10T02:45:48Z
BAC,2007-10-11,36.67,37.05,36.46,36.72,26479480,52.42,52.96,52.12,52.5,18522200,2026-03-10T02:45:48Z
BAC,2007-10-12,36.42,36.77,36.37,36.71,20965613,52.07,52.57,51.99,52.48,14665300,2026-03-10T02:45:48Z
BAC,2007-10-15,35.97,36.42,35.66,36.37,29836919,51.42,52.07,50.98,52,20870700,2026-03-10T02:45:48Z
BAC,2007-10-16,35.11,35.78,34.95,35.67,40116854,50.2,51.15,49.97,51,28061500,2026-03-10T02:45:48Z
BAC,2007-10-17,35,35.51,34.6,35.48,40520672,50.03,50.77,49.47,50.72,28343900,2026-03-10T02:45:48Z
BAC,2007-10-18,34.17,34.26,33.41,33.88,70096547,48.85,48.98,47.76,48.44,49032000,2026-03-10T02:45:48Z
BAC,2007-10-19,33.27,34.13,33.25,34.02,50974467,47.57,48.8,47.54,48.63,35656300,2026-03-10T02:45:48Z
BAC,2007-10-22,33.42,33.68,32.88,33.2,36492976,47.78,48.15,47,47.46,25526600,2026-03-10T02:45:48Z
BAC,2007-10-23,33.42,33.78,33.04,33.78,28619137,47.78,48.3,47.24,48.3,20018900,2026-03-10T02:45:48Z
BAC,2007-10-24,33.21,33.41,32.49,33.33,40059335,47.48,47.77,46.45,47.65,28021200,2026-03-10T02:45:48Z
BAC,2007-10-25,32.88,33.46,32.49,33.09,49226035,47,47.84,46.45,47.3,34433300,2026-03-10T02:45:48Z
BAC,2007-10-26,33.6,33.89,32.74,33.54,38020337,48.03,48.45,46.81,47.95,26595000,2026-03-10T02:45:48Z
BAC,2007-10-29,33.56,33.88,33.34,33.8,25107023,47.98,48.44,47.67,48.32,17562200,2026-03-10T02:45:48Z
BAC,2007-10-30,33.57,33.7,33.2,33.53,28964954,47.99,48.18,47.47,47.93,20260800,2026-03-10T02:45:48Z
BAC,2007-10-31,33.77,33.98,33.11,33.78,41612881,48.28,48.58,47.33,48.3,29107900,2026-03-10T02:45:48Z
BAC,2007-11-01,31.97,32.88,31.81,32.7,68627331,45.71,47,45.48,46.75,48004300,2026-03-10T02:45:48Z
BAC,2007-11-02,31.55,32.27,30.93,32.19,73723036,45.11,46.13,44.22,46.02,51568700,2026-03-10T02:45:48Z
BAC,2007-11-05,31.09,31.55,30.27,30.95,53977890,44.45,45.1,43.27,44.25,37757200,2026-03-10T02:45:48Z
BAC,2007-11-06,31.87,31.94,31.12,31.3,44480791,45.56,45.66,44.49,44.74,31114000,2026-03-10T02:45:48Z
BAC,2007-11-07,30.3,31.55,30.25,31.48,62358540,43.31,45.1,43.25,45,43619300,2026-03-10T02:45:48Z
BAC,2007-11-08,30.43,31.06,29.39,30.32,68761396,43.5,44.41,42.02,43.35,48098200,2026-03-10T02:45:48Z
BAC,2007-11-09,30.76,31.54,29.79,30.32,64609939,43.98,45.09,42.59,43.35,45194200,2026-03-10T02:45:48Z
BAC,2007-11-12,30.76,31.74,30.46,30.46,46747146,43.98,45.38,43.55,43.55,32699300,2026-03-10T02:45:48Z
BAC,2007-11-13,32.37,32.44,30.9,31.13,58448407,46.27,46.38,44.18,44.5,40884200,2026-03-10T02:45:48Z
BAC,2007-11-14,31.99,32.87,31.7,32.76,48584209,45.73,46.99,45.32,46.84,33984300,2026-03-10T02:45:48Z
BAC,2007-11-15,30.83,32.04,30.64,31.93,45768220,44.08,45.8,43.8,45.64,32014600,2026-03-10T02:45:48Z
BAC,2007-11-16,31.04,31.13,30.41,30.98,47910563,44.37,44.5,43.48,44.29,33513100,2026-03-10T02:45:48Z
BAC,2007-11-19,29.95,30.83,29.92,30.83,46452057,42.82,44.08,42.78,44.08,32492900,2026-03-10T02:45:48Z
BAC,2007-11-20,29.92,30.53,29.19,29.94,62207091,42.77,43.64,41.73,42.8,43513400,2026-03-10T02:45:48Z
BAC,2007-11-21,29.48,30.31,29.32,29.65,42094679,42.14,43.33,41.92,42.39,29444900,2026-03-10T02:45:48Z
BAC,2007-11-23,30.18,30.32,29.67,29.78,20681424,43.15,43.34,42.41,42.57,14466500,2026-03-10T02:45:48Z
BAC,2007-11-26,29.29,30.26,29.25,30.25,44848863,41.88,43.26,41.82,43.24,31371500,2026-03-10T02:45:48Z
BAC,2007-11-27,30.04,30.3,29.39,29.7,51038015,42.94,43.32,42.01,42.46,35700700,2026-03-10T02:45:48Z
BAC,2007-11-28,31.37,31.48,30.08,30.57,52338126,44.85,45,43,43.7,36610200,2026-03-10T02:45:48Z
BAC,2007-11-29,31.22,31.39,30.79,31.34,32320382,44.63,44.88,44.02,44.8,22607900,2026-03-10T02:45:48Z
BAC,2007-11-30,32.27,32.67,31.9,32.27,65033697,46.13,46.7,45.6,46.14,45490600,2026-03-10T02:45:48Z
BAC,2007-12-03,31.81,32.44,31.69,32.35,35873209,45.47,46.37,45.31,46.25,25093100,2026-03-10T02:45:48Z
BAC,2007-12-04,31.27,31.49,31.11,31.48,34676150,44.71,45.02,44.47,45,24255700,2026-03-10T02:45:48Z
BAC,2007-12-05,32.1,32.13,31.47,31.59,41215489,45.23,45.28,44.35,44.51,29248600,2026-03-10T02:45:48Z
BAC,2007-12-06,32.62,32.63,31.88,32.07,30678845,45.96,45.98,44.92,45.19,21771300,2026-03-10T02:45:48Z
BAC,2007-12-07,32.2,32.94,32.17,32.64,33716959,45.37,46.41,45.33,46,23927300,2026-03-10T02:45:48Z
BAC,2007-12-10,33.1,33.2,32.23,32.29,43041892,46.64,46.78,45.41,45.5,30544700,2026-03-10T02:45:48Z
BAC,2007-12-11,31.69,33.35,31.58,33.01,47910762,44.65,47,44.5,46.52,33999900,2026-03-10T02:45:48Z
BAC,2007-12-12,30.82,32.39,30.17,31.89,88247577,43.43,45.64,42.51,44.94,62625100,2026-03-10T02:45:48Z
BAC,2007-12-13,30.55,30.61,29.81,30.42,52923855,43.05,43.14,42.01,42.87,37557500,2026-03-10T02:45:48Z
BAC,2007-12-14,29.92,30.69,29.88,30.1,46542011,42.16,43.25,42.11,42.42,33028600,2026-03-10T02:45:48Z
BAC,2007-12-17,29.59,29.95,29.28,29.81,55534381,41.7,42.2,41.26,42.01,39410100,2026-03-10T02:45:48Z
BAC,2007-12-18,29.45,29.95,28.94,29.91,48840936,41.5,42.2,40.78,42.14,34660000,2026-03-10T02:45:48Z
BAC,2007-12-19,29.51,30.23,29.44,29.58,37758962,41.59,42.6,41.48,41.68,26795700,2026-03-10T02:45:48Z
BAC,2007-12-20,29.39,29.8,28.98,29.7,40585230,41.41,42,40.83,41.85,28801400,2026-03-10T02:45:48Z
BAC,2007-12-21,29.75,29.86,29.14,29.8,60314373,41.92,42.07,41.07,41.99,42802200,2026-03-10T02:45:48Z
BAC,2007-12-24,30,30.28,29.61,29.61,17927228,42.28,42.67,41.73,41.73,12722100,2026-03-10T02:45:48Z
BAC,2007-12-26,30.02,30.03,29.63,29.86,21766288,42.3,42.32,41.75,42.08,15446500,2026-03-10T02:45:48Z
BAC,2007-12-27,29.42,29.83,29.32,29.8,27175499,41.46,42.03,41.32,42,19285100,2026-03-10T02:45:48Z
BAC,2007-12-28,29.17,29.73,28.98,29.59,33144691,41.1,41.89,40.84,41.7,23521200,2026-03-10T02:45:48Z
BAC,2007-12-31,29.28,29.52,28.82,29.03,34753984,41.26,41.6,40.61,40.91,24663200,2026-03-10T02:45:48Z
BAC,2008-01-02,28.78,29.49,28.63,29.47,43354326,40.56,41.55,40.35,41.53,30766500,2026-03-10T02:45:48Z
BAC,2008-01-03,28.6,28.96,28.56,28.83,31450738,40.3,40.81,40.25,40.63,22319100,2026-03-10T02:45:48Z
BAC,2008-01-04,28.28,28.59,28.22,28.39,49211214,39.85,40.29,39.76,40,34922800,2026-03-10T02:45:48Z
BAC,2008-01-07,28.32,28.56,27.86,28.42,44929934,39.9,40.24,39.26,40.05,31884600,2026-03-10T02:45:48Z
BAC,2008-01-08,27.26,28.54,27.17,28.51,59389183,38.41,40.21,38.28,40.18,42145600,2026-03-10T02:45:48Z
BAC,2008-01-09,27.49,27.53,26.55,27.24,62392741,38.74,38.79,37.42,38.38,44277100,2026-03-10T02:45:48Z
BAC,2008-01-10,27.89,28.25,26.9,27.25,85304840,39.3,39.81,37.9,38.4,60536700,2026-03-10T02:45:48Z
BAC,2008-01-11,27.32,28.23,26.37,27.97,111493811,38.5,39.78,37.16,39.41,79121800,2026-03-10T02:45:48Z
BAC,2008-01-14,27.83,27.89,27.26,27.51,52228230,39.22,39.3,38.41,38.76,37063800,2026-03-10T02:45:48Z
BAC,2008-01-15,26.88,27.54,26.83,27.54,59976902,37.88,38.8,37.81,38.8,42562700,2026-03-10T02:45:48Z
BAC,2008-01-16,27.46,27.97,26.74,26.74,65468510,38.69,39.41,37.68,37.68,46459800,2026-03-10T02:45:48Z
BAC,2008-01-17,26.19,27.8,26.1,27.8,65847907,36.91,39.17,36.78,39.17,46729000,2026-03-10T02:45:48Z
BAC,2008-01-18,25.53,26.6,24.93,26.43,85623749,35.97,37.48,35.13,37.25,60763100,2026-03-10T02:45:48Z
BAC,2008-01-22,26.53,27.66,23.5,23.5,121064358,37.39,38.98,33.12,33.12,85913600,2026-03-10T02:45:48Z
BAC,2008-01-23,28.79,29.1,25.97,26.14,131801846,40.57,41,36.6,36.83,93533504,2026-03-10T02:45:48Z
BAC,2008-01-24,28.32,28.95,27.57,28.74,154743412,39.9,40.79,38.85,40.5,109813904,2026-03-10T02:45:48Z
BAC,2008-01-25,28.02,28.78,27.8,28.47,110213559,39.48,40.55,39.18,40.12,78213104,2026-03-10T02:45:48Z
BAC,2008-01-28,29.24,29.29,27.79,27.98,66696073,41.2,41.28,39.16,39.43,47330900,2026-03-10T02:45:48Z
BAC,2008-01-29,29.76,29.89,29.1,29.56,76393646,41.94,42.12,41,41.66,54212900,2026-03-10T02:45:48Z
BAC,2008-01-30,29.95,31,29.26,29.69,100860741,42.21,43.69,41.23,41.84,71576000,2026-03-10T02:45:48Z
BAC,2008-01-31,31.33,31.58,29.36,29.65,113263397,44.15,44.5,41.37,41.78,80377504,2026-03-10T02:45:48Z
BAC,2008-02-01,31.96,31.99,31.27,31.33,84847860,45.03,45.08,44.07,44.15,60212400,2026-03-10T02:45:48Z
BAC,2008-02-04,31.25,31.82,31.15,31.76,51154470,44.03,44.84,43.9,44.75,36301900,2026-03-10T02:45:48Z
BAC,2008-02-05,30.07,30.79,30.02,30.53,78544557,42.37,43.39,42.3,43.02,55739200,2026-03-10T02:45:48Z
BAC,2008-02-06,30.04,30.75,29.95,30.31,53125180,42.33,43.33,42.21,42.71,37700300,2026-03-10T02:45:48Z
BAC,2008-02-07,30.78,31.09,29.72,29.93,67382762,43.37,43.81,41.88,42.17,47818300,2026-03-10T02:45:48Z
BAC,2008-02-08,29.92,30.76,29.49,30.67,62979522,42.16,43.34,41.55,43.22,44693500,2026-03-10T02:45:48Z
BAC,2008-02-11,29.9,30.37,29.57,30.37,51180217,42.14,42.79,41.67,42.79,36320100,2026-03-10T02:45:48Z
BAC,2008-02-12,30.39,30.75,29.93,30.1,56363680,42.82,43.33,42.17,42.41,39998600,2026-03-10T02:45:48Z
BAC,2008-02-13,30.75,30.86,30.17,30.56,47058872,43.33,43.49,42.51,43.06,33395400,2026-03-10T02:45:48Z
BAC,2008-02-14,29.98,30.94,29.9,30.8,52617480,42.24,43.6,42.13,43.4,37340100,2026-03-10T02:45:48Z
BAC,2008-02-15,30.3,30.3,29.58,29.8,72264114,42.7,42.7,41.68,41.99,51282300,2026-03-10T02:45:48Z
BAC,2008-02-19,30.28,30.73,30.05,30.64,46324470,42.67,43.3,42.35,43.18,32874200,2026-03-10T02:45:48Z
BAC,2008-02-20,30.49,30.66,29.73,29.95,54184951,42.97,43.21,41.89,42.2,38452400,2026-03-10T02:45:48Z
BAC,2008-02-21,29.95,30.87,29.8,30.65,50953021,42.21,43.5,42,43.19,36158900,2026-03-10T02:45:48Z
BAC,2008-02-22,30.23,30.27,29.12,30.02,47567091,42.6,42.65,41.03,42.3,33756000,2026-03-10T02:45:48Z
BAC,2008-02-25,30.47,30.54,29.61,30,42235004,42.94,43.03,41.72,42.27,29972100,2026-03-10T02:45:48Z
BAC,2008-02-26,30.32,30.67,30.04,30.31,43034947,42.72,43.22,42.33,42.71,30539800,2026-03-10T02:45:48Z
BAC,2008-02-27,30.43,30.69,29.94,30.05,41867113,42.88,43.25,42.19,42.35,29711100,2026-03-10T02:45:48Z
BAC,2008-02-28,29.39,30.33,29.34,30.22,49250591,41.42,42.74,41.35,42.59,34950800,2026-03-10T02:45:48Z
BAC,2008-02-29,28.2,29.14,28.06,29.11,55962077,39.74,41.07,39.54,41.02,39713500,2026-03-10T02:45:48Z
BAC,2008-03-03,27.8,28.36,27.37,28.2,52508537,39.18,39.96,38.57,39.74,37262700,2026-03-10T02:45:48Z
BAC,2008-03-04,27.52,27.74,26.81,27.51,65645424,38.78,39.09,37.78,38.76,46585400,2026-03-10T02:45:48Z
BAC,2008-03-05,27.09,27.95,26.85,27.89,71858274,37.55,38.73,37.21,38.65,51850100,2026-03-10T02:45:48Z
BAC,2008-03-06,26.35,26.86,26.18,26.66,72012922,36.52,37.23,36.28,36.95,51961700,2026-03-10T02:45:48Z
BAC,2008-03-07,26.51,27.11,25.9,26,60793871,36.74,37.57,35.9,36.04,43866400,2026-03-10T02:45:48Z
BAC,2008-03-10,25.48,26.84,25.36,26.79,69794983,35.31,37.2,35.15,37.13,50361300,2026-03-10T02:45:48Z
BAC,2008-03-11,27.22,27.24,25.67,26.62,94367632,37.72,37.75,35.58,36.9,68091800,2026-03-10T02:45:48Z
BAC,2008-03-12,26.72,28.07,26.68,26.94,57857068,37.03,38.9,36.98,37.34,41747400,2026-03-10T02:45:48Z
BAC,2008-03-13,26.8,27.09,25.58,26.24,74230107,37.14,37.55,35.45,36.36,53561400,2026-03-10T02:45:48Z
BAC,2008-03-14,25.75,27.14,25.4,27.04,79816290,35.69,37.61,35.2,37.48,57592300,2026-03-10T02:45:48Z
BAC,2008-03-17,25.95,26.27,24.71,24.79,93633914,35.96,36.4,34.25,34.36,67562496,2026-03-10T02:45:48Z
BAC,2008-03-18,28.09,28.09,26.34,26.75,95158504,38.93,38.93,36.5,37.07,68662496,2026-03-10T02:45:48Z
BAC,2008-03-19,27.82,29.19,27.7,28.34,85872864,38.56,40.46,38.39,39.28,61962300,2026-03-10T02:45:48Z
BAC,2008-03-20,30.2,30.3,27.82,28.03,96408211,41.86,41.99,38.56,38.85,69564304,2026-03-10T02:45:48Z
BAC,2008-03-24,30.63,31.36,29.91,30.12,86860894,42.45,43.46,41.45,41.75,62675300,2026-03-10T02:45:48Z
BAC,2008-03-25,29.56,30.49,29.37,30.05,72609937,40.97,42.25,40.7,41.65,52392400,2026-03-10T02:45:48Z
BAC,2008-03-26,28.75,29.19,28.14,29.03,70747808,39.84,40.45,39,40.23,51048700,2026-03-10T02:45:48Z
BAC,2008-03-27,27.88,29.14,27.86,28.87,59310473,38.64,40.38,38.61,40.01,42796100,2026-03-10T02:45:48Z
BAC,2008-03-28,27.47,28.25,27.41,27.98,53305177,38.07,39.15,37.98,38.78,38462900,2026-03-10T02:45:48Z
BAC,2008-03-31,27.35,28.86,27.26,27.53,51320409,37.91,40,37.78,38.15,37030700,2026-03-10T02:45:48Z
BAC,2008-04-01,29.48,29.5,28.28,28.32,72664051,40.86,40.88,39.19,39.25,52431400,2026-03-10T02:45:48Z
BAC,2008-04-02,29.08,30.2,28.88,29.5,56166353,40.3,41.86,40.02,40.89,40527300,2026-03-10T02:45:48Z
BAC,2008-04-03,29.13,29.35,28.31,28.67,43029094,40.37,40.67,39.24,39.73,31048100,2026-03-10T02:45:48Z
BAC,2008-04-04,28.44,29.06,28.36,29.02,43509029,39.41,40.28,39.31,40.22,31394400,2026-03-10T02:45:48Z
BAC,2008-04-07,28.5,29.15,28.4,28.75,44525780,39.5,40.4,39.36,39.85,32128000,2026-03-10T02:45:48Z
BAC,2008-04-08,27.69,28.36,27.6,28.27,54925802,38.38,39.3,38.25,39.18,39632300,2026-03-10T02:45:48Z
BAC,2008-04-09,27.37,28,27.32,27.87,44262938,37.93,38.8,37.86,38.63,31938400,2026-03-10T02:45:48Z
BAC,2008-04-10,27.2,27.64,26.96,27.35,51840587,37.69,38.3,37.36,37.91,37406100,2026-03-10T02:45:48Z
BAC,2008-04-11,26.65,27.33,26.55,26.82,49547694,36.94,37.88,36.8,37.17,35751600,2026-03-10T02:45:48Z
BAC,2008-04-14,25.67,26.37,25.57,26.27,61246897,35.58,36.54,35.44,36.4,44193300,2026-03-10T02:45:48Z
BAC,2008-04-15,25.67,26.31,25.45,26.05,61452286,35.58,36.46,35.27,36.11,44341500,2026-03-10T02:45:48Z
BAC,2008-04-16,26.68,26.68,26.07,26.27,52821225,36.98,36.98,36.13,36.4,38113700,2026-03-10T02:45:48Z
BAC,2008-04-17,27.04,27.23,26.16,26.49,41718858,37.47,37.74,36.25,36.71,30102600,2026-03-10T02:45:48Z
BAC,2008-04-18,27.82,28.59,27.51,27.77,66931088,38.56,39.62,38.12,38.49,48294700,2026-03-10T02:45:48Z
BAC,2008-04-21,27.14,27.6,26.96,27.27,53124706,37.61,38.25,37.36,37.79,38332700,2026-03-10T02:45:48Z
BAC,2008-04-22,26.7,27.22,26.48,27.14,58396572,37,37.72,36.7,37.62,42136600,2026-03-10T02:45:48Z
BAC,2008-04-23,26.6,26.94,26.34,26.84,41892151,36.86,37.33,36.5,37.2,30227700,2026-03-10T02:45:48Z
BAC,2008-04-24,27.33,27.56,26.62,26.7,55066333,37.87,38.19,36.89,37.01,39733700,2026-03-10T02:45:48Z
BAC,2008-04-25,27.64,27.91,27.09,27.61,48043072,38.3,38.68,37.54,38.27,34665900,2026-03-10T02:45:48Z
BAC,2008-04-28,27.55,27.83,27.32,27.67,33604625,38.18,38.57,37.86,38.35,24247700,2026-03-10T02:45:48Z
BAC,2008-04-29,27.32,27.73,27.2,27.47,39163429,37.86,38.43,37.69,38.07,28258700,2026-03-10T02:45:48Z
BAC,2008-04-30,27.09,27.74,27,27.43,46780971,37.54,38.44,37.42,38.01,33755200,2026-03-10T02:45:48Z
BAC,2008-05-01,28.42,28.49,27.1,27.17,57548188,39.39,39.49,37.56,37.66,41524400,2026-03-10T02:45:48Z
BAC,2008-05-02,28.71,29.33,28.42,28.99,61471200,39.79,40.65,39.39,40.18,44355200,2026-03-10T02:45:48Z
BAC,2008-05-05,28.12,28.52,28,28.43,45411459,38.97,39.53,38.8,39.4,32767100,2026-03-10T02:45:48Z
BAC,2008-05-06,28.31,28.46,27.5,27.89,49338685,39.24,39.44,38.11,38.66,35600800,2026-03-10T02:45:48Z
BAC,2008-05-07,27.42,28.44,27.31,28.34,50655486,38,39.42,37.85,39.28,36551000,2026-03-10T02:45:48Z
BAC,2008-05-08,26.94,27.64,26.86,27.56,49791627,37.33,38.31,37.22,38.19,35927600,2026-03-10T02:45:48Z
BAC,2008-05-09,26.45,27.04,26.36,26.85,59667606,36.65,37.47,36.53,37.21,43053800,2026-03-10T02:45:48Z
BAC,2008-05-12,27.02,27.12,26.52,26.57,37016748,37.44,37.58,36.76,36.82,26709800,2026-03-10T02:45:48Z
BAC,2008-05-13,26.42,27.13,26.34,27.03,49162809,36.61,37.6,36.5,37.46,35473900,2026-03-10T02:45:48Z
BAC,2008-05-14,26.55,26.7,26.34,26.51,39840357,36.8,37,36.5,36.74,28747200,2026-03-10T02:45:48Z
BAC,2008-05-15,26.49,26.62,26.05,26.61,64916209,36.71,36.89,36.11,36.88,46841000,2026-03-10T02:45:48Z
BAC,2008-05-16,26.1,26.57,26,26.54,44547410,36.17,36.82,36.04,36.78,32143600,2026-03-10T02:45:48Z
BAC,2008-05-19,26.05,26.5,25.72,26.14,52375161,36.1,36.72,35.65,36.22,37791800,2026-03-10T02:45:48Z
BAC,2008-05-20,25.54,25.94,25.45,25.86,50636552,35.39,35.95,35.27,35.84,36537300,2026-03-10T02:45:48Z
BAC,2008-05-21,24.99,25.65,24.89,25.54,61387467,34.63,35.55,34.5,35.4,44294700,2026-03-10T02:45:48Z
BAC,2008-05-22,25.06,25.49,24.89,25.07,55893711,34.73,35.33,34.49,34.75,40330700,2026-03-10T02:45:48Z
BAC,2008-05-23,24.48,24.98,24.46,24.95,58805994,33.93,34.62,33.9,34.58,42432000,2026-03-10T02:45:48Z
BAC,2008-05-27,24.66,24.79,24.32,24.55,52625427,34.17,34.35,33.71,34.02,37972400,2026-03-10T02:45:48Z
BAC,2008-05-28,24.44,24.88,23.99,24.85,64619810,33.87,34.48,33.25,34.44,46627000,2026-03-10T02:45:48Z
BAC,2008-05-29,24.97,25.09,24.3,24.37,52629252,34.6,34.77,33.67,33.78,37975200,2026-03-10T02:45:48Z
BAC,2008-05-30,24.54,25.16,24.52,25.11,44306188,34.01,34.87,33.98,34.8,31969500,2026-03-10T02:45:48Z
BAC,2008-06-02,24.23,24.49,23.96,24.42,55146040,33.58,33.94,33.2,33.84,39791200,2026-03-10T02:45:48Z
BAC,2008-06-03,24.04,24.48,23.74,24.39,67143171,33.31,33.93,32.9,33.8,48447700,2026-03-10T02:45:48Z
BAC,2008-06-04,23.53,23.98,23.4,23.77,83104890,31.99,32.6,31.81,32.31,61139900,2026-03-10T02:45:48Z
BAC,2008-06-05,23.53,23.82,23.22,23.64,71421799,31.99,32.38,31.56,32.14,52544700,2026-03-10T02:45:48Z
BAC,2008-06-06,22.44,23.31,22.36,23.25,95405417,30.5,31.69,30.39,31.6,70189296,2026-03-10T02:45:48Z
BAC,2008-06-09,21.78,22.7,21.59,22.59,95027283,29.61,30.85,29.34,30.71,69911000,2026-03-10T02:45:48Z
BAC,2008-06-10,21.79,22.46,21.57,21.64,84157787,29.62,30.53,29.32,29.42,61914500,2026-03-10T02:45:48Z
BAC,2008-06-11,21.22,22.2,21.21,22.11,93138326,28.85,30.18,28.83,30.05,68521400,2026-03-10T02:45:48Z
BAC,2008-06-12,21.66,22.1,21.34,21.38,83097467,29.44,30.04,29,29.06,61134500,2026-03-10T02:45:48Z
BAC,2008-06-13,21.91,22,21.36,21.91,69960233,29.78,29.9,29.04,29.78,51469400,2026-03-10T02:45:48Z
BAC,2008-06-16,22.31,22.63,21.67,21.83,61424698,30.32,30.76,29.45,29.67,45189900,2026-03-10T02:45:48Z
BAC,2008-06-17,21.51,22.73,21.46,22.6,60539281,29.24,30.89,29.17,30.72,44538400,2026-03-10T02:45:48Z
BAC,2008-06-18,20.87,21.3,20.6,21.23,99261764,28.37,28.95,28,28.85,73026496,2026-03-10T02:45:48Z
BAC,2008-06-19,20.7,20.95,19.85,20.94,141990074,28.14,28.47,26.98,28.46,104461600,2026-03-10T02:45:48Z
BAC,2008-06-20,19.94,20.67,19.83,20.1,122234021,27.1,28.1,26.95,27.32,89926800,2026-03-10T02:45:48Z
BAC,2008-06-23,19.04,20.05,19,20,94777375,25.88,27.26,25.83,27.18,69727296,2026-03-10T02:45:48Z
BAC,2008-06-24,19.58,19.75,18.8,19.12,101605028,26.62,26.84,25.55,25.99,74750304,2026-03-10T02:45:48Z
BAC,2008-06-25,19.58,20.55,19.39,19.78,98637024,26.61,27.94,26.35,26.89,72566600,2026-03-10T02:45:48Z
BAC,2008-06-26,18.25,19.04,18.19,19.04,130685080,24.81,25.88,24.73,25.88,96144400,2026-03-10T02:45:48Z
BAC,2008-06-27,18.09,18.72,17.84,18.39,113246910,24.59,25.44,24.25,25,83315000,2026-03-10T02:45:48Z
BAC,2008-06-30,17.56,18.42,16.51,18.2,108125613,23.87,25.04,22.44,24.74,79547296,2026-03-10T02:45:48Z
BAC,2008-07-01,17.52,17.83,16.68,17.15,143881217,23.81,24.23,22.67,23.31,105852704,2026-03-10T02:45:48Z
BAC,2008-07-02,16.58,17.87,16.58,17.69,103393992,22.54,24.29,22.54,24.05,76066600,2026-03-10T02:45:48Z
BAC,2008-07-03,16.48,16.83,15.98,16.74,63409438,22.4,22.88,21.72,22.75,46650100,2026-03-10T02:45:48Z
BAC,2008-07-07,15.84,16.88,15.52,16.63,133320988,21.53,22.95,21.1,22.61,98083504,2026-03-10T02:45:48Z
BAC,2008-07-08,17.32,17.41,15.54,15.86,142684886,23.54,23.67,21.12,21.56,104972800,2026-03-10T02:45:48Z
BAC,2008-07-09,16.23,17.66,16.09,17.36,132080254,22.06,24,21.87,23.59,97170600,2026-03-10T02:45:48Z
BAC,2008-07-10,16.45,17.07,15.66,15.91,153244730,22.36,23.2,21.28,21.62,112741104,2026-03-10T02:45:48Z
BAC,2008-07-11,15.94,16.53,15.33,15.68,181776955,21.67,22.47,20.84,21.31,133732304,2026-03-10T02:45:48Z
BAC,2008-07-14,14.82,16.88,14.75,16.77,139781678,20.15,22.94,20.05,22.8,102837000,2026-03-10T02:45:48Z
BAC,2008-07-15,13.63,14.91,13.57,14.38,253087631,18.52,20.27,18.44,19.55,186195696,2026-03-10T02:45:48Z
BAC,2008-07-16,16.68,16.86,14.01,14.31,259767109,22.67,22.92,19.04,19.45,191109296,2026-03-10T02:45:48Z
BAC,2008-07-17,19.5,19.5,17.51,17.62,257087333,26.5,26.5,23.8,23.95,189137696,2026-03-10T02:45:48Z
BAC,2008-07-18,20.22,20.59,18.83,20.2,214497911,27.49,27.99,25.6,27.46,157804608,2026-03-10T02:45:48Z
BAC,2008-07-21,21.01,22.73,20.75,22.3,222600790,28.56,30.9,28.2,30.31,163765904,2026-03-10T02:45:48Z
BAC,2008-07-22,23.8,24.6,20.01,20.49,190008759,32.35,33.44,27.2,27.85,139788304,2026-03-10T02:45:48Z
BAC,2008-07-23,24.6,25.2,23.36,23.58,216924073,33.44,34.26,31.75,32.05,159589696,2026-03-10T02:45:48Z
BAC,2008-07-24,22.54,25.01,22.42,24.77,163979730,30.64,34,30.48,33.67,120639104,2026-03-10T02:45:48Z
BAC,2008-07-25,21.76,22.87,21.34,22.51,121969197,29.58,31.09,29.01,30.6,89732304,2026-03-10T02:45:48Z
BAC,2008-07-28,20.64,22.5,20.55,21.59,99611119,28.06,30.59,27.94,29.34,73283400,2026-03-10T02:45:48Z
BAC,2008-07-29,23.7,23.7,20.45,20.72,148514097,32.22,32.22,27.8,28.16,109261104,2026-03-10T02:45:48Z
BAC,2008-07-30,24.73,25.38,23.54,24.56,162389095,33.61,34.5,31.99,33.38,119468800,2026-03-10T02:45:48Z
BAC,2008-07-31,24.2,24.9,23.63,24.08,90103385,32.9,33.84,32.12,32.73,66288700,2026-03-10T02:45:48Z
BAC,2008-08-01,24.52,24.65,23.49,24.43,79778492,33.33,33.5,31.93,33.2,58692600,2026-03-10T02:45:48Z
BAC,2008-08-04,24,24.72,23.32,23.98,80325441,32.62,33.6,31.7,32.6,59095100,2026-03-10T02:45:48Z
BAC,2008-08-05,24.7,25.16,24.32,24.48,100967550,33.58,34.2,33.05,33.28,74281200,2026-03-10T02:45:48Z
BAC,2008-08-06,24.61,25,23.7,24.29,75612986,33.45,33.98,32.22,33.02,55628100,2026-03-10T02:45:48Z
BAC,2008-08-07,23.19,24.68,22.92,24.1,105842532,31.52,33.54,31.15,32.76,77867800,2026-03-10T02:45:48Z
BAC,2008-08-08,23.73,24.09,22.64,22.81,83137316,32.25,32.75,30.77,31,61163800,2026-03-10T02:45:48Z
BAC,2008-08-11,24.56,25,23.56,23.68,85850247,33.38,33.98,32.02,32.18,63159600,2026-03-10T02:45:48Z
BAC,2008-08-12,22.9,24.28,22.69,24.25,80553569,31.13,33,30.84,32.96,59262900,2026-03-10T02:45:48Z
BAC,2008-08-13,21.23,22.55,20.97,22.38,133518521,28.86,30.65,28.5,30.42,98229104,2026-03-10T02:45:48Z
BAC,2008-08-14,22.2,22.43,21.06,21.25,87921798,30.18,30.49,28.63,28.88,64683700,2026-03-10T02:45:48Z
BAC,2008-08-15,22.59,23.17,22.26,22.44,75391284,30.7,31.5,30.26,30.5,55464900,2026-03-10T02:45:48Z
BAC,2008-08-18,21.56,22.67,21.56,22.59,80948758,29.3,30.81,29.3,30.71,59553700,2026-03-10T02:45:48Z
BAC,2008-08-19,20.66,21.34,20.42,21.31,96914418,28.08,29,27.75,28.96,71299400,2026-03-10T02:45:48Z
BAC,2008-08-20,21.55,21.63,20.39,20.82,85827443,29.29,29.4,27.72,28.3,63142800,2026-03-10T02:45:48Z
BAC,2008-08-21,21.36,21.59,20.59,21.08,67835670,29.04,29.35,27.98,28.65,49906400,2026-03-10T02:45:48Z
BAC,2008-08-22,22.23,22.39,21.54,22.06,75357470,30.21,30.43,29.28,29.98,55440000,2026-03-10T02:45:48Z
BAC,2008-08-25,21.31,22.11,21.23,22.03,56375877,28.96,30.05,28.85,29.94,41475400,2026-03-10T02:45:48Z
BAC,2008-08-26,21.35,21.7,20.93,21.37,59123329,29.02,29.49,28.45,29.05,43496800,2026-03-10T02:45:48Z
BAC,2008-08-27,21.81,21.95,21.18,21.46,53177610,29.65,29.84,28.79,29.17,39122400,2026-03-10T02:45:48Z
BAC,2008-08-28,23.12,23.12,21.92,22.15,87686584,31.43,31.43,29.8,30.11,64510600,2026-03-10T02:45:48Z
BAC,2008-08-29,22.91,23.16,22.6,22.8,55500955,31.14,31.48,30.72,30.99,40831700,2026-03-10T02:45:48Z
BAC,2008-09-02,24.01,24.38,23.59,24.07,96092114,32.63,33.14,32.06,32.71,70694400,2026-03-10T02:45:48Z
BAC,2008-09-03,24.73,24.76,23.68,24.17,95643502,32.96,32.99,31.55,32.21,71772096,2026-03-10T02:45:48Z
BAC,2008-09-04,22.96,24.61,22.89,24.45,95138960,30.6,32.8,30.5,32.58,71393400,2026-03-10T02:45:48Z
BAC,2008-09-05,24.19,24.23,22.38,22.57,113747138,32.23,32.29,29.82,30.08,85357296,2026-03-10T02:45:48Z
BAC,2008-09-08,26.06,26.79,25.1,26.46,218827548,34.73,35.7,33.45,35.26,164211392,2026-03-10T02:45:48Z
BAC,2008-09-09,24.4,26.34,24.24,25.74,142589922,32.52,35.1,32.3,34.3,107001200,2026-03-10T02:45:48Z
BAC,2008-09-10,24.31,25.03,23.41,24.74,117440438,32.4,33.36,31.2,32.97,88128896,2026-03-10T02:45:48Z
BAC,2008-09-11,24.81,24.94,22.79,23.23,124540379,33.06,33.23,30.37,30.96,93456896,2026-03-10T02:45:48Z
BAC,2008-09-12,25.32,25.81,24.09,24.22,105303636,33.74,34.4,32.1,32.28,79021104,2026-03-10T02:45:48Z
BAC,2008-09-15,19.92,22.59,19.92,21.18,370323288,26.55,30.11,26.55,28.23,277895904,2026-03-10T02:45:48Z
BAC,2008-09-16,22.17,22.32,18.76,18.8,230906744,29.55,29.75,25,25.05,173275392,2026-03-10T02:45:48Z
BAC,2008-09-17,20.41,22.06,19.9,21.48,232486514,27.2,29.4,26.52,28.62,174460608,2026-03-10T02:45:48Z
BAC,2008-09-18,22.95,24.09,20.16,21.1,300045425,30.58,32.1,26.86,28.12,225157696,2026-03-10T02:45:48Z
BAC,2008-09-19,28.13,29.64,25.82,28.92,226054296,37.48,39.5,34.41,38.54,169634208,2026-03-10T02:45:48Z
BAC,2008-09-22,25.63,27.01,25.51,26.99,86118596,34.15,35.99,34,35.97,64624500,2026-03-10T02:45:48Z
BAC,2008-09-23,24.99,26.6,24.01,25.81,72749535,33.3,35.45,32,34.4,54592300,2026-03-10T02:45:48Z
BAC,2008-09-24,24.82,25.95,24.76,25.34,61692990,33.07,34.58,33,33.77,46295300,2026-03-10T02:45:48Z
BAC,2008-09-25,25.79,26.64,25.15,25.57,80523104,34.37,35.5,33.52,34.07,60425600,2026-03-10T02:45:48Z
BAC,2008-09-26,27.54,28.14,24.98,25.33,95842545,36.7,37.5,33.29,33.76,71921600,2026-03-10T02:45:48Z
BAC,2008-09-29,22.7,27.54,22.7,27.54,133686871,30.25,36.7,30.25,36.7,100320400,2026-03-10T02:45:48Z
BAC,2008-09-30,26.26,26.59,23.9,24.31,105557160,35,35.43,31.85,32.4,79211600,2026-03-10T02:45:48Z
BAC,2008-10-01,28.61,28.89,25.68,25.94,103292925,38.13,38.5,34.22,34.57,77512496,2026-03-10T02:45:48Z
BAC,2008-10-02,27.29,28.85,27.25,28.4,80611669,36.37,38.44,36.31,37.84,60492000,2026-03-10T02:45:48Z
BAC,2008-10-03,25.87,28.89,25.53,28.41,94677739,34.48,38.5,34.02,37.86,71047296,2026-03-10T02:45:48Z
BAC,2008-10-06,24.18,25.13,23.1,23.85,109809165,32.22,33.49,30.78,31.78,82402200,2026-03-10T02:45:48Z
BAC,2008-10-07,17.84,22.69,17.84,22.27,191301913,23.77,30.24,23.77,29.68,143555296,2026-03-10T02:45:48Z
BAC,2008-10-08,16.58,17.79,15.02,15.28,430081741,22.1,23.7,20.01,20.36,322738400,2026-03-10T02:45:48Z
BAC,2008-10-09,14.73,18.01,14.64,17.51,263697702,19.63,24,19.51,23.33,197882096,2026-03-10T02:45:48Z
BAC,2008-10-10,15.66,16.62,14.25,14.56,283871367,20.87,22.15,18.99,19.4,213020496,2026-03-10T02:45:48Z
BAC,2008-10-13,17.1,18.24,16.25,17.84,226276506,22.79,24.31,21.65,23.78,169800704,2026-03-10T02:45:48Z
BAC,2008-10-14,19.91,20.42,18.76,19.8,285105564,26.53,27.21,25,26.38,213947392,2026-03-10T02:45:48Z
BAC,2008-10-15,17.87,19.57,17.71,19.06,157597012,23.82,26.08,23.6,25.4,118262600,2026-03-10T02:45:48Z
BAC,2008-10-16,18.2,18.77,16.59,18.32,176346640,24.25,25.02,22.11,24.41,132332704,2026-03-10T02:45:48Z
BAC,2008-10-17,17.44,18.59,17.38,17.65,151558661,23.24,24.78,23.16,23.52,113731600,2026-03-10T02:45:48Z
BAC,2008-10-20,18.31,18.35,17.27,17.93,113075061,24.4,24.45,23.01,23.9,84853104,2026-03-10T02:45:48Z
BAC,2008-10-21,17.99,18.7,17.79,17.98,100569413,23.97,24.92,23.7,23.96,75468600,2026-03-10T02:45:48Z
BAC,2008-10-22,17,18.3,16.25,17.59,132126116,22.66,24.39,21.66,23.44,99149400,2026-03-10T02:45:48Z
BAC,2008-10-23,17.26,17.41,16.18,16.99,129695503,23,23.2,21.56,22.64,97325200,2026-03-10T02:45:48Z
BAC,2008-10-24,15.81,21.45,15.38,15.4,141810190,21.07,28.59,20.49,20.52,106416200,2026-03-10T02:45:48Z
BAC,2008-10-27,15.41,16.36,15.38,15.66,97943802,20.53,21.8,20.49,20.87,73498400,2026-03-10T02:45:48Z
BAC,2008-10-28,17.27,17.46,15.02,15.9,147211137,23.02,23.27,20.02,21.19,110469104,2026-03-10T02:45:48Z
BAC,2008-10-29,16.75,17.87,16.58,17.25,147420958,22.32,23.81,22.1,22.99,110626496,2026-03-10T02:45:48Z
BAC,2008-10-30,17.09,17.62,16.64,17.48,102710547,22.78,23.48,22.17,23.3,77075296,2026-03-10T02:45:48Z
BAC,2008-10-31,18.14,18.14,16.77,16.8,179414362,24.17,24.17,22.35,22.39,134635008,2026-03-10T02:45:48Z
BAC,2008-11-03,17.72,18.05,17.33,17.99,78870619,23.61,24.06,23.1,23.97,59185700,2026-03-10T02:45:48Z
BAC,2008-11-04,18.41,18.48,17.61,18.06,120305561,24.53,24.62,23.47,24.07,90278704,2026-03-10T02:45:48Z
BAC,2008-11-05,16.32,18.27,16.18,18.09,117864972,21.75,24.35,21.56,24.11,88447504,2026-03-10T02:45:48Z
BAC,2008-11-06,15.1,16.74,14.98,16.21,157999372,20.12,22.31,19.96,21.6,118564704,2026-03-10T02:45:48Z
BAC,2008-11-07,15.38,15.56,14.97,15.33,109294740,20.49,20.74,19.95,20.43,82016400,2026-03-10T02:45:48Z
BAC,2008-11-10,14.62,15.86,14.29,15.8,106485086,19.48,21.14,19.05,21.05,79908096,2026-03-10T02:45:48Z
BAC,2008-11-11,14.03,14.51,13.7,14.37,138385448,18.69,19.33,18.25,19.15,103846096,2026-03-10T02:45:48Z
BAC,2008-11-12,12.76,14.14,12.76,13.8,135800374,17,18.84,17,18.39,101906200,2026-03-10T02:45:48Z
BAC,2008-11-13,12.83,13.06,11.17,12.87,263591563,17.1,17.4,14.88,17.15,197803104,2026-03-10T02:45:48Z
BAC,2008-11-14,12.32,13.54,12.16,12.68,165940500,16.42,18.04,16.2,16.9,124524096,2026-03-10T02:45:48Z
BAC,2008-11-17,11.28,12.22,11.24,12.15,173500837,15.03,16.28,14.98,16.19,130197200,2026-03-10T02:45:48Z
BAC,2008-11-18,11.4,11.8,10.91,11.36,198736901,15.19,15.72,14.54,15.14,149135104,2026-03-10T02:45:48Z
BAC,2008-11-19,9.8,11.24,9.7,11.12,230787568,13.06,14.98,12.93,14.82,173186096,2026-03-10T02:45:48Z
BAC,2008-11-20,8.44,9.94,8.26,9.61,261131506,11.25,13.24,11,12.81,195955392,2026-03-10T02:45:48Z
BAC,2008-11-21,8.61,9.12,7.51,9.06,306123302,11.47,12.16,10.01,12.07,229717904,2026-03-10T02:45:48Z
BAC,2008-11-24,10.95,11.14,9.33,9.44,263707809,14.59,14.85,12.43,12.58,197889296,2026-03-10T02:45:48Z
BAC,2008-11-25,11.11,11.63,10.44,11.41,194515903,14.8,15.5,13.91,15.2,145967104,2026-03-10T02:45:48Z
BAC,2008-11-26,11.58,11.6,10.32,10.75,158439838,15.43,15.46,13.75,14.32,118895600,2026-03-10T02:45:48Z
BAC,2008-11-28,12.19,12.3,11.56,11.65,70576002,16.25,16.39,15.41,15.53,52961100,2026-03-10T02:45:48Z
BAC,2008-12-01,9.64,11.71,9.58,11.69,169762642,12.85,15.6,12.77,15.58,127392000,2026-03-10T02:45:48Z
BAC,2008-12-02,10.78,11.02,9.69,10.06,181416296,14.37,14.69,12.91,13.4,136136704,2026-03-10T02:45:48Z
BAC,2008-12-03,11.55,11.65,10.28,10.52,167436767,15.05,15.18,13.39,13.7,128508000,2026-03-10T02:45:48Z
BAC,2008-12-04,11.01,11.79,10.69,11.31,140149468,14.34,15.36,13.93,14.74,107565200,2026-03-10T02:45:48Z
BAC,2008-12-05,11.7,11.87,10.55,10.67,182693809,15.24,15.46,13.75,13.9,140218704,2026-03-10T02:45:48Z
BAC,2008-12-08,13.69,13.81,12.32,12.43,213832573,17.84,18,16.05,16.19,164117696,2026-03-10T02:45:48Z
BAC,2008-12-09,13.01,13.77,12.97,13.36,151888245,16.95,17.94,16.9,17.4,116574896,2026-03-10T02:45:48Z
BAC,2008-12-10,12.81,13.32,12.32,13.26,115374517,16.69,17.36,16.05,17.27,88550800,2026-03-10T02:45:48Z
BAC,2008-12-11,11.44,12.56,11.38,12.53,140687547,14.91,16.37,14.83,16.33,107978400,2026-03-10T02:45:48Z
BAC,2008-12-12,11.46,11.58,10.67,10.83,155777642,14.93,15.09,13.9,14.11,119559600,2026-03-10T02:45:48Z
BAC,2008-12-15,10.83,11.59,10.67,11.55,106804335,14.11,15.1,13.9,15.05,81972896,2026-03-10T02:45:48Z
BAC,2008-12-16,11.59,11.67,10.37,10.88,238715330,15.1,15.2,13.51,14.18,183214800,2026-03-10T02:45:48Z
BAC,2008-12-17,11.22,11.81,11.13,11.37,126378333,14.62,15.39,14.5,14.82,96995800,2026-03-10T02:45:48Z
BAC,2008-12-18,10.71,11.6,10.68,11.4,133653469,13.96,15.11,13.91,14.85,102580000,2026-03-10T02:45:48Z
BAC,2008-12-19,10.59,11.03,10.44,10.8,135604704,13.8,14.37,13.6,14.07,104077600,2026-03-10T02:45:48Z
BAC,2008-12-22,10.38,10.75,10.14,10.67,94683413,13.53,14.01,13.21,13.9,72669696,2026-03-10T02:45:48Z
BAC,2008-12-23,9.79,10.42,9.76,10.31,89571564,12.75,13.58,12.72,13.43,68746704,2026-03-10T02:45:48Z
BAC,2008-12-24,10.38,10.41,9.78,9.79,49635187,13.53,13.56,12.74,12.75,38095100,2026-03-10T02:45:48Z
BAC,2008-12-26,10.25,10.59,10.2,10.48,56947069,13.36,13.8,13.29,13.66,43707300,2026-03-10T02:45:48Z
BAC,2008-12-29,9.93,10.54,9.73,10.41,81819519,12.94,13.73,12.68,13.57,62796800,2026-03-10T02:45:48Z
BAC,2008-12-30,10.16,10.16,9.72,10.05,94998668,13.24,13.24,12.66,13.09,72912200,2026-03-10T02:45:48Z
BAC,2008-12-31,10.81,10.84,9.98,10.05,147752503,14.08,14.12,13,13.09,113401104,2026-03-10T02:45:48Z
BAC,2009-01-02,11,11.18,10.52,10.68,112863072,14.33,14.57,13.71,13.92,86622600,2026-03-10T02:45:48Z
BAC,2009-01-05,10.73,11.17,10.66,11.04,122073302,13.98,14.55,13.89,14.38,93691696,2026-03-10T02:45:48Z
BAC,2009-01-06,10.96,11.37,10.8,10.95,144687672,14.28,14.81,14.07,14.27,111048800,2026-03-10T02:45:48Z
BAC,2009-01-07,10.52,10.85,10.45,10.83,147046898,13.71,14.13,13.61,14.11,112859296,2026-03-10T02:45:48Z
BAC,2009-01-08,10.39,10.74,10.25,10.61,122388197,13.54,13.99,13.35,13.82,93933400,2026-03-10T02:45:48Z
BAC,2009-01-09,9.97,10.58,9.94,10.5,97798224,12.99,13.78,12.95,13.68,75060704,2026-03-10T02:45:48Z
BAC,2009-01-12,8.77,9.9,8.69,9.87,159730357,11.43,12.9,11.32,12.86,122594096,2026-03-10T02:45:48Z
BAC,2009-01-13,8.17,8.63,8.03,8.59,316580144,10.65,11.25,10.46,11.19,242976000,2026-03-10T02:45:48Z
BAC,2009-01-14,7.83,8.04,7.74,7.74,221275830,10.2,10.48,10.09,10.09,169829200,2026-03-10T02:45:48Z
BAC,2009-01-15,6.39,7.46,5.64,7.45,720090272,8.32,9.72,7.35,9.7,552669312,2026-03-10T02:45:48Z
BAC,2009-01-16,5.51,7.15,5.37,6.9,644488045,7.18,9.32,7,8.99,494649088,2026-03-10T02:45:48Z
BAC,2009-01-20,3.91,4.99,3.88,4.97,538863360,5.1,6.5,5.05,6.48,413582912,2026-03-10T02:45:48Z
BAC,2009-01-21,5.13,5.28,4.11,4.25,571530251,6.68,6.88,5.36,5.54,438649504,2026-03-10T02:45:48Z
BAC,2009-01-22,4.38,4.91,4.22,4.89,472114772,5.71,6.4,5.5,6.37,362354304,2026-03-10T02:45:48Z
BAC,2009-01-23,4.79,4.82,4.07,4.12,392503065,6.24,6.28,5.3,5.37,301246112,2026-03-10T02:45:48Z
BAC,2009-01-26,4.61,5.36,4.61,4.96,348383699,6,6.98,6,6.46,267384496,2026-03-10T02:45:48Z
BAC,2009-01-27,4.99,5.07,4.76,4.83,249490132,6.5,6.61,6.2,6.3,191485600,2026-03-10T02:45:48Z
BAC,2009-01-28,5.67,5.99,5.45,5.86,466143524,7.39,7.81,7.1,7.64,357769888,2026-03-10T02:45:48Z
BAC,2009-01-29,5.2,5.53,5.15,5.34,228495924,6.78,7.2,6.71,6.96,175372304,2026-03-10T02:45:48Z
BAC,2009-01-30,5.05,5.31,4.87,5.28,287918312,6.58,6.92,6.35,6.88,220979504,2026-03-10T02:45:48Z
BAC,2009-02-02,4.61,5.11,4.47,4.76,379567279,6,6.66,5.82,6.2,291317888,2026-03-10T02:45:48Z
BAC,2009-02-03,4.07,4.73,3.98,4.73,463684982,5.3,6.16,5.19,6.16,355882592,2026-03-10T02:45:48Z
BAC,2009-02-04,3.61,4.25,3.55,4.2,794286172,4.7,5.54,4.62,5.47,609623104,2026-03-10T02:45:48Z
BAC,2009-02-05,3.71,3.81,2.89,3.5,984829599,4.84,4.96,3.77,4.56,755856704,2026-03-10T02:45:48Z
BAC,2009-02-06,4.7,4.98,4.11,4.14,943577624,6.13,6.49,5.36,5.39,724199680,2026-03-10T02:45:48Z
BAC,2009-02-09,5.29,5.41,4.84,5.04,599389357,6.89,7.05,6.31,6.57,460033504,2026-03-10T02:45:48Z
BAC,2009-02-10,4.27,5.29,4.21,5.26,791654464,5.56,6.89,5.48,6.85,607594816,2026-03-10T02:45:48Z
BAC,2009-02-11,4.66,4.71,4.38,4.45,517266207,6.07,6.14,5.71,5.8,397008192,2026-03-10T02:45:48Z
BAC,2009-02-12,4.51,4.54,4.11,4.39,481698829,5.87,5.92,5.35,5.72,369710016,2026-03-10T02:45:48Z
BAC,2009-02-13,4.28,4.5,4.26,4.36,312299004,5.57,5.87,5.55,5.68,239690896,2026-03-10T02:45:48Z
BAC,2009-02-17,3.76,3.99,3.74,3.89,361703988,4.9,5.2,4.87,5.07,277611488,2026-03-10T02:45:48Z
BAC,2009-02-18,3.51,4,3.46,3.96,424537307,4.57,5.21,4.51,5.16,325834688,2026-03-10T02:45:48Z
BAC,2009-02-19,3.02,3.59,2.96,3.12,529600589,3.93,4.68,3.86,4.06,406471808,2026-03-10T02:45:48Z
BAC,2009-02-20,2.91,3.14,1.94,2.77,1093088623,3.79,4.09,2.53,3.61,838938304,2026-03-10T02:45:48Z
BAC,2009-02-23,3,3.44,2.93,3.29,666514748,3.91,4.48,3.82,4.29,511545792,2026-03-10T02:45:48Z
BAC,2009-02-24,3.63,3.65,2.96,3.09,664010243,4.73,4.75,3.86,4.03,509631392,2026-03-10T02:45:48Z
BAC,2009-02-25,3.96,4.22,3.22,3.69,771277786,5.16,5.5,4.2,4.81,591955712,2026-03-10T02:45:48Z
BAC,2009-02-26,4.08,4.52,3.92,4.31,584737791,5.32,5.89,5.11,5.61,448786208,2026-03-10T02:45:48Z
BAC,2009-02-27,3.03,3.75,3.03,3.26,620364734,3.95,4.89,3.95,4.25,476126016,2026-03-10T02:45:48Z
BAC,2009-03-02,2.79,3.01,2.51,2.77,563658242,3.63,3.92,3.27,3.61,432603808,2026-03-10T02:45:48Z
BAC,2009-03-03,2.8,3.13,2.74,3.03,452148197,3.65,4.08,3.57,3.95,347026816,2026-03-10T02:45:48Z
BAC,2009-03-04,2.76,3.1,2.6,2.6,340721100,3.59,4.03,3.38,3.38,262222400,2026-03-10T02:45:48Z
BAC,2009-03-05,2.44,2.7,2.4,2.62,367459648,3.17,3.51,3.12,3.4,282804800,2026-03-10T02:45:48Z
BAC,2009-03-06,2.42,2.72,2.31,2.53,365828090,3.14,3.54,3,3.29,281547808,2026-03-10T02:45:48Z
BAC,2009-03-09,2.89,2.9,2.46,2.48,387924812,3.75,3.77,3.2,3.22,298546912,2026-03-10T02:45:48Z
BAC,2009-03-10,3.69,3.69,3.23,3.35,543163169,4.79,4.8,4.2,4.35,418020192,2026-03-10T02:45:48Z
BAC,2009-03-11,3.79,4.23,3.47,4.08,587318269,4.93,5.5,4.51,5.3,452008704,2026-03-10T02:45:48Z
BAC,2009-03-12,4.5,4.61,3.73,3.79,708711660,5.85,5.99,4.84,4.92,545429376,2026-03-10T02:45:48Z
BAC,2009-03-13,4.43,4.96,4.35,4.81,738187159,5.76,6.45,5.65,6.25,568122176,2026-03-10T02:45:48Z
BAC,2009-03-16,4.76,5.35,4.64,4.79,699986924,6.18,6.95,6.03,6.22,538718080,2026-03-10T02:45:48Z
BAC,2009-03-17,4.83,4.89,4.46,4.67,558349924,6.27,6.36,5.8,6.07,429715712,2026-03-10T02:45:48Z
BAC,2009-03-18,5.9,5.9,4.79,4.89,865448758,7.67,7.67,6.22,6.36,666057024,2026-03-10T02:45:48Z
BAC,2009-03-19,5.33,6.6,5.25,6.49,808930658,6.93,8.57,6.82,8.43,622561408,2026-03-10T02:45:48Z
BAC,2009-03-20,4.76,5.38,4.6,5.36,745201365,6.19,6.99,5.98,6.97,573516096,2026-03-10T02:45:48Z
BAC,2009-03-23,6,6.07,5.31,5.67,740355694,7.8,7.89,6.9,7.37,569789120,2026-03-10T02:45:48Z
BAC,2009-03-24,5.56,6.15,5.44,5.63,683213291,7.22,7.99,7.07,7.32,525809312,2026-03-10T02:45:48Z
BAC,2009-03-25,5.93,6.15,5.36,5.98,807208764,7.7,7.99,6.96,7.77,621236288,2026-03-10T02:45:48Z
BAC,2009-03-26,5.83,6.13,5.5,6.07,623712865,7.58,7.96,7.14,7.88,480020288,2026-03-10T02:45:48Z
BAC,2009-03-27,5.65,5.96,5.49,5.54,497741116,7.34,7.74,7.13,7.2,383070784,2026-03-10T02:45:48Z
BAC,2009-03-30,4.64,5.2,4.63,5.16,631706423,6.03,6.75,6.02,6.7,486172992,2026-03-10T02:45:48Z
BAC,2009-03-31,5.25,5.3,4.81,4.89,547757594,6.82,6.89,6.25,6.36,421564512,2026-03-10T02:45:48Z
BAC,2009-04-01,5.43,5.56,4.96,4.96,546226533,7.05,7.22,6.44,6.45,420385216,2026-03-10T02:45:48Z
BAC,2009-04-02,5.57,6.06,5.44,6.04,664832088,7.24,7.87,7.07,7.85,511663616,2026-03-10T02:45:48Z
BAC,2009-04-03,5.85,5.86,5.12,5.46,452456914,7.6,7.61,6.65,7.09,348219200,2026-03-10T02:45:48Z
BAC,2009-04-06,5.76,5.88,5.5,5.57,376786887,7.48,7.64,7.14,7.24,289979808,2026-03-10T02:45:48Z
BAC,2009-04-07,5.66,5.83,5.55,5.56,342386955,7.36,7.58,7.21,7.22,263507696,2026-03-10T02:45:48Z
BAC,2009-04-08,5.43,5.81,5.32,5.76,401803215,7.06,7.55,6.91,7.49,309234816,2026-03-10T02:45:48Z
BAC,2009-04-09,7.35,7.58,6.16,6.27,1337024957,9.55,9.85,8,8.15,1028991232,2026-03-10T02:45:48Z
BAC,2009-04-13,8.48,8.56,7.05,7.23,890504553,11.02,11.12,9.16,9.4,685340992,2026-03-10T02:45:48Z
BAC,2009-04-14,7.77,8.91,7.74,8.6,865138184,10.09,11.58,10.06,11.18,665822016,2026-03-10T02:45:48Z
BAC,2009-04-15,8.03,8.1,7.13,7.45,722088584,10.44,10.52,9.27,9.68,555731520,2026-03-10T02:45:48Z
BAC,2009-04-16,7.96,8.39,7.9,8.38,497304792,10.34,10.9,10.26,10.89,382732288,2026-03-10T02:45:48Z
BAC,2009-04-17,8.16,8.64,7.93,8.22,632180210,10.6,11.23,10.3,10.68,486534208,2026-03-10T02:45:48Z
BAC,2009-04-20,6.17,7.61,6.17,7.5,1039254426,8.02,9.89,8.02,9.75,799824128,2026-03-10T02:45:48Z
BAC,2009-04-21,6.74,6.87,5.39,5.55,1126607355,8.76,8.93,7,7.21,867050368,2026-03-10T02:45:48Z
BAC,2009-04-22,6.36,7.11,6.26,6.49,805368283,8.26,9.24,8.13,8.43,619821568,2026-03-10T02:45:48Z
BAC,2009-04-23,6.79,6.87,6.33,6.61,728430413,8.82,8.92,8.23,8.59,560610624,2026-03-10T02:45:48Z
BAC,2009-04-24,7,7.29,6.7,6.97,765709581,9.1,9.47,8.7,9.06,589301824,2026-03-10T02:45:48Z
BAC,2009-04-27,6.86,7.15,6.66,6.67,431368103,8.92,9.29,8.65,8.66,331984192,2026-03-10T02:45:48Z
BAC,2009-04-28,6.27,6.68,6.16,6.19,606818630,8.15,8.68,8,8.04,467012096,2026-03-10T02:45:48Z
BAC,2009-04-29,6.68,6.8,6.43,6.52,594076882,8.68,8.84,8.36,8.47,457206496,2026-03-10T02:45:48Z
BAC,2009-04-30,6.87,7.13,6.77,7.03,446194927,8.93,9.26,8.8,9.13,343395200,2026-03-10T02:45:48Z
BAC,2009-05-01,6.7,6.94,6.58,6.76,389236994,8.7,9.02,8.55,8.79,299560384,2026-03-10T02:45:48Z
BAC,2009-05-04,7.99,8.04,6.79,6.84,756276691,10.38,10.45,8.82,8.89,582041600,2026-03-10T02:45:48Z
BAC,2009-05-05,8.34,8.56,7.77,7.9,716157939,10.84,11.12,10.1,10.27,551164096,2026-03-10T02:45:48Z
BAC,2009-05-06,9.77,9.89,8.86,9.18,1200104178,12.69,12.85,11.51,11.93,923616896,2026-03-10T02:45:48Z
BAC,2009-05-07,10.4,11.6,9.84,11.35,1226609093,13.51,15.07,12.78,14.75,944016896,2026-03-10T02:45:48Z
BAC,2009-05-08,10.91,11.25,10.43,10.96,884711132,14.17,14.62,13.55,14.24,680884224,2026-03-10T02:45:48Z
BAC,2009-05-11,9.96,10.74,9.96,10.47,533486729,12.94,13.95,12.94,13.6,410578688,2026-03-10T02:45:48Z
BAC,2009-05-12,9.44,10.22,9.33,10.18,535186746,12.26,13.28,12.12,13.23,411888608,2026-03-10T02:45:48Z
BAC,2009-05-13,8.47,9.2,8.47,9.18,508052649,11.01,11.95,11.01,11.93,391002112,2026-03-10T02:45:48Z
BAC,2009-05-14,8.7,8.9,8.17,8.33,572277868,11.31,11.57,10.61,10.82,440431296,2026-03-10T02:45:48Z
BAC,2009-05-15,8.21,8.95,8.14,8.73,420697914,10.67,11.63,10.58,11.34,323775712,2026-03-10T02:45:48Z
BAC,2009-05-18,9.03,9.31,8.87,8.89,718064153,11.73,12.1,11.52,11.55,552633984,2026-03-10T02:45:48Z
BAC,2009-05-19,8.66,9.42,8.66,9.2,649412449,11.25,12.24,11.25,11.95,499793600,2026-03-10T02:45:48Z
BAC,2009-05-20,8.84,9.42,8.63,9.14,1557337096,11.49,12.24,11.21,11.88,1198553216,2026-03-10T02:45:48Z
BAC,2009-05-21,8.78,9.21,8.62,8.81,762927729,11.41,11.97,11.2,11.45,587160128,2026-03-10T02:45:48Z
BAC,2009-05-22,8.52,8.97,8.27,8.93,652456794,11.07,11.65,10.75,11.6,502138304,2026-03-10T02:45:48Z
BAC,2009-05-26,8.45,8.67,8.32,8.39,643504189,10.98,11.27,10.81,10.9,495252096,2026-03-10T02:45:48Z
BAC,2009-05-27,8.4,8.88,8.4,8.71,701883278,10.91,11.54,10.91,11.32,540179904,2026-03-10T02:45:48Z
BAC,2009-05-28,8.7,8.7,8.13,8.4,602914119,11.3,11.3,10.57,10.91,464009088,2026-03-10T02:45:48Z
BAC,2009-05-29,8.67,8.85,8.44,8.84,481031832,11.27,11.5,10.97,11.49,370206688,2026-03-10T02:45:48Z
BAC,2009-06-01,8.63,9.04,8.63,8.78,455224707,11.21,11.75,11.21,11.41,350348416,2026-03-10T02:45:48Z
BAC,2009-06-02,8.78,8.93,8.54,8.61,404734290,11.41,11.6,11.1,11.19,311489312,2026-03-10T02:45:48Z
BAC,2009-06-03,8.63,8.89,8.58,8.76,306781201,11.21,11.54,11.14,11.37,236309104,2026-03-10T02:45:48Z
BAC,2009-06-04,9.14,9.14,8.63,8.76,410243098,11.87,11.87,11.2,11.37,316004704,2026-03-10T02:45:48Z
BAC,2009-06-05,9.14,9.5,9.14,9.43,479741630,11.86,12.33,11.86,12.24,369538592,2026-03-10T02:45:48Z
BAC,2009-06-08,9.29,9.38,8.98,9.07,319991637,12.06,12.18,11.66,11.77,246486400,2026-03-10T02:45:48Z
BAC,2009-06-09,9.29,9.36,9.19,9.35,263349213,12.06,12.15,11.93,12.14,202855296,2026-03-10T02:45:48Z
BAC,2009-06-10,9.23,9.51,9.19,9.34,426088581,11.98,12.35,11.93,12.12,328212704,2026-03-10T02:45:48Z
BAC,2009-06-11,9.99,10.18,9.39,9.4,687181041,12.97,13.22,12.19,12.2,529325408,2026-03-10T02:45:48Z
BAC,2009-06-12,10.57,10.73,10.19,10.24,581257808,13.72,13.93,13.23,13.3,447737984,2026-03-10T02:45:48Z
BAC,2009-06-15,10.27,10.54,10.14,10.49,447947397,13.33,13.69,13.16,13.62,345047200,2026-03-10T02:45:48Z
BAC,2009-06-16,9.81,10.32,9.8,10.32,481129288,12.73,13.4,12.72,13.4,370609408,2026-03-10T02:45:48Z
BAC,2009-06-17,9.47,9.83,9.26,9.68,576085211,12.3,12.76,12.02,12.56,443749504,2026-03-10T02:45:48Z
BAC,2009-06-18,9.94,9.97,9.51,9.55,442811295,12.9,12.95,12.34,12.4,341091712,2026-03-10T02:45:48Z
BAC,2009-06-19,10.18,10.28,9.88,10.09,563378647,13.22,13.35,12.83,13.1,433963488,2026-03-10T02:45:48Z
BAC,2009-06-22,9.2,10.05,9.2,9.92,562701215,11.94,13.05,11.94,12.88,433440192,2026-03-10T02:45:48Z
BAC,2009-06-23,9.42,9.58,9.19,9.33,465252869,12.23,12.44,11.93,12.11,358377888,2026-03-10T02:45:48Z
BAC,2009-06-24,9.51,9.76,9.38,9.59,433942767,12.35,12.67,12.18,12.45,334262400,2026-03-10T02:45:48Z
BAC,2009-06-25,9.51,9.52,9.25,9.31,428959579,12.35,12.36,12.01,12.09,330423904,2026-03-10T02:45:48Z
BAC,2009-06-26,9.82,9.84,9.45,9.51,443767167,12.75,12.78,12.27,12.34,341829504,2026-03-10T02:45:48Z
BAC,2009-06-29,10.16,10.16,9.64,9.85,432697978,13.19,13.19,12.52,12.79,333302112,2026-03-10T02:45:48Z
BAC,2009-06-30,10.17,10.38,9.97,10.21,397697303,13.2,13.48,12.94,13.26,306341408,2026-03-10T02:45:48Z
BAC,2009-07-01,10.05,10.36,10.04,10.22,315937138,13.05,13.45,13.04,13.27,243363600,2026-03-10T02:45:48Z
BAC,2009-07-02,9.74,10.05,9.72,9.85,280382666,12.64,13.05,12.62,12.79,215974496,2026-03-10T02:45:48Z
BAC,2009-07-06,9.36,9.7,9.12,9.61,490507477,12.15,12.59,11.84,12.47,377832096,2026-03-10T02:45:48Z
BAC,2009-07-07,9.36,9.53,9.21,9.36,357606444,12.15,12.37,11.95,12.15,275460000,2026-03-10T02:45:48Z
BAC,2009-07-08,9.12,9.47,8.68,9.39,740552897,11.84,12.29,11.27,12.19,570438400,2026-03-10T02:45:48Z
BAC,2009-07-09,9.22,9.44,9.12,9.32,354825511,11.97,12.25,11.84,12.1,273316416,2026-03-10T02:45:48Z
BAC,2009-07-10,9.15,9.21,8.92,9.14,275590419,11.88,11.96,11.58,11.87,212283504,2026-03-10T02:45:48Z
BAC,2009-07-13,10.01,10.01,9.45,9.53,508921881,12.99,12.99,12.27,12.37,392014784,2026-03-10T02:45:48Z
BAC,2009-07-14,9.94,10.19,9.85,10.18,353550360,12.91,13.23,12.79,13.21,272335104,2026-03-10T02:45:48Z
BAC,2009-07-15,10.34,10.49,10.09,10.19,482860864,13.42,13.62,13.1,13.23,371943200,2026-03-10T02:45:48Z
BAC,2009-07-16,10.14,10.35,10.03,10.17,400120980,13.17,13.43,13.02,13.2,308208608,2026-03-10T02:45:48Z
BAC,2009-07-17,9.93,10.38,9.83,10.21,593315857,12.89,13.47,12.76,13.25,457023488,2026-03-10T02:45:48Z
BAC,2009-07-20,9.43,9.91,9.34,9.88,494824711,12.24,12.86,12.12,12.83,381156512,2026-03-10T02:45:48Z
BAC,2009-07-21,9.39,9.55,9.19,9.46,335604852,12.19,12.4,11.93,12.28,258512096,2026-03-10T02:45:48Z
BAC,2009-07-22,9.42,9.61,9.19,9.21,321925532,12.23,12.48,11.93,11.96,247974800,2026-03-10T02:45:48Z
BAC,2009-07-23,9.78,9.92,9.4,9.51,370752335,12.69,12.88,12.2,12.35,285587392,2026-03-10T02:45:48Z
BAC,2009-07-24,9.64,9.84,9.45,9.73,242905192,12.51,12.78,12.27,12.63,187106896,2026-03-10T02:45:48Z
BAC,2009-07-27,10.08,10.11,9.64,9.68,313653827,13.09,13.13,12.51,12.56,241604496,2026-03-10T02:45:48Z
BAC,2009-07-28,10.28,10.35,9.94,9.97,313559701,13.34,13.43,12.91,12.95,241530304,2026-03-10T02:45:48Z
BAC,2009-07-29,10.41,10.59,10.2,10.2,335942978,13.52,13.75,13.24,13.24,258772992,2026-03-10T02:45:48Z
BAC,2009-07-30,10.76,10.89,10.62,10.68,374186995,13.97,14.14,13.79,13.87,288231104,2026-03-10T02:45:48Z
BAC,2009-07-31,11.39,11.39,10.8,10.86,486866175,14.79,14.79,14.02,14.1,375028512,2026-03-10T02:45:48Z
BAC,2009-08-03,11.8,12.03,11.42,11.74,607482594,15.32,15.62,14.82,15.24,467936096,2026-03-10T02:45:48Z
BAC,2009-08-04,12.05,12.31,11.59,11.7,473789596,15.64,15.98,15.05,15.19,364954304,2026-03-10T02:45:48Z
BAC,2009-08-05,12.83,12.96,12.2,12.35,634183107,16.66,16.82,15.84,16.03,488503712,2026-03-10T02:45:48Z
BAC,2009-08-06,12.86,13.36,12.62,13.28,600657097,16.7,17.35,16.39,17.24,462678592,2026-03-10T02:45:48Z
BAC,2009-08-07,12.65,13.2,12.53,13.08,496189214,16.42,17.14,16.26,16.98,382207712,2026-03-10T02:45:48Z
BAC,2009-08-10,12.85,13.01,12.45,12.56,312281861,16.68,16.89,16.16,16.31,240546896,2026-03-10T02:45:48Z
BAC,2009-08-11,12.21,12.98,12.17,12.86,423520389,15.85,16.85,15.8,16.7,326233600,2026-03-10T02:45:48Z
BAC,2009-08-12,12.27,12.46,11.86,11.96,407253472,15.93,16.17,15.4,15.53,313702784,2026-03-10T02:45:48Z
BAC,2009-08-13,13.09,13.1,12.5,12.83,438501687,17,17,16.23,16.66,337772704,2026-03-10T02:45:48Z
BAC,2009-08-14,13.4,13.46,12.76,13.08,392660387,17.39,17.47,16.57,16.98,302461408,2026-03-10T02:45:48Z
BAC,2009-08-17,12.76,13,12.63,12.74,402177458,16.56,16.88,16.4,16.54,309793216,2026-03-10T02:45:48Z
BAC,2009-08-18,13.02,13.16,12.89,12.93,263384441,16.9,17.08,16.73,16.78,202882400,2026-03-10T02:45:48Z
BAC,2009-08-19,12.9,13.12,12.73,12.79,258067200,16.75,17.03,16.53,16.6,198785696,2026-03-10T02:45:48Z
BAC,2009-08-20,13.2,13.25,12.99,13.01,238618155,17.14,17.2,16.87,16.89,183804192,2026-03-10T02:45:48Z
BAC,2009-08-21,13.45,13.56,13.33,13.45,307154724,17.46,17.6,17.31,17.46,236597104,2026-03-10T02:45:48Z
BAC,2009-08-24,13.36,14.02,13.35,13.72,411066445,17.35,18.2,17.33,17.81,316639616,2026-03-10T02:45:48Z
BAC,2009-08-25,13.67,13.87,13.52,13.53,310036008,17.75,18,17.55,17.56,238816800,2026-03-10T02:45:48Z
BAC,2009-08-26,13.7,13.82,13.51,13.68,264630334,17.79,17.94,17.54,17.76,203841200,2026-03-10T02:45:48Z
BAC,2009-08-27,13.8,13.85,13.55,13.67,229181548,17.92,17.98,17.59,17.75,176536304,2026-03-10T02:45:48Z
BAC,2009-08-28,13.85,14.06,13.7,13.94,244143219,17.98,18.25,17.78,18.1,188060896,2026-03-10T02:45:48Z
BAC,2009-08-31,13.55,13.79,13.44,13.53,207338021,17.59,17.9,17.45,17.57,159710400,2026-03-10T02:45:48Z
BAC,2009-09-01,12.68,13.76,12.64,13.63,434563788,16.46,17.86,16.41,17.7,334738208,2026-03-10T02:45:48Z
BAC,2009-09-02,12.54,12.89,12.35,12.45,297212356,16.27,16.73,16.02,16.15,229078208,2026-03-10T02:45:48Z
BAC,2009-09-03,12.98,13.03,12.72,12.79,229068239,16.84,16.9,16.51,16.59,176555296,2026-03-10T02:45:48Z
BAC,2009-09-04,13.17,13.3,13.04,13.16,225190945,17.09,17.25,16.92,17.07,173567008,2026-03-10T02:45:48Z
BAC,2009-09-08,13.12,13.5,13.09,13.46,212078789,17.02,17.51,16.98,17.46,163461408,2026-03-10T02:45:48Z
BAC,2009-09-09,13.13,13.26,13.03,13.12,202078738,17.04,17.2,16.91,17.02,155753600,2026-03-10T02:45:48Z
BAC,2009-09-10,13.27,13.29,12.87,13.07,227464770,17.22,17.24,16.7,16.96,175319600,2026-03-10T02:45:48Z
BAC,2009-09-11,13.08,13.33,13.06,13.29,181347937,16.97,17.29,16.95,17.24,139774704,2026-03-10T02:45:48Z
BAC,2009-09-14,13.1,13.17,12.72,12.86,210664477,16.99,17.09,16.51,16.68,162371600,2026-03-10T02:45:48Z
BAC,2009-09-15,12.94,13.23,12.92,13.1,205577278,16.79,17.17,16.76,16.99,158450000,2026-03-10T02:45:48Z
BAC,2009-09-16,13.3,13.33,12.97,13.02,251614279,17.25,17.3,16.83,16.89,193932608,2026-03-10T02:45:48Z
BAC,2009-09-17,13.57,13.68,13.26,13.34,276232563,17.61,17.75,17.2,17.31,212907696,2026-03-10T02:45:48Z
BAC,2009-09-18,13.59,13.7,13.5,13.66,208227150,17.63,17.77,17.51,17.73,160492000,2026-03-10T02:45:48Z
BAC,2009-09-21,13.3,13.44,13.24,13.4,166024267,17.25,17.44,17.18,17.39,127963800,2026-03-10T02:45:48Z
BAC,2009-09-22,13.57,13.94,13.52,13.63,205837844,17.61,18.08,17.54,17.68,158650592,2026-03-10T02:45:48Z
BAC,2009-09-23,13.49,13.92,13.48,13.69,257514488,17.5,18.06,17.49,17.76,198480400,2026-03-10T02:45:48Z
BAC,2009-09-24,13.09,13.64,12.96,13.53,287269277,16.98,17.7,16.81,17.55,221413904,2026-03-10T02:45:48Z
BAC,2009-09-25,12.79,13.16,12.72,13.06,209668401,16.6,17.08,16.5,16.95,161603808,2026-03-10T02:45:48Z
BAC,2009-09-28,13.27,13.28,12.83,12.88,167677937,17.22,17.23,16.65,16.71,129238600,2026-03-10T02:45:48Z
BAC,2009-09-29,13.23,13.51,13.16,13.39,162132038,17.16,17.53,17.07,17.37,124964496,2026-03-10T02:45:48Z
BAC,2009-09-30,13.04,13.34,12.92,13.3,241477288,16.92,17.31,16.76,17.26,186120192,2026-03-10T02:45:48Z
BAC,2009-10-01,12.49,13.23,12.47,13.07,321395346,16.21,17.16,16.18,16.96,247718304,2026-03-10T02:45:48Z
BAC,2009-10-02,12.59,12.71,12.04,12.26,293610503,16.34,16.49,15.62,15.9,226302896,2026-03-10T02:45:48Z
BAC,2009-10-05,13.07,13.08,12.76,12.85,201434523,16.96,16.97,16.55,16.67,155256608,2026-03-10T02:45:48Z
BAC,2009-10-06,13.1,13.39,12.88,13.27,254200805,17,17.37,16.71,17.21,195927504,2026-03-10T02:45:48Z
BAC,2009-10-07,13.37,13.37,13.13,13.16,198749147,17.35,17.35,17.04,17.08,153186896,2026-03-10T02:45:48Z
BAC,2009-10-08,13.36,13.56,13.28,13.54,178483609,17.33,17.6,17.23,17.57,137567296,2026-03-10T02:45:48Z
BAC,2009-10-09,13.49,13.53,13.28,13.36,113529560,17.5,17.55,17.23,17.33,87503400,2026-03-10T02:45:48Z
BAC,2009-10-12,13.9,13.9,13.5,13.6,181597817,18.03,18.03,17.51,17.65,139967296,2026-03-10T02:45:48Z
BAC,2009-10-13,13.73,13.87,13.47,13.83,195118043,17.81,18,17.48,17.94,150388800,2026-03-10T02:45:48Z
BAC,2009-10-14,14.33,14.37,14,14.17,298165646,18.59,18.64,18.16,18.38,229813696,2026-03-10T02:45:48Z
BAC,2009-10-15,13.95,14.72,13.78,14.13,275404876,18.1,19.1,17.88,18.33,212270208,2026-03-10T02:45:48Z
BAC,2009-10-16,13.3,13.48,13.15,13.23,436990557,17.26,17.49,17.06,17.16,336814400,2026-03-10T02:45:48Z
BAC,2009-10-19,13.23,13.51,13.21,13.31,202237385,17.16,17.53,17.14,17.27,155876000,2026-03-10T02:45:48Z
BAC,2009-10-20,13.11,13.46,13.11,13.27,219723328,17.01,17.47,17.01,17.22,169353600,2026-03-10T02:45:48Z
BAC,2009-10-21,12.73,13.23,12.69,13.1,284582535,16.51,17.17,16.46,16.99,219344000,2026-03-10T02:45:48Z
BAC,2009-10-22,12.73,12.85,12.37,12.76,304915049,16.52,16.67,16.05,16.55,235015296,2026-03-10T02:45:48Z
BAC,2009-10-23,12.5,12.84,12.39,12.83,236006920,16.22,16.66,16.07,16.65,181904304,2026-03-10T02:45:48Z
BAC,2009-10-26,11.87,12.49,11.62,12.46,488331246,15.4,16.2,15.07,16.16,376382912,2026-03-10T02:45:48Z
BAC,2009-10-27,11.91,11.98,11.58,11.89,351565908,15.45,15.54,15.02,15.43,270972000,2026-03-10T02:45:48Z
BAC,2009-10-28,11.57,11.91,11.56,11.89,276691113,15.01,15.45,15,15.43,213262304,2026-03-10T02:45:48Z
BAC,2009-10-29,12.12,12.16,11.62,11.72,263308192,15.73,15.78,15.08,15.21,202946496,2026-03-10T02:45:48Z
BAC,2009-10-30,11.24,12.12,11.18,12.1,399186673,14.58,15.73,14.5,15.7,307674912,2026-03-10T02:45:48Z
BAC,2009-11-02,11.28,11.74,10.88,11.45,399713924,14.63,15.23,14.12,14.85,308083008,2026-03-10T02:45:48Z
BAC,2009-11-03,11.41,11.51,10.95,10.98,244040813,14.8,14.93,14.21,14.25,188096096,2026-03-10T02:45:48Z
BAC,2009-11-04,11.33,11.75,11.33,11.7,259584644,14.7,15.25,14.7,15.18,200076192,2026-03-10T02:45:48Z
BAC,2009-11-05,11.66,11.69,11.35,11.49,203424451,15.13,15.16,14.72,14.91,156790096,2026-03-10T02:45:48Z
BAC,2009-11-06,11.6,11.75,11.44,11.52,197594835,15.05,15.24,14.84,14.94,152297696,2026-03-10T02:45:48Z
BAC,2009-11-09,12.15,12.19,11.67,11.79,221612171,15.77,15.82,15.14,15.29,170808608,2026-03-10T02:45:48Z
BAC,2009-11-10,12.36,12.49,12.12,12.22,253934072,16.03,16.2,15.73,15.85,195720896,2026-03-10T02:45:48Z
BAC,2009-11-11,12.66,12.81,12.49,12.51,239601003,16.43,16.62,16.2,16.23,184673600,2026-03-10T02:45:48Z
BAC,2009-11-12,12.38,12.77,12.32,12.61,200330991,16.06,16.57,15.99,16.36,154405792,2026-03-10T02:45:48Z
BAC,2009-11-13,12.32,12.48,12.22,12.39,162340741,15.98,16.19,15.85,16.08,125125296,2026-03-10T02:45:48Z
BAC,2009-11-16,12.23,12.53,12.15,12.46,200040684,15.87,16.26,15.76,16.16,154182592,2026-03-10T02:45:48Z
BAC,2009-11-17,12.15,12.19,12.02,12.19,143900657,15.77,15.82,15.59,15.81,110912096,2026-03-10T02:45:48Z
BAC,2009-11-18,12.6,12.62,12.23,12.24,233263231,16.35,16.38,15.87,15.88,179789600,2026-03-10T02:45:48Z
BAC,2009-11-19,12.39,12.69,12.36,12.52,206190345,16.08,16.47,16.03,16.24,158923008,2026-03-10T02:45:48Z
BAC,2009-11-20,12.4,12.48,12.31,12.36,166497994,16.09,16.19,15.97,16.03,128329696,2026-03-10T02:45:48Z
BAC,2009-11-23,12.56,12.69,12.46,12.55,179427175,16.29,16.47,16.17,16.28,138294400,2026-03-10T02:45:48Z
BAC,2009-11-24,12.41,12.57,12.32,12.49,153195864,16.1,16.31,15.99,16.21,118076896,2026-03-10T02:45:48Z
BAC,2009-11-25,12.29,12.54,12.26,12.49,126433994,15.95,16.27,15.9,16.21,97450096,2026-03-10T02:45:48Z
BAC,2009-11-27,11.92,12.15,11.72,11.81,125477538,15.47,15.76,15.2,15.32,96712600,2026-03-10T02:45:48Z
BAC,2009-11-30,12.22,12.25,11.98,12.02,168629122,15.85,15.89,15.54,15.59,129972096,2026-03-10T02:45:48Z
