ticker,tradeDate,clsPx,hiPx,loPx,open,stockVolume,unadjClsPx,unadjHiPx,unadjLoPx,unadjOpen,unadjStockVolume,updatedAt
BMY,2006-01-03,10.8,10.81,10.65,10.8,21822984,23.24,23.27,22.92,23.25,10139800,2026-01-06T03:44:36Z
BMY,2006-01-04,10.64,10.83,10.6,10.75,28633127,22.63,23.02,22.53,22.85,13466300,2026-01-06T03:44:36Z
BMY,2006-01-05,10.64,10.73,10.6,10.61,18347459,22.63,22.82,22.54,22.56,8628900,2026-01-06T03:44:36Z
BMY,2006-01-06,10.71,10.73,10.63,10.64,15670326,22.78,22.81,22.61,22.63,7369800,2026-01-06T03:44:36Z
BMY,2006-01-09,10.74,10.75,10.6,10.72,14981506,22.84,22.85,22.53,22.8,7045900,2026-01-06T03:44:36Z
BMY,2006-01-10,10.63,10.7,10.57,10.66,15252225,22.61,22.74,22.48,22.67,7173200,2026-01-06T03:44:36Z
BMY,2006-01-11,10.59,10.64,10.54,10.63,20665671,22.51,22.63,22.41,22.6,9719200,2026-01-06T03:44:36Z
BMY,2006-01-12,10.56,10.62,10.52,10.59,13179595,22.46,22.58,22.37,22.51,6198400,2026-01-06T03:44:36Z
BMY,2006-01-13,10.54,10.58,10.44,10.56,24867569,22.42,22.5,22.2,22.46,11695300,2026-01-06T03:44:36Z
BMY,2006-01-17,10.49,10.58,10.45,10.49,17656204,22.3,22.5,22.21,22.3,8303800,2026-01-06T03:44:36Z
BMY,2006-01-18,10.43,10.46,10.37,10.42,16294902,22.18,22.25,22.05,22.15,7663600,2026-01-06T03:44:36Z
BMY,2006-01-19,10.61,10.64,10.38,10.44,21240008,22.56,22.63,22.08,22.2,9989300,2026-01-06T03:44:36Z
BMY,2006-01-20,10.5,10.65,10.47,10.62,26445418,22.33,22.64,22.26,22.58,12437400,2026-01-06T03:44:36Z
BMY,2006-01-23,10.39,10.51,10.36,10.46,20102353,22.1,22.35,22.02,22.25,9454200,2026-01-06T03:44:36Z
BMY,2006-01-24,10.03,10.42,9.97,10.35,55647960,21.33,22.16,21.21,22.01,26171500,2026-01-06T03:44:36Z
BMY,2006-01-25,10.33,10.34,9.99,10.11,45693118,21.97,21.98,21.24,21.5,21489700,2026-01-06T03:44:36Z
BMY,2006-01-26,10.64,10.83,10.35,10.37,57316634,22.62,23.03,22,22.05,26956300,2026-01-06T03:44:36Z
BMY,2006-01-27,10.81,10.85,10.55,10.61,24910670,22.99,23.06,22.44,22.55,11715600,2026-01-06T03:44:36Z
BMY,2006-01-30,10.74,10.81,10.62,10.81,15743771,22.83,22.99,22.59,22.98,7404400,2026-01-06T03:44:36Z
BMY,2006-01-31,10.72,10.79,10.63,10.79,15739861,22.79,22.94,22.61,22.94,7402500,2026-01-06T03:44:36Z
BMY,2006-02-01,10.83,10.9,10.68,10.72,21280275,23.02,23.18,22.71,22.79,10008200,2026-01-06T03:44:36Z
BMY,2006-02-02,10.61,10.83,10.5,10.83,21846209,22.56,23.02,22.32,23.02,10274400,2026-01-06T03:44:36Z
BMY,2006-02-03,10.47,10.71,10.45,10.58,33688105,22.26,22.77,22.22,22.5,15843700,2026-01-06T03:44:36Z
BMY,2006-02-06,10.52,10.62,10.49,10.57,21374899,22.37,22.57,22.3,22.47,10052700,2026-01-06T03:44:36Z
BMY,2006-02-07,10.56,10.68,10.47,10.49,16240176,22.46,22.7,22.27,22.3,7637800,2026-01-06T03:44:36Z
BMY,2006-02-08,10.69,10.72,10.51,10.51,14811075,22.74,22.79,22.35,22.35,6965700,2026-01-06T03:44:36Z
BMY,2006-02-09,10.62,10.73,10.6,10.68,14268599,22.59,22.81,22.53,22.7,6710600,2026-01-06T03:44:36Z
BMY,2006-02-10,10.53,10.61,10.45,10.57,14744307,22.4,22.56,22.22,22.48,6934300,2026-01-06T03:44:36Z
BMY,2006-02-13,10.77,10.78,10.43,10.49,20380580,22.91,22.91,22.18,22.3,9585100,2026-01-06T03:44:36Z
BMY,2006-02-14,10.77,10.79,10.64,10.7,17280893,22.91,22.94,22.62,22.75,8127300,2026-01-06T03:44:36Z
BMY,2006-02-15,10.86,10.95,10.72,10.72,21298821,23.1,23.28,22.8,22.8,10016900,2026-01-06T03:44:36Z
BMY,2006-02-16,10.81,10.86,10.7,10.79,14799774,22.99,23.1,22.75,22.95,6960400,2026-01-06T03:44:36Z
BMY,2006-02-17,10.85,10.88,10.7,10.76,12902736,23.08,23.13,22.75,22.87,6068200,2026-01-06T03:44:36Z
BMY,2006-02-21,10.76,11,10.72,10.86,18357411,22.88,23.38,22.8,23.08,8633600,2026-01-06T03:44:36Z
BMY,2006-02-22,10.99,11.01,10.75,10.81,16278621,23.36,23.41,22.85,22.98,7655900,2026-01-06T03:44:36Z
BMY,2006-02-23,10.91,11.02,10.89,10.91,14092100,23.2,23.44,23.15,23.2,6627600,2026-01-06T03:44:36Z
BMY,2006-02-24,10.8,10.95,10.77,10.9,11731541,22.97,23.29,22.9,23.17,5517400,2026-01-06T03:44:36Z
BMY,2006-02-27,10.92,11.01,10.82,10.82,11688349,23.21,23.4,23.01,23.01,5497100,2026-01-06T03:44:36Z
BMY,2006-02-28,10.86,10.94,10.82,10.84,19375805,23.1,23.27,23,23.05,9112500,2026-01-06T03:44:36Z
BMY,2006-03-01,10.71,10.88,10.69,10.82,16452796,22.77,23.14,22.73,23,7737800,2026-01-06T03:44:36Z
BMY,2006-03-02,10.7,10.77,10.67,10.72,10982912,22.75,22.89,22.68,22.8,5165300,2026-01-06T03:44:36Z
BMY,2006-03-03,10.77,10.82,10.62,10.62,17923873,22.9,23.01,22.57,22.57,8429700,2026-01-06T03:44:36Z
BMY,2006-03-06,10.73,10.82,10.7,10.78,10269772,22.81,23.01,22.74,22.93,4829900,2026-01-06T03:44:36Z
BMY,2006-03-07,10.62,10.78,10.6,10.73,14584564,22.59,22.92,22.53,22.81,6859200,2026-01-06T03:44:36Z
BMY,2006-03-08,10.74,10.75,10.61,10.65,9426829,22.83,22.85,22.56,22.64,4433500,2026-01-06T03:44:36Z
BMY,2006-03-09,10.68,10.76,10.62,10.74,14643295,22.7,22.88,22.57,22.83,6886800,2026-01-06T03:44:36Z
BMY,2006-03-10,10.77,10.83,10.71,10.77,11421936,22.91,23.02,22.78,22.9,5371800,2026-01-06T03:44:36Z
BMY,2006-03-13,10.79,10.8,10.7,10.78,14736815,22.94,22.96,22.74,22.91,6930800,2026-01-06T03:44:36Z
BMY,2006-03-14,10.77,10.78,10.7,10.73,17374236,22.91,22.93,22.75,22.82,8171200,2026-01-06T03:44:36Z
BMY,2006-03-15,10.71,10.78,10.7,10.74,14678620,22.77,22.91,22.75,22.83,6903400,2026-01-06T03:44:36Z
BMY,2006-03-16,10.73,10.76,10.69,10.75,13232551,22.82,22.88,22.73,22.85,6223300,2026-01-06T03:44:36Z
BMY,2006-03-17,10.78,10.84,10.71,10.81,16298983,22.92,23.04,22.77,22.98,7665500,2026-01-06T03:44:36Z
BMY,2006-03-20,10.82,10.89,10.78,10.82,10100058,23.01,23.15,22.93,23,4750100,2026-01-06T03:44:36Z
BMY,2006-03-21,10.74,10.85,10.7,10.82,10330282,22.83,23.06,22.76,23,4858400,2026-01-06T03:44:36Z
BMY,2006-03-22,11.87,12.2,11.76,12.12,105617833,25.24,25.95,25,25.77,49672600,2026-01-06T03:44:36Z
BMY,2006-03-23,11.99,12.06,11.82,11.9,28057485,25.5,25.65,25.14,25.3,13195600,2026-01-06T03:44:36Z
BMY,2006-03-24,12,12.09,11.91,11.97,24222332,25.52,25.71,25.32,25.45,11391900,2026-01-06T03:44:36Z
BMY,2006-03-27,11.81,12,11.77,11.94,22646480,25.11,25.52,25.03,25.39,10650700,2026-01-06T03:44:36Z
BMY,2006-03-28,11.71,11.88,11.68,11.79,15952189,24.89,25.26,24.84,25.07,7502400,2026-01-06T03:44:36Z
BMY,2006-03-29,11.73,11.86,11.7,11.7,12688156,24.94,25.22,24.88,24.88,5967300,2026-01-06T03:44:36Z
BMY,2006-03-30,11.73,11.8,11.61,11.7,13790211,24.95,25.09,24.69,24.87,6485600,2026-01-06T03:44:36Z
BMY,2006-03-31,11.57,11.77,11.55,11.71,17083605,24.61,25.03,24.56,24.9,8034500,2026-01-06T03:44:36Z
BMY,2006-04-03,11.62,11.74,11.57,11.64,17138931,24.71,24.97,24.6,24.75,8060500,2026-01-06T03:44:36Z
BMY,2006-04-04,11.64,11.69,11.54,11.63,16266108,24.75,24.85,24.53,24.72,7650000,2026-01-06T03:44:36Z
BMY,2006-04-05,11.67,11.73,11.63,11.65,11854074,24.54,24.65,24.44,24.5,5638800,2026-01-06T03:44:36Z
BMY,2006-04-06,11.8,11.82,11.61,11.65,17472404,24.81,24.85,24.4,24.5,8311400,2026-01-06T03:44:36Z
BMY,2006-04-07,11.66,11.84,11.62,11.7,16132861,24.51,24.89,24.43,24.6,7674200,2026-01-06T03:44:36Z
BMY,2006-04-10,11.54,11.65,11.47,11.64,14029001,24.27,24.5,24.11,24.47,6673400,2026-01-06T03:44:36Z
BMY,2006-04-11,11.49,11.59,11.37,11.55,13221926,24.16,24.37,23.9,24.28,6289500,2026-01-06T03:44:36Z
BMY,2006-04-12,11.45,11.52,11.42,11.5,10661660,24.06,24.22,24,24.17,5071600,2026-01-06T03:44:36Z
BMY,2006-04-13,11.44,11.51,11.38,11.47,8372113,24.04,24.19,23.93,24.12,3982500,2026-01-06T03:44:36Z
BMY,2006-04-17,11.63,11.64,11.45,11.48,13982781,24.45,24.48,24.07,24.13,6651400,2026-01-06T03:44:36Z
BMY,2006-04-18,11.81,11.85,11.64,11.64,15920773,24.83,24.9,24.47,24.47,7573300,2026-01-06T03:44:36Z
BMY,2006-04-19,11.76,11.89,11.63,11.81,13661971,24.73,25,24.45,24.83,6498800,2026-01-06T03:44:36Z
BMY,2006-04-20,11.74,11.89,11.65,11.81,11453341,24.69,25,24.5,24.83,5448200,2026-01-06T03:44:36Z
BMY,2006-04-21,11.8,11.89,11.75,11.85,12280172,24.8,25,24.7,24.9,5841500,2026-01-06T03:44:36Z
BMY,2006-04-24,11.7,11.84,11.61,11.75,16330337,24.59,24.89,24.4,24.7,7768100,2026-01-06T03:44:36Z
BMY,2006-04-25,11.74,11.85,11.69,11.7,14215874,24.69,24.92,24.57,24.6,6762300,2026-01-06T03:44:36Z
BMY,2006-04-26,11.88,11.92,11.79,11.82,14832446,24.97,25.06,24.78,24.84,7055600,2026-01-06T03:44:36Z
BMY,2006-04-27,12.02,12.08,11.84,11.87,14873237,25.27,25.39,24.88,24.95,7075000,2026-01-06T03:44:36Z
BMY,2006-04-28,12.07,12.15,11.95,12.04,18248818,25.38,25.55,25.12,25.3,8680700,2026-01-06T03:44:36Z
BMY,2006-05-01,11.89,12.15,11.85,12.14,14282680,25,25.55,24.9,25.53,6794100,2026-01-06T03:44:36Z
BMY,2006-05-02,11.89,11.95,11.79,11.95,11924876,24.99,25.13,24.79,25.13,5672500,2026-01-06T03:44:36Z
BMY,2006-05-03,11.84,11.94,11.8,11.85,13268233,24.89,25.1,24.8,24.9,6311500,2026-01-06T03:44:36Z
BMY,2006-05-04,11.91,11.94,11.85,11.86,9032234,25.03,25.1,24.91,24.94,4296500,2026-01-06T03:44:36Z
BMY,2006-05-05,12.03,12.09,11.9,11.98,10380203,25.28,25.41,25.02,25.19,4937700,2026-01-06T03:44:36Z
BMY,2006-05-08,11.94,12.04,11.91,12.04,13271752,25.11,25.32,25.04,25.3,6313200,2026-01-06T03:44:36Z
BMY,2006-05-09,11.92,11.96,11.87,11.94,8839017,25.06,25.14,24.95,25.09,4204600,2026-01-06T03:44:36Z
BMY,2006-05-10,11.87,11.94,11.85,11.9,9425518,24.95,25.1,24.9,25.02,4483600,2026-01-06T03:44:36Z
BMY,2006-05-11,11.71,11.91,11.67,11.83,13993252,24.62,25.03,24.54,24.86,6656400,2026-01-06T03:44:36Z
BMY,2006-05-12,11.55,11.77,11.54,11.69,12275548,24.29,24.75,24.25,24.57,5839300,2026-01-06T03:44:36Z
BMY,2006-05-15,11.64,11.77,11.53,11.53,10116529,24.46,24.75,24.23,24.24,4812300,2026-01-06T03:44:36Z
BMY,2006-05-16,11.69,11.88,11.6,11.6,12202592,24.57,24.97,24.38,24.38,5804600,2026-01-06T03:44:36Z
BMY,2006-05-17,11.48,11.75,11.44,11.61,12610421,24.13,24.71,24.05,24.4,5998600,2026-01-06T03:44:36Z
BMY,2006-05-18,11.49,11.68,11.04,11.42,11735910,24.15,24.55,23.21,24.01,5582600,2026-01-06T03:44:36Z
BMY,2006-05-19,11.5,11.54,11.35,11.54,11850915,24.17,24.27,23.86,24.27,5637300,2026-01-06T03:44:36Z
BMY,2006-05-22,11.35,11.64,11.35,11.43,11676787,23.86,24.47,23.85,24.02,5554500,2026-01-06T03:44:36Z
BMY,2006-05-23,11.41,11.51,11.3,11.33,11131088,23.99,24.2,23.76,23.82,5294900,2026-01-06T03:44:36Z
BMY,2006-05-24,11.4,11.56,11.38,11.42,14980460,23.97,24.3,23.93,24.01,7126000,2026-01-06T03:44:36Z
BMY,2006-05-25,11.71,11.74,11.44,11.45,11433414,24.61,24.68,24.04,24.07,5438700,2026-01-06T03:44:36Z
BMY,2006-05-26,11.87,11.89,11.71,11.72,10336831,24.95,25,24.62,24.64,4917100,2026-01-06T03:44:36Z
BMY,2006-05-30,11.68,11.93,11.66,11.89,15826891,24.56,25.08,24.52,25,7528600,2026-01-06T03:44:36Z
BMY,2006-05-31,11.68,11.75,11.58,11.66,15523673,24.55,24.7,24.35,24.52,7384400,2026-01-06T03:44:36Z
BMY,2006-06-01,11.96,12.01,11.66,11.68,13811004,25.15,25.25,24.51,24.56,6569700,2026-01-06T03:44:36Z
BMY,2006-06-02,12.02,12.08,11.87,11.94,12885374,25.27,25.4,24.95,25.1,6129400,2026-01-06T03:44:36Z
BMY,2006-06-05,11.97,12.09,11.94,11.95,15363865,25.16,25.41,25.09,25.12,7308400,2026-01-06T03:44:36Z
BMY,2006-06-06,11.89,12.02,11.81,11.94,11277559,25,25.27,24.83,25.1,5364600,2026-01-06T03:44:36Z
BMY,2006-06-07,11.84,11.97,11.84,11.9,8348982,24.9,25.17,24.88,25.01,3971500,2026-01-06T03:44:36Z
BMY,2006-06-08,12.01,12.04,11.75,11.77,19700974,25.25,25.32,24.71,24.75,9371500,2026-01-06T03:44:36Z
BMY,2006-06-09,11.87,12.02,11.85,11.99,10284065,24.95,25.27,24.91,25.2,4892000,2026-01-06T03:44:36Z
BMY,2006-06-12,11.64,11.94,11.64,11.91,12089690,24.48,25.1,24.48,25.04,5750900,2026-01-06T03:44:36Z
BMY,2006-06-13,11.81,11.96,11.64,11.67,19474023,24.82,25.15,24.48,24.53,9263500,2026-01-06T03:44:36Z
BMY,2006-06-14,11.77,11.85,11.67,11.78,16407712,24.75,24.9,24.54,24.77,7804900,2026-01-06T03:44:36Z
BMY,2006-06-15,12.02,12.03,11.8,11.8,17094028,25.27,25.29,24.8,24.8,8131400,2026-01-06T03:44:36Z
BMY,2006-06-16,11.98,12.03,11.93,11.94,14529930,25.18,25.29,25.08,25.11,6911700,2026-01-06T03:44:36Z
BMY,2006-06-19,12.09,12.13,11.96,12.05,12908976,25.42,25.51,25.15,25.33,6140600,2026-01-06T03:44:36Z
BMY,2006-06-20,12.16,12.2,12.04,12.08,16940424,25.56,25.65,25.3,25.4,8058300,2026-01-06T03:44:36Z
BMY,2006-06-21,12.23,12.35,12.14,12.16,15147020,25.72,25.97,25.53,25.56,7205200,2026-01-06T03:44:36Z
BMY,2006-06-22,12.19,12.25,12.02,12.22,15736471,25.63,25.75,25.26,25.69,7485600,2026-01-06T03:44:36Z
BMY,2006-06-23,12.13,12.25,12.07,12.14,12090588,25.51,25.76,25.38,25.53,5751300,2026-01-06T03:44:36Z
BMY,2006-06-26,12.23,12.29,12,12.13,15906767,25.72,25.84,25.22,25.51,7566600,2026-01-06T03:44:36Z
BMY,2006-06-27,12.03,12.25,12,12.24,15594950,25.29,25.76,25.22,25.73,7418300,2026-01-06T03:44:36Z
BMY,2006-06-28,12.01,12.19,11.99,12.06,10047780,25.25,25.62,25.2,25.35,4779600,2026-01-06T03:44:36Z
BMY,2006-06-29,12.23,12.27,12.09,12.2,19749002,25.7,25.79,25.41,25.65,9394300,2026-01-06T03:44:36Z
BMY,2006-06-30,12.3,12.33,12.18,12.25,13800956,25.86,25.92,25.61,25.75,6564900,2026-01-06T03:44:36Z
BMY,2006-07-03,12.24,12.31,12.22,12.3,6188724,25.74,25.88,25.7,25.86,2943900,2026-01-06T03:44:36Z
BMY,2006-07-05,12.13,12.31,12.1,12.16,13943184,25.22,25.59,25.15,25.28,6705500,2026-01-06T03:44:36Z
BMY,2006-07-06,12.21,12.24,12.13,12.13,15165380,25.39,25.45,25.22,25.22,7293300,2026-01-06T03:44:36Z
BMY,2006-07-07,12.18,12.32,12.16,12.16,10935799,25.33,25.62,25.29,25.29,5259200,2026-01-06T03:44:36Z
BMY,2006-07-10,12.21,12.24,12.15,12.18,7881383,25.38,25.46,25.27,25.33,3790300,2026-01-06T03:44:36Z
BMY,2006-07-11,12.25,12.3,12.08,12.21,9975497,25.48,25.58,25.12,25.39,4797400,2026-01-06T03:44:36Z
BMY,2006-07-12,12.06,12.29,12.04,12.29,11018323,25.08,25.56,25.03,25.56,5298900,2026-01-06T03:44:36Z
BMY,2006-07-13,11.92,12.14,11.79,12.09,13497365,24.78,25.25,24.52,25.13,6491100,2026-01-06T03:44:36Z
BMY,2006-07-14,11.81,11.96,11.74,11.88,8490669,24.56,24.88,24.42,24.7,4083300,2026-01-06T03:44:36Z
BMY,2006-07-17,11.86,11.95,11.78,11.81,6022251,24.66,24.85,24.5,24.56,2896200,2026-01-06T03:44:36Z
BMY,2006-07-18,11.85,11.93,11.71,11.83,8330948,24.63,24.8,24.34,24.6,4006500,2026-01-06T03:44:36Z
BMY,2006-07-19,12.29,12.4,11.91,11.93,17292837,25.55,25.78,24.76,24.8,8316400,2026-01-06T03:44:36Z
BMY,2006-07-20,12.33,12.45,12.23,12.31,14249665,25.64,25.89,25.43,25.6,6852900,2026-01-06T03:44:36Z
BMY,2006-07-21,12.27,12.4,12.17,12.37,11840705,25.51,25.79,25.31,25.72,5694400,2026-01-06T03:44:36Z
BMY,2006-07-24,12.48,12.55,12.29,12.36,17522988,25.96,26.09,25.55,25.7,8427100,2026-01-06T03:44:36Z
BMY,2006-07-25,12.45,12.57,12.39,12.48,14167865,25.89,26.14,25.76,25.95,6813600,2026-01-06T03:44:36Z
BMY,2006-07-26,12.5,12.56,12.43,12.46,18996468,25.99,26.11,25.84,25.9,9135700,2026-01-06T03:44:36Z
BMY,2006-07-27,11.56,12.12,11.41,12.07,61125016,24.04,25.2,23.72,25.1,29396200,2026-01-06T03:44:36Z
BMY,2006-07-28,11.77,11.93,11.46,11.56,32669779,24.47,24.8,23.82,24.04,15711400,2026-01-06T03:44:36Z
BMY,2006-07-31,11.53,11.82,11.48,11.52,34579919,23.97,24.57,23.88,23.95,16630100,2026-01-06T03:44:36Z
BMY,2006-08-01,11.45,11.53,11.27,11.53,19020162,23.8,23.98,23.44,23.98,9147100,2026-01-06T03:44:36Z
BMY,2006-08-02,11.39,11.48,11.33,11.47,15241122,23.69,23.87,23.56,23.85,7329700,2026-01-06T03:44:36Z
BMY,2006-08-03,11.44,11.47,11.33,11.39,10511807,23.79,23.85,23.56,23.69,5055300,2026-01-06T03:44:36Z
BMY,2006-08-04,10.94,11.06,10.46,11.06,76748735,22.75,23,21.75,23,36909900,2026-01-06T03:44:36Z
BMY,2006-08-07,10.95,11.07,10.84,10.87,38673549,22.77,23.01,22.54,22.61,18598800,2026-01-06T03:44:36Z
BMY,2006-08-08,10.2,10.43,10.03,10.07,133968812,21.21,21.68,20.85,20.95,64428200,2026-01-06T03:44:36Z
BMY,2006-08-09,10.16,10.33,10.15,10.24,75584318,21.12,21.48,21.1,21.29,36349900,2026-01-06T03:44:36Z
BMY,2006-08-10,10.02,10.15,10.02,10.1,48339738,20.83,21.11,20.83,21,23247400,2026-01-06T03:44:36Z
BMY,2006-08-11,9.73,10.03,9.66,10.02,79664772,20.24,20.85,20.08,20.83,38312300,2026-01-06T03:44:36Z
BMY,2006-08-14,9.82,9.91,9.75,9.79,38640826,20.41,20.6,20.27,20.35,18583000,2026-01-06T03:44:36Z
BMY,2006-08-15,10,10.03,9.88,9.94,35170188,20.79,20.85,20.55,20.66,16914000,2026-01-06T03:44:36Z
BMY,2006-08-16,10.14,10.17,10.03,10.06,32759597,21.08,21.15,20.85,20.91,15754600,2026-01-06T03:44:36Z
BMY,2006-08-17,10.33,10.37,10.11,10.22,38973032,21.48,21.56,21.02,21.25,18742800,2026-01-06T03:44:36Z
BMY,2006-08-18,10.41,10.46,10.21,10.34,29575213,21.64,21.75,21.24,21.49,14223300,2026-01-06T03:44:36Z
BMY,2006-08-21,10.36,10.51,10.33,10.46,24150230,21.55,21.85,21.48,21.75,11614300,2026-01-06T03:44:36Z
BMY,2006-08-22,10.5,10.56,10.38,10.39,19998722,21.84,21.95,21.59,21.6,9617700,2026-01-06T03:44:36Z
BMY,2006-08-23,10.4,10.54,10.35,10.5,21234296,21.63,21.92,21.53,21.84,10211900,2026-01-06T03:44:36Z
BMY,2006-08-24,10.41,10.47,10.38,10.4,15083602,21.64,21.78,21.59,21.63,7254000,2026-01-06T03:44:36Z
BMY,2006-08-25,10.43,10.47,10.38,10.39,14912109,21.68,21.77,21.59,21.6,7171500,2026-01-06T03:44:36Z
BMY,2006-08-28,10.45,10.56,10.44,10.46,12084849,21.72,21.95,21.7,21.74,5811800,2026-01-06T03:44:36Z
BMY,2006-08-29,10.55,10.56,10.44,10.47,12864394,21.93,21.95,21.7,21.78,6186700,2026-01-06T03:44:36Z
BMY,2006-08-30,10.57,10.63,10.52,10.53,11703426,21.98,22.11,21.87,21.89,5628400,2026-01-06T03:44:36Z
BMY,2006-08-31,10.46,10.58,10.46,10.57,15593668,21.75,22,21.74,21.99,7499300,2026-01-06T03:44:36Z
BMY,2006-09-01,11.04,11.09,10.87,11.01,65766534,22.95,23.06,22.6,22.89,31628400,2026-01-06T03:44:36Z
BMY,2006-09-05,10.96,10.99,10.7,10.79,31912127,22.78,22.85,22.25,22.44,15347100,2026-01-06T03:44:36Z
BMY,2006-09-06,10.88,10.94,10.82,10.82,16473248,22.63,22.74,22.51,22.51,7922300,2026-01-06T03:44:36Z
BMY,2006-09-07,10.92,11,10.87,10.89,28178730,22.71,22.88,22.6,22.64,13551600,2026-01-06T03:44:36Z
BMY,2006-09-08,11.15,11.16,10.92,11.03,17095605,23.18,23.21,22.7,22.94,8221600,2026-01-06T03:44:36Z
BMY,2006-09-11,11.25,11.33,10.99,11.06,24542375,23.39,23.55,22.86,22.99,11802900,2026-01-06T03:44:36Z
BMY,2006-09-12,11.7,11.77,11.36,11.76,57526565,24.32,24.47,23.63,24.45,27665500,2026-01-06T03:44:36Z
BMY,2006-09-13,11.93,11.96,11.78,11.78,34517041,24.81,24.88,24.49,24.49,16599900,2026-01-06T03:44:36Z
BMY,2006-09-14,11.87,11.98,11.8,11.95,21323485,24.68,24.91,24.54,24.85,10254800,2026-01-06T03:44:36Z
BMY,2006-09-15,11.98,12.07,11.96,12.04,30905832,24.92,25.1,24.87,25.04,14863200,2026-01-06T03:44:36Z
BMY,2006-09-18,11.97,12.08,11.88,12.04,19229121,24.88,25.11,24.7,25.04,9247600,2026-01-06T03:44:36Z
BMY,2006-09-19,11.88,11.96,11.81,11.96,17648513,24.71,24.88,24.55,24.88,8487500,2026-01-06T03:44:36Z
BMY,2006-09-20,11.97,12,11.89,12,17481221,24.89,24.95,24.72,24.95,8407000,2026-01-06T03:44:36Z
BMY,2006-09-21,11.88,12.01,11.83,11.97,13615816,24.71,24.98,24.59,24.89,6548100,2026-01-06T03:44:36Z
BMY,2006-09-22,12.05,12.05,11.73,11.88,18984741,25.06,25.06,24.4,24.71,9130100,2026-01-06T03:44:36Z
BMY,2006-09-25,12.06,12.14,11.92,12.07,15670673,25.07,25.24,24.79,25.1,7536300,2026-01-06T03:44:36Z
BMY,2006-09-26,12.07,12.07,11.93,11.98,19795959,25.1,25.1,24.8,24.91,9520200,2026-01-06T03:44:36Z
BMY,2006-09-27,12.02,12.07,11.91,12.02,17766304,25,25.09,24.76,25,8544100,2026-01-06T03:44:36Z
BMY,2006-09-28,11.95,12.07,11.87,12.02,18657045,24.85,25.1,24.69,25,8972500,2026-01-06T03:44:36Z
BMY,2006-09-29,11.98,12.03,11.86,11.92,11711953,24.92,25.02,24.66,24.79,5632500,2026-01-06T03:44:36Z
BMY,2006-10-02,11.87,12.04,11.87,12.04,10192430,24.68,25.03,24.68,25.03,4901700,2026-01-06T03:44:36Z
BMY,2006-10-03,11.94,11.99,11.86,11.9,16045542,24.82,24.93,24.65,24.75,7716600,2026-01-06T03:44:36Z
BMY,2006-10-04,11.98,12.04,11.9,11.91,14950493,24.62,24.76,24.47,24.48,7272000,2026-01-06T03:44:36Z
BMY,2006-10-05,11.93,12.01,11.88,11.89,25844620,24.52,24.7,24.43,24.45,12570900,2026-01-06T03:44:36Z
BMY,2006-10-06,11.88,11.95,11.82,11.85,14717377,24.42,24.57,24.3,24.37,7158600,2026-01-06T03:44:36Z
BMY,2006-10-09,11.86,11.88,11.75,11.87,12279535,24.38,24.42,24.16,24.41,5972800,2026-01-06T03:44:36Z
BMY,2006-10-10,11.91,11.95,11.75,11.91,10924397,24.49,24.57,24.16,24.48,5313700,2026-01-06T03:44:36Z
BMY,2006-10-11,11.82,11.97,11.79,11.92,8877406,24.3,24.6,24.25,24.5,4318000,2026-01-06T03:44:36Z
BMY,2006-10-12,11.97,12.01,11.71,11.87,16988876,24.6,24.68,24.08,24.4,8263500,2026-01-06T03:44:36Z
BMY,2006-10-13,11.94,12.03,11.89,11.98,10142406,24.55,24.74,24.44,24.63,4933300,2026-01-06T03:44:36Z
BMY,2006-10-16,11.93,12.01,11.87,11.94,7747485,24.52,24.69,24.41,24.54,3768400,2026-01-06T03:44:36Z
BMY,2006-10-17,11.9,11.96,11.86,11.87,9585399,24.46,24.59,24.39,24.4,4662400,2026-01-06T03:44:36Z
BMY,2006-10-18,12.03,12.07,11.95,11.98,11421959,24.73,24.81,24.57,24.63,5555700,2026-01-06T03:44:36Z
BMY,2006-10-19,11.99,12.05,11.92,12.05,9144013,24.65,24.77,24.5,24.77,4447700,2026-01-06T03:44:36Z
BMY,2006-10-20,11.91,12.01,11.76,11.98,16618603,24.49,24.69,24.18,24.64,8083400,2026-01-06T03:44:36Z
BMY,2006-10-23,11.95,11.97,11.77,11.83,13015664,24.57,24.6,24.2,24.33,6330900,2026-01-06T03:44:36Z
BMY,2006-10-24,12.04,12.05,11.81,11.95,16793446,24.75,24.77,24.28,24.57,8168400,2026-01-06T03:44:36Z
BMY,2006-10-25,11.99,12.13,11.9,12.08,18358846,24.66,24.94,24.46,24.84,8929800,2026-01-06T03:44:36Z
BMY,2006-10-26,11.93,12.12,11.64,12.05,24312897,24.53,24.92,23.93,24.78,11825900,2026-01-06T03:44:36Z
BMY,2006-10-27,12.01,12.02,11.77,11.93,19692296,24.69,24.72,24.2,24.52,9578400,2026-01-06T03:44:36Z
BMY,2006-10-30,11.83,12.01,11.82,11.98,14654496,24.33,24.69,24.3,24.64,7128000,2026-01-06T03:44:36Z
BMY,2006-10-31,12.04,12.07,11.79,11.87,20137580,24.75,24.81,24.25,24.41,9795000,2026-01-06T03:44:36Z
BMY,2006-11-01,11.98,12.14,11.95,12.11,16046081,24.62,24.95,24.56,24.89,7804900,2026-01-06T03:44:36Z
BMY,2006-11-02,11.9,12.09,11.85,11.98,16276601,24.47,24.85,24.37,24.64,7917000,2026-01-06T03:44:36Z
BMY,2006-11-03,11.93,11.97,11.83,11.95,12833970,24.53,24.6,24.32,24.57,6242500,2026-01-06T03:44:36Z
BMY,2006-11-06,12.03,12.07,11.91,11.91,14050220,24.73,24.81,24.49,24.49,6834100,2026-01-06T03:44:36Z
BMY,2006-11-07,12.2,12.24,11.98,12.06,16641120,25.08,25.16,24.63,24.8,8094300,2026-01-06T03:44:36Z
BMY,2006-11-08,12.07,12.16,11.98,12.1,13786256,24.81,25,24.64,24.87,6705700,2026-01-06T03:44:36Z
BMY,2006-11-09,11.96,12.12,11.85,12.06,16215135,24.58,24.91,24.36,24.8,7887100,2026-01-06T03:44:36Z
BMY,2006-11-10,11.88,11.98,11.81,11.94,16272666,24.42,24.64,24.29,24.55,7915100,2026-01-06T03:44:36Z
BMY,2006-11-13,11.87,12.01,11.82,11.83,12771505,24.41,24.68,24.31,24.32,6212100,2026-01-06T03:44:36Z
BMY,2006-11-14,11.89,11.92,11.65,11.84,17851642,24.44,24.5,23.95,24.35,8683100,2026-01-06T03:44:36Z
BMY,2006-11-15,11.92,11.92,11.75,11.8,17069347,24.5,24.51,24.15,24.27,8302600,2026-01-06T03:44:36Z
BMY,2006-11-16,11.99,12.02,11.86,11.9,12243548,24.66,24.71,24.39,24.47,5955300,2026-01-06T03:44:36Z
BMY,2006-11-17,12.06,12.08,11.93,11.94,14015531,24.8,24.83,24.52,24.55,6817200,2026-01-06T03:44:36Z
BMY,2006-11-20,11.94,12.09,11.87,12.02,17489191,24.55,24.85,24.41,24.71,8506800,2026-01-06T03:44:36Z
BMY,2006-11-21,11.92,12.02,11.86,11.91,14462873,24.5,24.71,24.39,24.49,7034800,2026-01-06T03:44:36Z
BMY,2006-11-22,12.03,12.06,11.89,12.01,14210375,24.73,24.8,24.44,24.68,6912000,2026-01-06T03:44:36Z
BMY,2006-11-24,11.9,12,11.9,11.95,5066778,24.47,24.67,24.47,24.56,2464500,2026-01-06T03:44:36Z
BMY,2006-11-27,11.96,12.02,11.87,11.9,14210789,24.59,24.72,24.41,24.47,6912200,2026-01-06T03:44:36Z
BMY,2006-11-28,11.98,12.03,11.93,11.97,9980823,24.63,24.73,24.53,24.6,4854700,2026-01-06T03:44:36Z
BMY,2006-11-29,12.06,12.09,11.97,12.01,9314034,24.79,24.85,24.61,24.7,4530400,2026-01-06T03:44:36Z
BMY,2006-11-30,12.08,12.15,11.99,12.04,9382949,24.83,24.99,24.65,24.76,4563900,2026-01-06T03:44:36Z
BMY,2006-12-01,12.08,12.1,11.97,12.1,9411293,24.84,24.87,24.6,24.87,4577700,2026-01-06T03:44:36Z
BMY,2006-12-04,12.28,12.32,12.08,12.12,17265393,25.24,25.33,24.84,24.91,8398000,2026-01-06T03:44:36Z
BMY,2006-12-05,12.3,12.38,12.12,12.28,14803281,25.29,25.45,24.91,25.24,7200400,2026-01-06T03:44:36Z
BMY,2006-12-06,12.35,12.37,12.16,12.3,13106180,25.39,25.44,25,25.29,6374900,2026-01-06T03:44:36Z
BMY,2006-12-07,12.28,12.42,12.22,12.38,12467619,25.25,25.53,25.13,25.45,6064300,2026-01-06T03:44:36Z
BMY,2006-12-08,12.33,12.42,12.19,12.29,12416368,25.35,25.54,25.07,25.26,6039400,2026-01-06T03:44:36Z
BMY,2006-12-11,12.36,12.43,12.31,12.34,10056035,25.42,25.55,25.3,25.36,4891300,2026-01-06T03:44:36Z
BMY,2006-12-12,12.38,12.41,12.28,12.36,16986216,25.46,25.51,25.25,25.42,8262200,2026-01-06T03:44:36Z
BMY,2006-12-13,12.41,12.43,12.31,12.37,15192061,25.51,25.56,25.31,25.44,7389500,2026-01-06T03:44:36Z
BMY,2006-12-14,12.45,12.64,12.39,12.44,14919260,25.59,25.99,25.48,25.58,7256800,2026-01-06T03:44:36Z
BMY,2006-12-15,12.46,12.49,12.39,12.45,18061538,25.61,25.67,25.48,25.59,8785200,2026-01-06T03:44:36Z
BMY,2006-12-18,12.42,12.49,12.39,12.4,10814667,25.53,25.68,25.48,25.5,5260300,2026-01-06T03:44:36Z
BMY,2006-12-19,12.48,12.53,12.35,12.43,12913711,25.65,25.76,25.38,25.55,6281300,2026-01-06T03:44:36Z
BMY,2006-12-20,12.53,12.59,12.44,12.46,11851494,25.77,25.89,25.57,25.62,5764600,2026-01-06T03:44:36Z
BMY,2006-12-21,12.67,12.69,12.44,12.49,15314047,26.05,26.09,25.58,25.67,7448800,2026-01-06T03:44:36Z
BMY,2006-12-22,12.65,12.7,12.53,12.67,10550286,26,26.11,25.75,26.05,5131700,2026-01-06T03:44:36Z
BMY,2006-12-26,12.68,12.71,12.62,12.64,7269670,26.06,26.14,25.94,25.98,3536000,2026-01-06T03:44:36Z
BMY,2006-12-27,12.79,12.83,12.69,12.72,11760148,26.29,26.37,26.09,26.15,5720200,2026-01-06T03:44:36Z
BMY,2006-12-28,12.8,12.85,12.75,12.79,10094274,26.31,26.41,26.21,26.3,4909900,2026-01-06T03:44:36Z
BMY,2006-12-29,12.8,12.82,12.73,12.77,16437509,26.32,26.36,26.17,26.25,7995300,2026-01-06T03:44:36Z
BMY,2007-01-03,12.97,13.09,12.88,12.89,23004925,26.38,26.62,26.2,26.21,11310000,2026-01-06T03:44:36Z
BMY,2007-01-04,13.12,13.29,12.92,13,30046157,26.69,27.03,26.28,26.45,14771700,2026-01-06T03:44:36Z
BMY,2007-01-05,12.87,13.14,12.81,13.12,16288511,26.18,26.73,26.05,26.69,8008000,2026-01-06T03:44:36Z
BMY,2007-01-08,12.83,12.87,12.65,12.83,16079375,26.1,26.17,25.73,26.1,7905200,2026-01-06T03:44:36Z
BMY,2007-01-09,12.89,12.93,12.79,12.9,15286606,26.21,26.3,26.01,26.23,7515400,2026-01-06T03:44:36Z
BMY,2007-01-10,12.88,12.91,12.7,12.89,11646478,26.2,26.26,25.83,26.22,5725800,2026-01-06T03:44:36Z
BMY,2007-01-11,13.05,13.06,12.77,12.88,16816531,26.54,26.57,25.98,26.2,8267600,2026-01-06T03:44:36Z
BMY,2007-01-12,12.91,13.09,12.83,12.96,15479391,26.25,26.63,26.1,26.35,7610200,2026-01-06T03:44:36Z
BMY,2007-01-16,13.06,13.06,12.84,12.9,16140683,26.57,26.57,26.12,26.25,7935300,2026-01-06T03:44:36Z
BMY,2007-01-17,13.21,13.22,13,13.09,17279121,26.87,26.9,26.45,26.62,8495000,2026-01-06T03:44:36Z
BMY,2007-01-18,13.11,13.28,12.99,13.27,22065566,26.67,27.01,26.42,27,10848200,2026-01-06T03:44:36Z
BMY,2007-01-19,13.09,13.27,13.08,13.17,13969959,26.63,27,26.61,26.79,6868100,2026-01-06T03:44:36Z
BMY,2007-01-22,13.02,13.19,12.93,13.15,13076768,26.48,26.82,26.3,26.74,6429000,2026-01-06T03:44:36Z
BMY,2007-01-23,13.11,13.2,12.98,13.05,11036443,26.67,26.85,26.41,26.54,5425900,2026-01-06T03:44:36Z
BMY,2007-01-24,13.27,13.27,13.02,13.09,12473711,26.99,26.99,26.49,26.62,6132500,2026-01-06T03:44:36Z
BMY,2007-01-25,12.92,13.2,12.91,13.2,16372674,26.28,26.85,26.26,26.85,8049400,2026-01-06T03:44:36Z
BMY,2007-01-26,12.89,12.95,12.76,12.89,16019470,26.21,26.34,25.95,26.21,7875700,2026-01-06T03:44:36Z
BMY,2007-01-29,13.49,13.89,13.41,13.61,71451025,27.43,28.26,27.28,27.69,35127700,2026-01-06T03:44:36Z
BMY,2007-01-30,13.78,13.8,13.52,13.52,33439512,28.03,28.07,27.5,27.5,16440000,2026-01-06T03:44:36Z
BMY,2007-01-31,14.15,14.45,14.1,14.36,48671580,28.79,29.39,28.67,29.2,23928700,2026-01-06T03:44:36Z
BMY,2007-02-01,14.16,14.42,14.13,14.21,41483993,28.8,29.33,28.74,28.9,20395000,2026-01-06T03:44:36Z
BMY,2007-02-02,14.08,14.26,13.94,14.16,20436743,28.64,29,28.35,28.8,10047400,2026-01-06T03:44:36Z
BMY,2007-02-05,14.12,14.15,13.98,14.03,17173074,28.73,28.79,28.43,28.53,8442900,2026-01-06T03:44:36Z
BMY,2007-02-06,14.13,14.15,14.02,14.12,11904772,28.75,28.79,28.51,28.73,5852800,2026-01-06T03:44:36Z
BMY,2007-02-07,14.19,14.26,14.07,14.11,20926073,28.86,29,28.63,28.7,10288000,2026-01-06T03:44:36Z
BMY,2007-02-08,14.11,14.18,14.09,14.09,17201002,28.7,28.85,28.65,28.66,8456600,2026-01-06T03:44:36Z
BMY,2007-02-09,14.02,14.17,14.02,14.16,13972183,28.52,28.82,28.52,28.8,6869200,2026-01-06T03:44:36Z
BMY,2007-02-12,13.56,13.64,13.2,13.36,38413889,27.59,27.74,26.85,27.17,18885600,2026-01-06T03:44:36Z
BMY,2007-02-13,13.56,13.57,13.36,13.37,16538500,27.59,27.6,27.18,27.2,8130900,2026-01-06T03:44:36Z
BMY,2007-02-14,13.63,13.76,13.55,13.56,10148601,27.72,27.98,27.57,27.59,4989400,2026-01-06T03:44:36Z
BMY,2007-02-15,13.65,13.71,13.51,13.61,12092714,27.77,27.88,27.47,27.68,5945200,2026-01-06T03:44:36Z
BMY,2007-02-16,13.59,13.87,13.33,13.59,10992904,27.64,28.21,27.12,27.65,5404500,2026-01-06T03:44:36Z
BMY,2007-02-20,13.48,13.65,13.45,13.56,13577381,27.42,27.76,27.35,27.58,6675100,2026-01-06T03:44:36Z
BMY,2007-02-21,13.33,13.52,13.28,13.39,13193958,27.11,27.49,27.01,27.24,6486600,2026-01-06T03:44:36Z
BMY,2007-02-22,13.32,13.34,13.26,13.3,14915323,27.09,27.13,26.97,27.05,7332900,2026-01-06T03:44:36Z
BMY,2007-02-23,13.3,13.35,13.24,13.31,15430583,27.05,27.15,26.94,27.08,7586200,2026-01-06T03:44:36Z
BMY,2007-02-26,13.37,13.44,13.25,13.31,10647294,27.19,27.33,26.95,27.07,5234600,2026-01-06T03:44:36Z
BMY,2007-02-27,12.96,13.37,12.73,13.24,22811432,26.36,27.2,25.89,26.94,11214900,2026-01-06T03:44:36Z
BMY,2007-02-28,12.97,13.02,12.77,12.94,22751485,26.38,26.48,25.98,26.32,11185400,2026-01-06T03:44:36Z
BMY,2007-03-01,13.1,13.24,12.78,12.9,23601983,26.64,26.93,26,26.25,11603600,2026-01-06T03:44:36Z
BMY,2007-03-02,12.99,13.13,12.85,13.09,15580863,26.42,26.7,26.14,26.63,7660100,2026-01-06T03:44:36Z
BMY,2007-03-05,12.95,13.13,12.8,12.84,14770489,26.35,26.71,26.03,26.12,7261700,2026-01-06T03:44:36Z
BMY,2007-03-06,13.28,13.28,12.98,13.02,19233724,27.01,27.01,26.4,26.49,9456000,2026-01-06T03:44:36Z
BMY,2007-03-07,13.33,13.4,13.13,13.24,26046843,27.12,27.26,26.71,26.93,12805500,2026-01-06T03:44:36Z
BMY,2007-03-08,13.35,13.43,13.3,13.38,13989856,27.16,27.32,27.05,27.22,6877900,2026-01-06T03:44:36Z
BMY,2007-03-09,13.23,13.48,13.22,13.47,12232054,26.92,27.41,26.9,27.4,6013700,2026-01-06T03:44:36Z
BMY,2007-03-12,13.45,13.47,13.18,13.23,16898757,27.36,27.39,26.81,26.92,8308000,2026-01-06T03:44:36Z
BMY,2007-03-13,13.18,13.5,13.16,13.47,19068643,26.8,27.46,26.77,27.4,9374800,2026-01-06T03:44:36Z
BMY,2007-03-14,13.28,13.3,13.03,13.22,22307976,27.02,27.05,26.51,26.9,10967400,2026-01-06T03:44:36Z
BMY,2007-03-15,13.33,13.34,13.18,13.24,22959991,27.12,27.14,26.81,26.94,11287900,2026-01-06T03:44:36Z
BMY,2007-03-16,13.19,13.34,12.98,13.33,31222266,26.82,27.13,26.41,27.12,15349900,2026-01-06T03:44:36Z
BMY,2007-03-19,13.24,13.33,13.14,13.27,13735441,26.94,27.11,26.73,27,6752800,2026-01-06T03:44:36Z
BMY,2007-03-20,13.35,13.5,13.19,13.24,16946094,27.15,27.46,26.82,26.94,8331300,2026-01-06T03:44:36Z
BMY,2007-03-21,13.62,13.65,13.19,13.3,15772885,27.71,27.76,26.82,27.05,7754500,2026-01-06T03:44:36Z
BMY,2007-03-22,13.66,13.76,13.14,13.25,17045007,27.79,27.99,26.72,26.95,8379900,2026-01-06T03:44:36Z
BMY,2007-03-23,13.57,13.71,13.43,13.67,15063846,27.6,27.89,27.32,27.81,7405900,2026-01-06T03:44:36Z
BMY,2007-03-26,13.58,13.61,13.4,13.49,12548702,27.62,27.68,27.25,27.44,6169400,2026-01-06T03:44:36Z
BMY,2007-03-27,13.67,13.77,13.53,13.67,25031878,27.8,28,27.52,27.8,12306500,2026-01-06T03:44:36Z
BMY,2007-03-28,13.58,13.71,13.52,13.59,15438845,27.62,27.89,27.49,27.65,7590300,2026-01-06T03:44:36Z
BMY,2007-03-29,13.72,13.81,13.58,13.58,25390035,27.91,28.1,27.62,27.62,12482600,2026-01-06T03:44:36Z
BMY,2007-03-30,13.65,13.77,13.52,13.72,14236564,27.76,28.01,27.5,27.91,6999200,2026-01-06T03:44:36Z
BMY,2007-04-02,13.71,13.73,13.58,13.66,17015041,27.88,27.92,27.62,27.78,8365200,2026-01-06T03:44:36Z
BMY,2007-04-03,13.68,13.86,13.59,13.8,20744705,27.54,27.9,27.36,27.78,10302300,2026-01-06T03:44:36Z
BMY,2007-04-04,13.8,13.85,13.68,13.71,10338215,27.78,27.88,27.55,27.6,5134200,2026-01-06T03:44:36Z
BMY,2007-04-05,13.82,13.86,13.72,13.8,8890881,27.82,27.9,27.62,27.78,4415400,2026-01-06T03:44:36Z
BMY,2007-04-09,13.74,13.92,13.72,13.82,15676872,27.66,28.03,27.62,27.82,7785500,2026-01-06T03:44:36Z
BMY,2007-04-10,13.8,13.83,13.64,13.66,14176401,27.79,27.85,27.46,27.5,7040300,2026-01-06T03:44:36Z
BMY,2007-04-11,13.67,13.86,13.6,13.8,18956383,27.52,27.9,27.38,27.79,9414200,2026-01-06T03:44:36Z
BMY,2007-04-12,13.68,13.74,13.58,13.74,16613483,27.55,27.67,27.35,27.67,8250600,2026-01-06T03:44:36Z
BMY,2007-04-13,14.06,14.13,13.7,13.74,23598691,28.32,28.45,27.58,27.67,11719600,2026-01-06T03:44:36Z
BMY,2007-04-16,14.13,14.22,14.03,14.03,25505446,28.46,28.64,28.25,28.25,12666600,2026-01-06T03:44:36Z
BMY,2007-04-17,14.05,14.28,13.91,13.91,25204949,28.29,28.75,28.02,28.02,12517300,2026-01-06T03:44:36Z
BMY,2007-04-18,14.03,14.11,13.88,13.97,15707047,28.26,28.41,27.94,28.14,7800500,2026-01-06T03:44:36Z
BMY,2007-04-19,14.11,14.22,13.41,13.81,18192101,28.42,28.64,27,27.8,9034600,2026-01-06T03:44:36Z
BMY,2007-04-20,14.24,14.3,14.07,14.11,18305209,28.67,28.79,28.34,28.42,9090800,2026-01-06T03:44:36Z
BMY,2007-04-23,14.16,14.28,14.11,14.25,15143703,28.51,28.76,28.41,28.69,7520700,2026-01-06T03:44:36Z
BMY,2007-04-24,14.29,14.31,14.08,14.18,18471772,28.78,28.82,28.36,28.56,9173500,2026-01-06T03:44:36Z
BMY,2007-04-25,14.75,14.79,14.2,14.33,32578242,29.7,29.78,28.59,28.85,16179100,2026-01-06T03:44:36Z
BMY,2007-04-26,14.52,15.05,14.09,15.05,34645169,29.23,30.31,28.38,30.31,17205600,2026-01-06T03:44:36Z
BMY,2007-04-27,14.49,14.54,14.4,14.48,14858345,29.17,29.27,29,29.16,7379000,2026-01-06T03:44:36Z
BMY,2007-04-30,14.33,14.71,14.33,14.65,27027014,28.86,29.62,28.85,29.5,13422200,2026-01-06T03:44:36Z
BMY,2007-05-01,14.24,14.64,14.23,14.64,24268992,28.68,29.49,28.65,29.49,12052500,2026-01-06T03:44:36Z
BMY,2007-05-02,14.25,14.39,14.2,14.3,33382821,28.7,28.98,28.6,28.8,16578700,2026-01-06T03:44:36Z
BMY,2007-05-03,14.57,14.7,14.25,14.25,29704663,29.34,29.59,28.69,28.69,14752000,2026-01-06T03:44:36Z
BMY,2007-05-04,14.91,14.92,14.58,14.6,33561727,30.02,30.05,29.35,29.39,16667500,2026-01-06T03:44:36Z
BMY,2007-05-07,14.95,15.03,14.85,14.9,22798207,30.11,30.26,29.9,30,11322100,2026-01-06T03:44:36Z
BMY,2007-05-08,15,15.02,14.86,14.9,19282206,30.21,30.25,29.92,30,9576000,2026-01-06T03:44:36Z
BMY,2007-05-09,15.02,15.07,14.92,15,16257250,30.25,30.35,30.05,30.2,8073700,2026-01-06T03:44:36Z
BMY,2007-05-10,14.84,14.99,14.82,14.97,15336577,29.88,30.19,29.85,30.14,7616500,2026-01-06T03:44:36Z
BMY,2007-05-11,15.02,15.02,14.69,14.8,14306808,30.24,30.25,29.57,29.81,7105100,2026-01-06T03:44:36Z
BMY,2007-05-14,14.94,15.15,14.89,14.99,15011170,30.09,30.5,29.98,30.19,7454900,2026-01-06T03:44:36Z
BMY,2007-05-15,15.01,15.1,14.94,15.02,12839931,30.23,30.4,30.08,30.25,6376600,2026-01-06T03:44:36Z
BMY,2007-05-16,14.94,15.11,14.89,15.03,17675805,30.08,30.43,29.99,30.26,8778200,2026-01-06T03:44:36Z
BMY,2007-05-17,15,15.02,14.87,14.93,12741841,30.21,30.25,29.95,30.07,6327900,2026-01-06T03:44:36Z
BMY,2007-05-18,15.12,15.14,14.92,15.01,20172002,30.45,30.48,30.04,30.22,10017900,2026-01-06T03:44:36Z
BMY,2007-05-21,15.05,15.1,14.93,14.99,14203772,30.31,30.4,30.06,30.18,7053900,2026-01-06T03:44:36Z
BMY,2007-05-22,15.01,15.06,14.79,14.97,15731499,30.22,30.32,29.79,30.14,7812600,2026-01-06T03:44:36Z
BMY,2007-05-23,14.9,15.01,14.82,14.93,13258338,30,30.23,29.84,30.06,6584400,2026-01-06T03:44:36Z
BMY,2007-05-24,14.91,15,14.89,14.92,18452614,30.03,30.2,29.98,30.05,9164000,2026-01-06T03:44:36Z
BMY,2007-05-25,14.92,15.01,14.89,14.94,17720105,30.05,30.23,29.98,30.08,8800200,2026-01-06T03:44:36Z
BMY,2007-05-29,14.95,14.99,14.65,14.83,20594767,30.1,30.18,29.5,29.86,10227800,2026-01-06T03:44:36Z
BMY,2007-05-30,14.96,14.96,14.79,14.81,13679176,30.12,30.12,29.79,29.83,6793400,2026-01-06T03:44:36Z
BMY,2007-05-31,15.05,15.12,14.57,14.57,19385986,30.31,30.44,29.33,29.33,9627500,2026-01-06T03:44:36Z
BMY,2007-06-01,15.14,15.15,14.9,15.02,30619137,30.48,30.5,30,30.24,15206200,2026-01-06T03:44:36Z
BMY,2007-06-04,15.12,15.17,15.02,15.14,17133122,30.44,30.54,30.25,30.49,8508700,2026-01-06T03:44:36Z
BMY,2007-06-05,15.11,15.17,14.91,15.03,24708836,30.42,30.55,30.02,30.26,12271000,2026-01-06T03:44:36Z
BMY,2007-06-06,14.98,15.13,14.92,15.11,18259140,30.17,30.47,30.04,30.43,9067900,2026-01-06T03:44:36Z
BMY,2007-06-07,14.49,14.98,14.45,14.92,33025237,29.17,30.17,29.1,30.04,16401100,2026-01-06T03:44:36Z
BMY,2007-06-08,14.54,14.6,14.36,14.47,23556790,29.27,29.39,28.92,29.14,11698800,2026-01-06T03:44:36Z
BMY,2007-06-11,14.49,14.59,14.4,14.56,22604966,29.18,29.38,28.99,29.32,11226100,2026-01-06T03:44:36Z
BMY,2007-06-12,14.25,14.5,14.2,14.5,26059228,28.69,29.19,28.59,29.19,12941600,2026-01-06T03:44:36Z
BMY,2007-06-13,14.77,14.78,14.47,14.51,26042836,29.74,29.77,29.14,29.22,12933500,2026-01-06T03:44:36Z
BMY,2007-06-14,14.81,14.93,14.51,14.51,16213374,29.83,30.06,29.21,29.21,8051900,2026-01-06T03:44:36Z
BMY,2007-06-15,15.28,15.34,14.92,14.95,43595109,30.76,30.88,30.05,30.11,21650300,2026-01-06T03:44:36Z
BMY,2007-06-18,15.05,15.31,15.05,15.3,16715342,30.31,30.83,30.31,30.81,8301200,2026-01-06T03:44:36Z
BMY,2007-06-19,15.68,15.93,15.49,15.86,65400941,31.58,32.07,31.19,31.94,32479500,2026-01-06T03:44:36Z
BMY,2007-06-20,15.51,15.82,15.49,15.68,28699503,31.23,31.86,31.19,31.57,14252800,2026-01-06T03:44:36Z
BMY,2007-06-21,15.9,15.92,15.57,15.62,32434195,32.02,32.06,31.35,31.45,16107600,2026-01-06T03:44:36Z
BMY,2007-06-22,15.59,15.87,15.52,15.83,29035620,31.4,31.95,31.25,31.88,14419700,2026-01-06T03:44:36Z
BMY,2007-06-25,15.67,15.92,15.6,15.88,23322149,31.56,32.06,31.42,31.98,11582300,2026-01-06T03:44:36Z
BMY,2007-06-26,15.74,15.98,15.6,15.78,21621609,31.69,32.18,31.41,31.78,10737800,2026-01-06T03:44:36Z
BMY,2007-06-27,15.92,15.98,15.61,15.74,17729417,32.05,32.18,31.44,31.7,8804800,2026-01-06T03:44:36Z
BMY,2007-06-28,15.71,16.02,15.7,15.97,18398041,31.63,32.25,31.61,32.15,9136900,2026-01-06T03:44:36Z
BMY,2007-06-29,15.67,15.84,15.52,15.84,24203101,31.56,31.9,31.26,31.9,12019800,2026-01-06T03:44:36Z
BMY,2007-07-02,15.81,15.81,15.61,15.8,31269347,31.84,31.84,31.44,31.81,15529100,2026-01-06T03:44:36Z
BMY,2007-07-03,15.92,15.94,15.83,15.86,7296779,31.77,31.82,31.6,31.66,3655900,2026-01-06T03:44:36Z
BMY,2007-07-05,15.99,16.09,15.8,15.94,13274111,31.91,32.12,31.53,31.81,6650700,2026-01-06T03:44:36Z
BMY,2007-07-06,15.81,15.94,15.77,15.93,14298432,31.55,31.82,31.47,31.8,7163900,2026-01-06T03:44:36Z
BMY,2007-07-09,15.71,15.88,15.66,15.88,37547270,31.35,31.7,31.25,31.7,18812200,2026-01-06T03:44:36Z
BMY,2007-07-10,15.5,15.74,15.48,15.74,20986845,30.93,31.41,30.89,31.41,10515000,2026-01-06T03:44:36Z
BMY,2007-07-11,15.84,15.86,15.47,15.47,23792291,31.62,31.65,30.88,30.88,11920600,2026-01-06T03:44:36Z
BMY,2007-07-12,16.04,16.14,15.73,15.89,29828703,32.02,32.21,31.4,31.71,14945000,2026-01-06T03:44:36Z
BMY,2007-07-13,16.06,16.15,15.98,16.03,13032372,32.06,32.24,31.9,32,6529600,2026-01-06T03:44:36Z
BMY,2007-07-16,16.08,16.14,15.8,15.8,12401301,32.1,32.22,31.53,31.53,6213400,2026-01-06T03:44:36Z
BMY,2007-07-17,16.1,16.18,15.96,16.04,12828377,32.14,32.29,31.85,32.02,6427400,2026-01-06T03:44:36Z
BMY,2007-07-18,16.06,16.21,15.91,16.11,19377695,32.05,32.35,31.75,32.16,9708800,2026-01-06T03:44:36Z
BMY,2007-07-19,16.05,16.13,15.96,16.07,15660627,32.03,32.19,31.85,32.07,7846400,2026-01-06T03:44:36Z
BMY,2007-07-20,15.8,16.08,15.77,16.04,26774592,31.54,32.09,31.48,32.01,13414800,2026-01-06T03:44:36Z
BMY,2007-07-23,16.1,16.13,15.87,15.92,24510851,32.13,32.2,31.67,31.78,12280600,2026-01-06T03:44:36Z
BMY,2007-07-24,15.73,16.07,15.72,15.98,24607374,31.4,32.08,31.37,31.89,12329000,2026-01-06T03:44:36Z
BMY,2007-07-25,15.83,15.92,15.43,15.78,21948439,31.59,31.78,30.8,31.5,10996800,2026-01-06T03:44:36Z
BMY,2007-07-26,14.96,15.74,14.9,15.74,35246101,29.85,31.42,29.73,31.42,17659300,2026-01-06T03:44:36Z
BMY,2007-07-27,14.35,15.16,14.35,14.91,32579883,28.64,30.25,28.64,29.75,16323500,2026-01-06T03:44:36Z
BMY,2007-07-30,14.38,14.61,14.11,14.53,28571663,28.7,29.15,28.16,29,14315200,2026-01-06T03:44:36Z
BMY,2007-07-31,14.23,14.59,14.2,14.53,24948915,28.41,29.12,28.35,29,12500100,2026-01-06T03:44:36Z
BMY,2007-08-01,14.36,14.42,14.03,14.24,24291010,28.67,28.78,28.01,28.43,12170500,2026-01-06T03:44:36Z
BMY,2007-08-02,14.34,14.46,14.14,14.38,24651155,28.62,28.85,28.22,28.7,12350900,2026-01-06T03:44:36Z
BMY,2007-08-03,14.03,14.35,14.02,14.18,35094803,28,28.65,27.98,28.3,17583500,2026-01-06T03:44:36Z
BMY,2007-08-06,14.29,14.34,13.77,14.08,37078415,28.52,28.62,27.48,28.1,18577300,2026-01-06T03:44:36Z
BMY,2007-08-07,14.49,14.57,14.17,14.17,32716800,28.92,29.09,28.28,28.28,16392000,2026-01-06T03:44:36Z
BMY,2007-08-08,15,15.03,14.47,14.52,31033329,29.93,29.99,28.88,28.98,15548600,2026-01-06T03:44:36Z
BMY,2007-08-09,14.12,14.94,14.03,14.64,45259847,28.18,29.81,28,29.23,22676500,2026-01-06T03:44:36Z
BMY,2007-08-10,14.44,14.53,13.78,13.79,33511363,28.82,28.99,27.51,27.52,16790100,2026-01-06T03:44:36Z
BMY,2007-08-13,14.51,14.69,14.37,14.46,19653552,28.96,29.32,28.68,28.85,9847000,2026-01-06T03:44:36Z
BMY,2007-08-14,14.28,14.58,14.27,14.57,21345111,28.5,29.1,28.48,29.08,10694500,2026-01-06T03:44:36Z
BMY,2007-08-15,13.97,14.38,13.95,14.28,24545084,27.89,28.7,27.84,28.5,12297800,2026-01-06T03:44:36Z
BMY,2007-08-16,13.71,14.13,13.46,13.82,33917156,27.37,28.2,26.87,27.59,16993400,2026-01-06T03:44:36Z
BMY,2007-08-17,13.86,13.98,13.22,13.89,40397241,27.66,27.9,26.38,27.73,20240100,2026-01-06T03:44:36Z
BMY,2007-08-20,14.09,14.19,13.85,13.9,21941501,28.12,28.32,27.65,27.75,10993300,2026-01-06T03:44:36Z
BMY,2007-08-21,14.1,14.34,13.96,14.12,17079917,28.14,28.63,27.87,28.18,8557500,2026-01-06T03:44:36Z
BMY,2007-08-22,14.4,14.53,14.1,14.27,14273209,28.75,28.99,28.14,28.48,7151300,2026-01-06T03:44:36Z
BMY,2007-08-23,14.53,14.61,14.37,14.59,17095665,29,29.15,28.68,29.12,8565400,2026-01-06T03:44:36Z
BMY,2007-08-24,14.81,14.82,14.53,14.73,18004953,29.55,29.59,28.99,29.4,9021000,2026-01-06T03:44:36Z
BMY,2007-08-27,14.73,15.01,14.71,14.8,14935316,29.4,29.95,29.36,29.54,7483000,2026-01-06T03:44:36Z
BMY,2007-08-28,14.4,14.77,14.37,14.67,14853415,28.75,29.48,28.69,29.28,7442000,2026-01-06T03:44:36Z
BMY,2007-08-29,14.53,14.55,14.24,14.45,13390090,29.01,29.05,28.42,28.83,6708800,2026-01-06T03:44:36Z
BMY,2007-08-30,14.43,14.59,14.38,14.46,9795864,28.8,29.11,28.7,28.85,4908000,2026-01-06T03:44:36Z
BMY,2007-08-31,14.61,14.76,14.39,14.6,16243765,29.15,29.46,28.73,29.13,8138600,2026-01-06T03:44:36Z
BMY,2007-09-04,14.62,14.7,14.33,14.38,14287632,29.19,29.33,28.61,28.7,7158500,2026-01-06T03:44:36Z
BMY,2007-09-05,14.45,14.6,14.3,14.47,19058359,28.85,29.14,28.55,28.89,9548800,2026-01-06T03:44:36Z
BMY,2007-09-06,14.36,14.5,14.18,14.3,16609419,28.67,28.94,28.3,28.55,8321800,2026-01-06T03:44:36Z
BMY,2007-09-07,13.93,14.28,13.92,14.19,20924760,27.81,28.5,27.78,28.33,10483900,2026-01-06T03:44:36Z
BMY,2007-09-10,14.03,14.09,13.74,13.93,15215898,28,28.12,27.42,27.8,7623600,2026-01-06T03:44:36Z
BMY,2007-09-11,14.14,14.4,14.01,14.32,22401972,28.23,28.75,27.96,28.59,11224000,2026-01-06T03:44:36Z
BMY,2007-09-12,14.2,14.22,14.03,14.03,17481700,28.34,28.39,28.01,28.01,8758800,2026-01-06T03:44:36Z
BMY,2007-09-13,14.43,14.52,14.24,14.25,19929035,28.8,28.97,28.43,28.45,9985000,2026-01-06T03:44:36Z
BMY,2007-09-14,14.22,14.38,14.17,14.38,17673830,28.38,28.71,28.28,28.71,8855100,2026-01-06T03:44:36Z
BMY,2007-09-17,14.07,14.28,14.03,14.19,13666468,28.08,28.5,28.01,28.33,6847300,2026-01-06T03:44:36Z
BMY,2007-09-18,14.48,14.52,14.01,14.11,25318977,28.91,28.98,27.97,28.17,12685500,2026-01-06T03:44:36Z
BMY,2007-09-19,14.48,14.66,14.19,14.47,32961075,28.91,29.27,28.32,28.88,16514400,2026-01-06T03:44:36Z
BMY,2007-09-20,14.3,14.54,14.23,14.52,21274767,28.54,29.03,28.41,28.98,10659300,2026-01-06T03:44:36Z
BMY,2007-09-21,14.53,14.56,14.3,14.3,20877892,29,29.06,28.54,28.55,10460400,2026-01-06T03:44:36Z
BMY,2007-09-24,14.42,14.61,14.35,14.57,26612879,28.79,29.15,28.65,29.09,13333800,2026-01-06T03:44:36Z
BMY,2007-09-25,14.3,14.5,14.21,14.43,24765178,28.54,28.94,28.37,28.79,12408100,2026-01-06T03:44:36Z
BMY,2007-09-26,14.47,14.55,14.28,14.34,14766439,28.89,29.05,28.5,28.62,7398400,2026-01-06T03:44:36Z
BMY,2007-09-27,14.53,14.6,14.32,14.46,14249724,29.01,29.13,28.59,28.85,7139500,2026-01-06T03:44:36Z
BMY,2007-09-28,14.44,14.59,14.4,14.47,17840552,28.82,29.12,28.75,28.88,8938600,2026-01-06T03:44:36Z
BMY,2007-10-01,14.54,14.72,14.3,14.54,31403310,29.03,29.38,28.55,29.01,15734000,2026-01-06T03:44:36Z
BMY,2007-10-02,14.58,14.69,14.52,14.58,29399206,29.11,29.32,28.98,29.1,14729800,2026-01-06T03:44:36Z
BMY,2007-10-03,15.05,15.14,14.56,14.65,26690352,29.74,29.92,28.79,28.95,13502500,2026-01-06T03:44:36Z
BMY,2007-10-04,15.05,15.35,15,15,15756647,29.74,30.35,29.65,29.65,7971200,2026-01-06T03:44:36Z
BMY,2007-10-05,15.22,15.28,15.04,15.1,16978007,30.09,30.2,29.72,29.85,8589100,2026-01-06T03:44:36Z
BMY,2007-10-08,15.16,15.23,15.13,15.13,10146751,29.97,30.1,29.91,29.91,5133200,2026-01-06T03:44:36Z
BMY,2007-10-09,15.1,15.27,14.99,15.16,15214585,29.85,30.18,29.64,29.97,7697000,2026-01-06T03:44:36Z
BMY,2007-10-10,14.99,15.19,14.93,15.14,12707550,29.63,30.03,29.52,29.93,6428700,2026-01-06T03:44:36Z
BMY,2007-10-11,14.92,15.16,14.87,15.13,16727387,29.5,29.97,29.39,29.91,8462300,2026-01-06T03:44:36Z
BMY,2007-10-12,15.06,15.1,14.92,14.99,9927155,29.77,29.84,29.49,29.63,5022100,2026-01-06T03:44:36Z
BMY,2007-10-15,15.04,15.12,14.94,15.08,15402663,29.73,29.88,29.53,29.81,7792100,2026-01-06T03:44:36Z
BMY,2007-10-16,14.79,15.1,14.74,15.09,17738229,29.24,29.85,29.13,29.82,8973700,2026-01-06T03:44:36Z
BMY,2007-10-17,15.09,15.12,14.9,15.03,30780200,29.83,29.88,29.46,29.71,15571500,2026-01-06T03:44:36Z
BMY,2007-10-18,14.96,15.09,14.87,14.94,14788615,29.58,29.82,29.4,29.53,7481500,2026-01-06T03:44:36Z
BMY,2007-10-19,14.83,15.12,14.73,14.95,27764138,29.32,29.89,29.11,29.56,14045700,2026-01-06T03:44:36Z
BMY,2007-10-22,14.63,14.72,14.42,14.66,19173576,28.91,29.09,28.5,28.98,9699800,2026-01-06T03:44:36Z
BMY,2007-10-23,14.44,14.76,14.3,14.65,30031422,28.54,29.17,28.27,28.96,15192700,2026-01-06T03:44:36Z
BMY,2007-10-24,14.38,14.41,14.11,14.35,31202205,28.42,28.48,27.9,28.36,15785000,2026-01-06T03:44:36Z
BMY,2007-10-25,14.85,14.97,14.49,14.6,41658777,29.36,29.59,28.64,28.85,21075000,2026-01-06T03:44:36Z
BMY,2007-10-26,15.05,15.19,14.93,15.02,26645804,29.75,30.03,29.51,29.69,13480000,2026-01-06T03:44:36Z
BMY,2007-10-29,15.04,15.2,15,15.05,23532246,29.73,30.05,29.65,29.76,11904800,2026-01-06T03:44:36Z
BMY,2007-10-30,15.19,15.29,14.95,15.01,22019147,30.02,30.22,29.55,29.67,11139400,2026-01-06T03:44:36Z
BMY,2007-10-31,15.17,15.29,15.11,15.2,22180281,29.99,30.23,29.86,30.05,11220900,2026-01-06T03:44:36Z
BMY,2007-11-01,14.75,15.29,14.74,15.13,29675720,29.16,30.23,29.14,29.9,15012800,2026-01-06T03:44:36Z
BMY,2007-11-02,14.61,14.88,14.41,14.87,33963877,28.88,29.42,28.49,29.4,17182100,2026-01-06T03:44:36Z
BMY,2007-11-05,14.74,14.87,14.23,14.23,25420329,29.13,29.39,28.13,28.13,12860000,2026-01-06T03:44:36Z
BMY,2007-11-06,14.79,14.92,14.61,14.73,23261365,29.23,29.49,28.87,29.11,11767800,2026-01-06T03:44:36Z
BMY,2007-11-07,14.53,14.85,14.5,14.65,19802219,28.73,29.35,28.67,28.95,10017800,2026-01-06T03:44:36Z
BMY,2007-11-08,14.53,14.64,14.36,14.54,22053881,28.73,28.93,28.38,28.75,11156900,2026-01-06T03:44:36Z
BMY,2007-11-09,14.31,14.56,14.3,14.36,19454391,28.29,28.79,28.26,28.39,9841900,2026-01-06T03:44:36Z
BMY,2007-11-12,14.19,14.41,14.15,14.21,26005587,28.04,28.49,27.97,28.09,13156100,2026-01-06T03:44:36Z
BMY,2007-11-13,14.14,14.36,13.98,14.28,27250166,27.96,28.39,27.64,28.22,13785700,2026-01-06T03:44:36Z
BMY,2007-11-14,14.22,14.39,14.14,14.2,18434863,28.11,28.44,27.96,28.07,9326100,2026-01-06T03:44:36Z
BMY,2007-11-15,14.04,14.36,13.97,14.16,18199015,27.75,28.38,27.62,28,9206800,2026-01-06T03:44:36Z
BMY,2007-11-16,14.06,14.26,13.91,14.14,20013472,27.79,28.19,27.49,27.95,10124700,2026-01-06T03:44:36Z
BMY,2007-11-19,14.18,14.39,13.94,13.94,32973333,28.03,28.45,27.56,27.56,16681000,2026-01-06T03:44:36Z
BMY,2007-11-20,14.22,14.41,14.11,14.23,32675771,28.11,28.48,27.89,28.13,16530500,2026-01-06T03:44:36Z
BMY,2007-11-21,13.89,14.19,13.83,14.18,29092747,27.46,28.05,27.34,28.02,14717900,2026-01-06T03:44:36Z
BMY,2007-11-23,14.21,14.28,14.04,14.06,14586655,28.08,28.23,27.75,27.8,7379300,2026-01-06T03:44:36Z
BMY,2007-11-26,13.96,14.29,13.95,14.18,23674087,27.6,28.24,27.57,28.03,11976600,2026-01-06T03:44:36Z
BMY,2007-11-27,14.23,14.27,13.97,14.06,28744833,28.12,28.2,27.62,27.8,14541900,2026-01-06T03:44:36Z
BMY,2007-11-28,14.74,14.78,14.24,14.36,36792076,29.13,29.22,28.14,28.39,18612900,2026-01-06T03:44:36Z
BMY,2007-11-29,14.87,14.94,14.55,14.72,26591113,29.4,29.54,28.76,29.09,13452300,2026-01-06T03:44:36Z
BMY,2007-11-30,14.99,15.05,14.87,15.02,26180474,29.63,29.76,29.39,29.69,13244600,2026-01-06T03:44:36Z
BMY,2007-12-03,14.93,14.99,14.8,14.94,13187933,29.52,29.64,29.26,29.54,6671700,2026-01-06T03:44:36Z
BMY,2007-12-04,14.7,14.87,14.67,14.82,23974555,29.06,29.4,29,29.29,12128600,2026-01-06T03:44:36Z
BMY,2007-12-05,14.8,14.92,14.38,14.81,34098748,29.26,29.5,28.42,29.27,17250400,2026-01-06T03:44:36Z
BMY,2007-12-06,14.71,14.8,14.45,14.77,22059359,29.08,29.25,28.56,29.2,11159700,2026-01-06T03:44:36Z
BMY,2007-12-07,14.79,14.87,14.61,14.71,14682701,29.23,29.4,28.87,29.08,7427900,2026-01-06T03:44:36Z
BMY,2007-12-10,14.83,14.87,14.73,14.86,10284928,29.31,29.4,29.12,29.37,5203100,2026-01-06T03:44:36Z
BMY,2007-12-11,14.52,14.85,14.51,14.85,26503498,28.7,29.35,28.68,29.35,13408000,2026-01-06T03:44:36Z
BMY,2007-12-12,14.62,14.82,14.47,14.68,32101734,28.89,29.3,28.61,29.01,16240100,2026-01-06T03:44:36Z
BMY,2007-12-13,14.57,14.63,14.4,14.57,19288435,28.81,28.92,28.47,28.81,9757900,2026-01-06T03:44:36Z
BMY,2007-12-14,14.21,14.54,14.16,14.47,20674295,28.08,28.74,27.99,28.6,10459000,2026-01-06T03:44:36Z
BMY,2007-12-17,14.07,14.29,14.04,14.11,24609919,27.81,28.25,27.75,27.9,12450000,2026-01-06T03:44:36Z
BMY,2007-12-18,14.25,14.32,13.98,14.2,27414700,28.17,28.3,27.63,28.07,13868900,2026-01-06T03:44:36Z
BMY,2007-12-19,14.14,14.3,14.07,14.23,33497718,27.96,28.26,27.81,28.12,16946300,2026-01-06T03:44:36Z
BMY,2007-12-20,14.11,14.22,14,14.22,23037013,27.89,28.11,27.68,28.11,11654300,2026-01-06T03:44:36Z
BMY,2007-12-21,14.15,14.25,14.11,14.11,33725675,27.98,28.17,27.89,27.89,17061600,2026-01-06T03:44:36Z
BMY,2007-12-24,14.18,14.28,14.09,14.23,5769567,28.02,28.23,27.85,28.12,2918800,2026-01-06T03:44:36Z
BMY,2007-12-26,14.14,14.15,14,14.14,10380037,27.96,27.97,27.67,27.95,5251200,2026-01-06T03:44:36Z
BMY,2007-12-27,13.86,14.18,13.83,14.16,19214551,27.39,28.02,27.34,27.99,9720500,2026-01-06T03:44:36Z
BMY,2007-12-28,13.75,13.97,13.68,13.87,19649683,27.17,27.61,27.04,27.41,9940700,2026-01-06T03:44:36Z
BMY,2007-12-31,13.42,13.78,13.42,13.67,22821200,26.52,27.24,26.52,27.03,11545100,2026-01-06T03:44:36Z
BMY,2008-01-02,13.38,13.56,13.21,13.56,37776109,26.13,26.5,25.81,26.5,19336800,2026-01-06T03:44:36Z
BMY,2008-01-03,13.37,13.46,13.33,13.39,29096852,26.11,26.3,26.04,26.16,14894000,2026-01-06T03:44:36Z
BMY,2008-01-04,13.18,13.35,13.15,13.28,33538746,25.75,26.07,25.69,25.94,17167800,2026-01-06T03:44:36Z
BMY,2008-01-07,13.33,13.44,13.2,13.24,34057148,26.04,26.26,25.78,25.86,17433100,2026-01-06T03:44:36Z
BMY,2008-01-08,13.64,13.8,13.5,13.53,43050779,26.64,26.97,26.37,26.44,22036700,2026-01-06T03:44:36Z
BMY,2008-01-09,13.86,14.01,13.78,13.99,50660545,27.08,27.37,26.92,27.33,25932100,2026-01-06T03:44:36Z
BMY,2008-01-10,13.78,13.92,13.72,13.79,33995148,26.93,27.2,26.8,26.93,17401400,2026-01-06T03:44:36Z
BMY,2008-01-11,13.55,13.83,13.53,13.67,31126624,26.48,27.01,26.43,26.71,15933000,2026-01-06T03:44:36Z
BMY,2008-01-14,13.82,13.84,13.55,13.69,38710164,26.99,27.03,26.47,26.74,19814900,2026-01-06T03:44:36Z
BMY,2008-01-15,13.36,13.93,13.35,13.72,44148853,26.1,27.21,26.07,26.8,22598800,2026-01-06T03:44:36Z
BMY,2008-01-16,13.22,13.55,13.15,13.43,41641534,25.82,26.47,25.7,26.23,21315400,2026-01-06T03:44:36Z
BMY,2008-01-17,12.73,13.28,12.69,13.28,41395761,24.86,25.95,24.79,25.95,21189600,2026-01-06T03:44:36Z
BMY,2008-01-18,12.53,12.82,12.47,12.71,53803331,24.48,25.05,24.36,24.82,27540800,2026-01-06T03:44:36Z
BMY,2008-01-22,11.72,12.11,11.57,11.57,91022176,22.89,23.66,22.61,22.61,46592300,2026-01-06T03:44:36Z
BMY,2008-01-23,11.56,11.73,11.39,11.56,57929156,22.59,22.92,22.25,22.59,29652600,2026-01-06T03:44:36Z
BMY,2008-01-24,11.95,11.97,11.6,11.68,66974474,23.35,23.38,22.67,22.81,34282900,2026-01-06T03:44:36Z
BMY,2008-01-25,11.76,12.15,11.51,11.98,62946447,22.97,23.73,22.49,23.41,32220800,2026-01-06T03:44:36Z
BMY,2008-01-28,12.08,12.13,11.82,11.82,33721711,23.59,23.69,23.1,23.1,17261400,2026-01-06T03:44:36Z
BMY,2008-01-29,12.09,12.24,12.07,12.16,19676628,23.61,23.91,23.58,23.76,10072000,2026-01-06T03:44:36Z
BMY,2008-01-30,11.91,12.14,11.77,12.14,25254419,23.26,23.72,23,23.72,12927200,2026-01-06T03:44:36Z
BMY,2008-01-31,11.78,12.03,11.13,11.77,54989620,23.02,23.5,21.75,22.99,28147900,2026-01-06T03:44:36Z
BMY,2008-02-01,12.26,12.38,11.85,11.85,49029440,23.96,24.19,23.15,23.15,25097100,2026-01-06T03:44:36Z
BMY,2008-02-04,12.3,12.35,12.23,12.27,21192403,24.03,24.13,23.9,23.96,10847900,2026-01-06T03:44:36Z
BMY,2008-02-05,11.99,12.32,11.9,12.27,39264046,23.43,24.07,23.25,23.96,20098400,2026-01-06T03:44:36Z
BMY,2008-02-06,12.19,12.29,12.03,12.1,32311305,23.82,24.02,23.5,23.64,16539400,2026-01-06T03:44:36Z
BMY,2008-02-07,11.95,12.23,11.9,12.15,32520924,23.34,23.9,23.25,23.74,16646700,2026-01-06T03:44:36Z
BMY,2008-02-08,11.81,12.27,11.72,11.89,19852429,23.07,23.96,22.9,23.23,10162000,2026-01-06T03:44:36Z
BMY,2008-02-11,11.75,12.21,11.66,11.81,20596706,22.95,23.85,22.77,23.07,10543000,2026-01-06T03:44:36Z
BMY,2008-02-12,11.87,11.95,11.75,11.8,20157845,23.19,23.34,22.95,23.05,10318400,2026-01-06T03:44:36Z
BMY,2008-02-13,12.21,12.25,11.93,11.94,22051168,23.86,23.94,23.3,23.32,11287500,2026-01-06T03:44:36Z
BMY,2008-02-14,11.88,12.23,11.85,12.23,15731270,23.21,23.9,23.15,23.89,8052500,2026-01-06T03:44:36Z
BMY,2008-02-15,11.93,12,11.78,11.83,16136794,23.3,23.45,23.01,23.11,8260100,2026-01-06T03:44:36Z
BMY,2008-02-19,11.86,12.07,11.82,12.07,15896163,23.16,23.59,23.09,23.59,8136900,2026-01-06T03:44:36Z
BMY,2008-02-20,11.8,11.84,11.68,11.78,21532291,23.06,23.13,22.82,23.01,11021900,2026-01-06T03:44:36Z
BMY,2008-02-21,11.65,11.92,11.57,11.87,22650012,22.76,23.28,22.61,23.18,11594000,2026-01-06T03:44:36Z
BMY,2008-02-22,11.53,11.77,11.25,11.68,37072345,22.53,23,21.98,22.81,18976500,2026-01-06T03:44:36Z
BMY,2008-02-25,11.87,11.88,11.49,11.49,24388718,23.19,23.21,22.45,22.45,12484100,2026-01-06T03:44:36Z
BMY,2008-02-26,11.96,12.02,11.76,11.79,23022262,23.37,23.49,22.97,23.03,11784600,2026-01-06T03:44:36Z
BMY,2008-02-27,11.88,12,11.82,11.89,16124308,23.2,23.44,23.1,23.22,8253700,2026-01-06T03:44:36Z
BMY,2008-02-28,11.73,11.85,11.68,11.81,26564979,22.91,23.14,22.81,23.08,13598000,2026-01-06T03:44:36Z
BMY,2008-02-29,11.57,11.76,11.55,11.76,31898121,22.61,22.98,22.56,22.98,16328000,2026-01-06T03:44:36Z
BMY,2008-03-03,11.46,11.59,11.37,11.59,27404691,22.39,22.65,22.21,22.65,14027800,2026-01-06T03:44:36Z
BMY,2008-03-04,11.33,11.38,11.26,11.38,35821747,22.14,22.24,22,22.23,18336400,2026-01-06T03:44:36Z
BMY,2008-03-05,11.36,11.53,11.23,11.4,38686275,22.19,22.52,21.94,22.28,19802700,2026-01-06T03:44:36Z
BMY,2008-03-06,11.14,11.33,11.13,11.33,30321440,21.77,22.14,21.75,22.13,15520900,2026-01-06T03:44:36Z
BMY,2008-03-07,11.2,11.29,10.97,11.11,32694675,21.88,22.05,21.43,21.7,16735700,2026-01-06T03:44:36Z
BMY,2008-03-10,10.92,11.21,10.88,11.19,23539698,21.33,21.91,21.26,21.86,12049500,2026-01-06T03:44:36Z
BMY,2008-03-11,11.12,11.14,11.02,11.14,36680058,21.73,21.77,21.53,21.77,18775700,2026-01-06T03:44:36Z
BMY,2008-03-12,10.93,11.14,10.9,11.13,31333484,21.36,21.77,21.3,21.74,16038900,2026-01-06T03:44:36Z
BMY,2008-03-13,10.96,11.11,10.7,10.88,23000809,21.41,21.7,20.9,21.25,11773600,2026-01-06T03:44:36Z
BMY,2008-03-14,10.57,11.06,10.49,11.06,40074442,20.64,21.61,20.5,21.61,20513300,2026-01-06T03:44:36Z
BMY,2008-03-17,10.47,10.75,10.26,10.26,37491049,20.46,21,20.05,20.05,19190800,2026-01-06T03:44:36Z
BMY,2008-03-18,10.93,10.93,10.56,10.65,31749348,21.35,21.36,20.63,20.81,16251800,2026-01-06T03:44:36Z
BMY,2008-03-19,10.98,11.39,10.93,10.96,26090790,21.46,22.25,21.35,21.41,13355300,2026-01-06T03:44:36Z
BMY,2008-03-20,10.98,11.12,10.85,11.06,24286258,21.46,21.72,21.19,21.6,12431600,2026-01-06T03:44:36Z
BMY,2008-03-24,10.89,11.06,10.86,11.01,19361139,21.27,21.6,21.21,21.5,9910500,2026-01-06T03:44:36Z
BMY,2008-03-25,11.06,11.09,10.89,10.89,21735188,21.6,21.66,21.27,21.27,11125800,2026-01-06T03:44:36Z
BMY,2008-03-26,10.85,11.07,10.76,11.06,26032995,21.2,21.62,21.01,21.6,13325700,2026-01-06T03:44:36Z
BMY,2008-03-27,10.9,11.06,10.88,10.9,16250357,21.3,21.6,21.25,21.29,8318200,2026-01-06T03:44:36Z
BMY,2008-03-28,11,11.13,10.95,10.96,19652409,21.48,21.74,21.4,21.42,10059600,2026-01-06T03:44:36Z
BMY,2008-03-31,10.9,11.1,10.77,11.01,25690109,21.3,21.68,21.04,21.51,13150200,2026-01-06T03:44:36Z
BMY,2008-04-01,11.35,11.35,10.97,11.02,32069230,22.18,22.18,21.43,21.53,16415600,2026-01-06T03:44:36Z
BMY,2008-04-02,11.24,11.42,11.23,11.42,28844492,21.66,22,21.63,21.99,14974100,2026-01-06T03:44:36Z
BMY,2008-04-03,11.36,11.4,11.2,11.2,19777627,21.89,21.96,21.57,21.57,10267200,2026-01-06T03:44:36Z
BMY,2008-04-04,11.52,11.61,11.35,11.37,15371924,22.19,22.36,21.87,21.9,7980100,2026-01-06T03:44:36Z
BMY,2008-04-07,11.42,11.62,11.4,11.62,26877180,22,22.39,21.97,22.39,13952800,2026-01-06T03:44:36Z
BMY,2008-04-08,11.34,11.54,11.3,11.54,27947665,21.84,22.23,21.77,22.23,14508600,2026-01-06T03:44:36Z
BMY,2008-04-09,11.17,11.37,11.11,11.37,18682990,21.51,21.9,21.4,21.9,9699000,2026-01-06T03:44:36Z
BMY,2008-04-10,11.47,11.59,11.19,11.19,30898878,22.09,22.32,21.56,21.56,16040700,2026-01-06T03:44:36Z
BMY,2008-04-11,11.27,11.44,11.24,11.35,15595792,21.7,22.03,21.65,21.86,8096300,2026-01-06T03:44:36Z
BMY,2008-04-14,11.19,11.36,11.13,11.27,19272738,21.55,21.88,21.44,21.7,10005100,2026-01-06T03:44:36Z
BMY,2008-04-15,11.14,11.28,11.04,11.28,18160669,21.45,21.73,21.26,21.73,9427800,2026-01-06T03:44:36Z
BMY,2008-04-16,11.41,11.43,11.18,11.21,28146982,21.98,22.02,21.54,21.6,14612100,2026-01-06T03:44:36Z
BMY,2008-04-17,11.21,11.43,11.05,11.35,18774348,21.59,22.02,21.28,21.87,9746400,2026-01-06T03:44:36Z
BMY,2008-04-18,11.47,11.49,11.27,11.32,19233696,22.1,22.13,21.71,21.81,9984900,2026-01-06T03:44:36Z
BMY,2008-04-21,11.34,11.54,11.24,11.45,19245104,21.84,22.22,21.65,22.05,9990800,2026-01-06T03:44:36Z
BMY,2008-04-22,11.07,11.31,11.02,11.31,20391720,21.32,21.79,21.23,21.79,10586000,2026-01-06T03:44:36Z
BMY,2008-04-23,11.12,11.19,10.98,11.16,33261671,21.43,21.55,21.15,21.49,17267200,2026-01-06T03:44:36Z
BMY,2008-04-24,11.53,11.65,11.2,11.2,29230901,22.21,22.44,21.58,21.58,15174800,2026-01-06T03:44:36Z
BMY,2008-04-25,11.5,11.71,11.36,11.62,22071599,22.15,22.55,21.88,22.39,11458100,2026-01-06T03:44:36Z
BMY,2008-04-28,11.5,11.62,11.43,11.5,25928779,22.16,22.39,22.01,22.15,13460500,2026-01-06T03:44:36Z
BMY,2008-04-29,11.38,11.57,11.32,11.51,15444783,21.92,22.29,21.8,22.18,8017900,2026-01-06T03:44:36Z
BMY,2008-04-30,11.41,11.65,11.33,11.38,28110403,21.97,22.45,21.82,21.92,14593100,2026-01-06T03:44:36Z
BMY,2008-05-01,11.91,12.04,11.4,11.41,32515397,22.94,23.2,21.97,21.98,16879800,2026-01-06T03:44:36Z
BMY,2008-05-02,12.12,12.14,11.94,12.01,19436180,23.35,23.38,23,23.14,10090000,2026-01-06T03:44:36Z
BMY,2008-05-05,12.07,12.19,11.97,12.19,16716831,23.25,23.48,23.05,23.48,8678300,2026-01-06T03:44:36Z
BMY,2008-05-06,12.03,12.25,11.89,12.25,25286590,23.18,23.6,22.9,23.6,13127100,2026-01-06T03:44:36Z
BMY,2008-05-07,11.82,12.07,11.78,12.06,26159503,22.76,23.25,22.7,23.23,13580300,2026-01-06T03:44:36Z
BMY,2008-05-08,11.83,11.9,11.78,11.84,17845049,22.79,22.92,22.69,22.8,9264000,2026-01-06T03:44:36Z
BMY,2008-05-09,11.27,11.51,11.23,11.5,55647092,21.71,22.17,21.63,22.15,28888300,2026-01-06T03:44:36Z
BMY,2008-05-12,11.23,11.42,11.19,11.37,39679814,21.63,22,21.55,21.9,20599200,2026-01-06T03:44:36Z
BMY,2008-05-13,11.21,11.33,11.13,11.27,37946062,21.6,21.82,21.45,21.7,19699100,2026-01-06T03:44:36Z
BMY,2008-05-14,11.21,11.29,11.18,11.24,30155590,21.6,21.75,21.54,21.66,15654800,2026-01-06T03:44:36Z
BMY,2008-05-15,11.41,11.43,11.21,11.32,33482799,21.97,22.01,21.6,21.81,17382100,2026-01-06T03:44:36Z
BMY,2008-05-16,11.39,11.45,11.28,11.44,27219368,21.94,22.06,21.73,22.03,14130500,2026-01-06T03:44:36Z
BMY,2008-05-19,11.46,11.61,11.39,11.42,23309546,22.08,22.37,21.94,21.99,12100800,2026-01-06T03:44:36Z
BMY,2008-05-20,11.46,11.62,11.42,11.43,23303767,22.08,22.39,22,22.02,12097800,2026-01-06T03:44:36Z
BMY,2008-05-21,11.32,11.63,11.31,11.46,21439188,21.81,22.4,21.79,22.08,11129800,2026-01-06T03:44:36Z
BMY,2008-05-22,11.39,11.46,11.25,11.4,15549730,21.95,22.08,21.67,21.96,8072400,2026-01-06T03:44:36Z
BMY,2008-05-23,11.26,11.4,11.24,11.4,14923144,21.69,21.97,21.65,21.97,7747100,2026-01-06T03:44:36Z
BMY,2008-05-27,11.43,11.44,11.27,11.27,16402566,22.01,22.04,21.7,21.7,8515100,2026-01-06T03:44:36Z
BMY,2008-05-28,11.47,11.52,11.31,11.43,21189463,22.09,22.19,21.78,22.02,11000200,2026-01-06T03:44:36Z
BMY,2008-05-29,11.67,11.68,11.41,11.42,15766106,22.48,22.5,21.98,22,8184700,2026-01-06T03:44:36Z
BMY,2008-05-30,11.83,11.94,11.68,11.73,27837237,22.79,23,22.5,22.59,14451300,2026-01-06T03:44:36Z
BMY,2008-06-02,11.41,11.81,11.39,11.81,25917507,21.98,22.75,21.95,22.75,13454700,2026-01-06T03:44:36Z
BMY,2008-06-03,11.35,11.54,11.31,11.43,21465113,21.86,22.23,21.78,22.01,11143300,2026-01-06T03:44:36Z
BMY,2008-06-04,11.19,11.34,11.07,11.22,26217767,21.56,21.85,21.33,21.61,13610500,2026-01-06T03:44:36Z
BMY,2008-06-05,11.25,11.29,11.08,11.21,21400896,21.67,21.75,21.35,21.59,11109900,2026-01-06T03:44:36Z
BMY,2008-06-06,10.84,11.18,10.83,11.16,23970726,20.88,21.53,20.86,21.5,12444000,2026-01-06T03:44:36Z
BMY,2008-06-09,10.71,11,10.63,10.98,24099249,20.63,21.19,20.47,21.16,12510700,2026-01-06T03:44:36Z
BMY,2008-06-10,10.44,10.64,10.37,10.62,31812357,20.11,20.49,19.97,20.45,16514900,2026-01-06T03:44:36Z
BMY,2008-06-11,10.35,10.51,10.28,10.45,25813475,19.93,20.24,19.8,20.12,13400600,2026-01-06T03:44:36Z
BMY,2008-06-12,10.21,10.5,10.15,10.42,25400293,19.67,20.23,19.56,20.08,13186200,2026-01-06T03:44:36Z
BMY,2008-06-13,10.45,10.45,10.27,10.34,33002196,20.12,20.13,19.79,19.91,17132600,2026-01-06T03:44:36Z
BMY,2008-06-16,10.41,10.53,10.31,10.5,36753227,20.06,20.29,19.86,20.23,19079800,2026-01-06T03:44:36Z
BMY,2008-06-17,10.4,10.55,10.36,10.5,25756105,20.03,20.33,19.96,20.23,13370800,2026-01-06T03:44:36Z
BMY,2008-06-18,10.27,10.51,10.23,10.35,22257195,19.78,20.25,19.71,19.94,11554500,2026-01-06T03:44:36Z
BMY,2008-06-19,10.34,10.45,10.15,10.3,24016458,19.92,20.12,19.55,19.85,12467700,2026-01-06T03:44:36Z
BMY,2008-06-20,10.16,10.33,10.09,10.28,28306711,19.57,19.9,19.43,19.8,14694900,2026-01-06T03:44:36Z
BMY,2008-06-23,10.23,10.28,10.18,10.26,19815000,19.7,19.8,19.6,19.77,10286600,2026-01-06T03:44:36Z
BMY,2008-06-24,10.5,10.51,10.1,10.2,28259704,20.23,20.25,19.46,19.65,14670600,2026-01-06T03:44:36Z
BMY,2008-06-25,10.55,10.69,10.47,10.56,24240375,20.32,20.6,20.17,20.35,12584000,2026-01-06T03:44:36Z
BMY,2008-06-26,10.21,10.54,10.21,10.49,28285281,19.67,20.3,19.66,20.2,14683900,2026-01-06T03:44:36Z
BMY,2008-06-27,10.54,10.69,10.38,10.39,47855171,20.3,20.6,20,20.01,24843200,2026-01-06T03:44:36Z
BMY,2008-06-30,10.66,10.82,10.46,10.63,31082212,20.53,20.84,20.15,20.48,16135800,2026-01-06T03:44:36Z
BMY,2008-07-01,10.81,10.93,10.54,10.56,34220715,20.83,21.05,20.3,20.34,17765200,2026-01-06T03:44:36Z
BMY,2008-07-02,10.85,11.04,10.83,10.91,27515956,20.59,20.96,20.55,20.7,14500200,2026-01-06T03:44:36Z
BMY,2008-07-03,10.95,11.03,10.85,10.91,12164648,20.78,20.93,20.58,20.7,6410500,2026-01-06T03:44:36Z
BMY,2008-07-07,10.86,11.04,10.69,10.98,24848584,20.6,20.96,20.29,20.83,13094600,2026-01-06T03:44:36Z
BMY,2008-07-08,11.41,11.42,10.7,10.78,40867053,21.65,21.67,20.31,20.46,21535900,2026-01-06T03:44:36Z
BMY,2008-07-09,11.36,11.68,11.35,11.55,28747500,21.55,22.17,21.53,21.91,15149200,2026-01-06T03:44:36Z
BMY,2008-07-10,11.33,11.52,11.05,11.38,40772386,21.5,21.86,20.97,21.6,21486100,2026-01-06T03:44:36Z
BMY,2008-07-11,11.13,11.26,10.91,11.2,32325857,21.12,21.37,20.71,21.26,17034900,2026-01-06T03:44:36Z
BMY,2008-07-14,11.12,11.34,11.09,11.24,17626219,21.1,21.51,21.04,21.33,9288600,2026-01-06T03:44:36Z
BMY,2008-07-15,11.41,11.62,10.96,11.01,39920604,21.66,22.04,20.8,20.9,21037200,2026-01-06T03:44:36Z
BMY,2008-07-16,11.79,11.89,11.34,11.44,41514301,22.38,22.57,21.51,21.7,21877000,2026-01-06T03:44:36Z
BMY,2008-07-17,11.88,12.08,11.59,11.83,29631428,22.54,22.93,22,22.45,15615000,2026-01-06T03:44:36Z
BMY,2008-07-18,11.71,11.88,11.62,11.86,24012052,22.23,22.54,22.04,22.51,12653800,2026-01-06T03:44:36Z
BMY,2008-07-21,11.5,11.79,11.44,11.78,27480534,21.83,22.37,21.71,22.36,14481600,2026-01-06T03:44:36Z
BMY,2008-07-22,11.42,11.6,11.31,11.6,25455326,21.68,22.02,21.46,22.02,13414300,2026-01-06T03:44:36Z
BMY,2008-07-23,11.54,11.7,11.39,11.47,30667252,21.89,22.21,21.61,21.77,16160900,2026-01-06T03:44:36Z
BMY,2008-07-24,11.66,11.93,11.47,11.63,36500363,22.12,22.64,21.77,22.07,19234800,2026-01-06T03:44:36Z
BMY,2008-07-25,11.67,11.82,11.6,11.71,18297146,22.14,22.44,22.01,22.23,9642200,2026-01-06T03:44:36Z
BMY,2008-07-28,11.55,11.75,11.5,11.62,17020617,21.91,22.3,21.83,22.05,8969500,2026-01-06T03:44:36Z
BMY,2008-07-29,11.35,11.65,11.08,11.56,39058303,21.53,22.11,21.02,21.94,20582800,2026-01-06T03:44:36Z
BMY,2008-07-30,11.34,11.49,11.16,11.38,18886551,21.51,21.8,21.18,21.59,9952800,2026-01-06T03:44:36Z
BMY,2008-07-31,11.13,11.41,11.07,11.32,34840211,21.12,21.65,21,21.49,18359900,2026-01-06T03:44:36Z
BMY,2008-08-01,11.12,11.26,11.1,11.15,27474406,21.11,21.37,21.07,21.16,14478400,2026-01-06T03:44:36Z
BMY,2008-08-04,11.27,11.39,11.13,11.13,20581421,21.39,21.61,21.13,21.13,10845900,2026-01-06T03:44:36Z
BMY,2008-08-05,11.5,11.56,11.28,11.33,22549634,21.82,21.93,21.4,21.5,11883100,2026-01-06T03:44:36Z
BMY,2008-08-06,11.54,11.65,11.38,11.57,23402593,21.89,22.11,21.59,21.96,12332600,2026-01-06T03:44:36Z
BMY,2008-08-07,11.42,11.67,11.33,11.48,19624941,21.67,22.14,21.5,21.78,10341900,2026-01-06T03:44:36Z
BMY,2008-08-08,11.76,11.8,11.26,11.45,20385807,22.31,22.39,21.36,21.72,10742800,2026-01-06T03:44:36Z
BMY,2008-08-11,11.83,11.9,11.65,11.76,13438875,22.44,22.58,22.1,22.32,7082000,2026-01-06T03:44:36Z
BMY,2008-08-12,11.7,11.87,11.64,11.84,12322538,22.2,22.53,22.09,22.47,6493700,2026-01-06T03:44:36Z
BMY,2008-08-13,11.58,11.7,11.5,11.64,9130991,21.98,22.21,21.83,22.09,4811800,2026-01-06T03:44:36Z
BMY,2008-08-14,11.53,11.71,11.45,11.49,20371007,21.88,22.22,21.72,21.8,10735000,2026-01-06T03:44:36Z
BMY,2008-08-15,11.58,11.66,11.53,11.59,21596299,21.98,22.13,21.88,22,11380700,2026-01-06T03:44:36Z
BMY,2008-08-18,11.46,11.65,11.4,11.63,13131369,21.75,22.1,21.63,22.07,6919900,2026-01-06T03:44:36Z
BMY,2008-08-19,11.32,11.51,11.27,11.38,16146576,21.48,21.85,21.39,21.6,8508900,2026-01-06T03:44:36Z
BMY,2008-08-20,11.34,11.5,11.25,11.32,21929508,21.52,21.82,21.34,21.49,11556300,2026-01-06T03:44:36Z
BMY,2008-08-21,11.54,11.63,11.23,11.29,22422602,21.9,22.07,21.31,21.43,11816200,2026-01-06T03:44:36Z
BMY,2008-08-22,11.77,11.84,11.54,11.54,13659949,22.34,22.47,21.9,21.9,7198500,2026-01-06T03:44:36Z
BMY,2008-08-25,11.58,11.85,11.56,11.6,14054569,21.98,22.49,21.94,22.01,7406400,2026-01-06T03:44:36Z
BMY,2008-08-26,11.58,11.63,11.47,11.54,14139013,21.98,22.07,21.77,21.9,7450900,2026-01-06T03:44:36Z
BMY,2008-08-27,11.34,11.52,11.07,11.42,36457336,21.52,21.86,21.01,21.67,19212100,2026-01-06T03:44:36Z
BMY,2008-08-28,11.4,11.44,11.24,11.33,22669834,21.64,21.71,21.33,21.5,11946500,2026-01-06T03:44:36Z
BMY,2008-08-29,11.25,11.44,11.24,11.38,16501273,21.34,21.71,21.33,21.6,8695800,2026-01-06T03:44:36Z
BMY,2008-09-02,11.35,11.59,11.26,11.26,18549221,21.53,21.99,21.37,21.37,9775000,2026-01-06T03:44:36Z
BMY,2008-09-03,11.35,11.38,11.2,11.3,15584151,21.54,21.6,21.26,21.44,8212500,2026-01-06T03:44:36Z
BMY,2008-09-04,11.33,11.4,11.17,11.27,23028150,21.5,21.64,21.2,21.38,12135300,2026-01-06T03:44:36Z
BMY,2008-09-05,11.32,11.35,11.13,11.23,19593515,21.49,21.53,21.13,21.31,10325300,2026-01-06T03:44:36Z
BMY,2008-09-08,11.76,11.85,11.46,11.57,36587637,22.32,22.49,21.74,21.96,19280800,2026-01-06T03:44:36Z
BMY,2008-09-09,11.61,11.93,11.62,11.66,27695453,22.04,22.63,22.04,22.12,14594900,2026-01-06T03:44:36Z
BMY,2008-09-10,11.42,11.87,11.33,11.7,31949570,21.67,22.53,21.5,22.2,16836700,2026-01-06T03:44:36Z
BMY,2008-09-11,11.5,11.54,11.26,11.35,22516748,21.83,21.9,21.37,21.53,11865800,2026-01-06T03:44:36Z
BMY,2008-09-12,11.72,11.75,11.42,11.42,21333890,22.24,22.3,21.67,21.67,11242500,2026-01-06T03:44:36Z
BMY,2008-09-15,11.36,11.6,11.31,11.46,25603515,21.55,22.02,21.47,21.74,13492400,2026-01-06T03:44:36Z
BMY,2008-09-16,11.31,11.39,11,11.18,27857826,21.46,21.61,20.88,21.22,14680400,2026-01-06T03:44:36Z
BMY,2008-09-17,10.88,11.3,10.73,11.3,53725897,20.64,21.44,20.36,21.44,28312300,2026-01-06T03:44:36Z
BMY,2008-09-18,11.02,11.07,10.58,11,40136434,20.91,21,20.07,20.87,21151000,2026-01-06T03:44:36Z
BMY,2008-09-19,11.07,11.33,10.38,11.21,37102625,21,21.5,19.7,21.27,19552200,2026-01-06T03:44:36Z
BMY,2008-09-22,10.87,11.16,10.85,11.06,17581168,20.62,21.18,20.58,20.98,9264900,2026-01-06T03:44:36Z
BMY,2008-09-23,10.68,10.97,10.62,10.87,29166884,20.26,20.82,20.16,20.63,15370200,2026-01-06T03:44:36Z
BMY,2008-09-24,10.86,10.89,10.61,10.65,17641750,20.61,20.67,20.14,20.21,9296800,2026-01-06T03:44:36Z
BMY,2008-09-25,10.89,11.16,10.84,10.87,28427463,20.67,21.18,20.57,20.63,14980600,2026-01-06T03:44:36Z
BMY,2008-09-26,10.97,11.04,10.77,10.77,19942918,20.82,20.94,20.43,20.43,10509400,2026-01-06T03:44:36Z
BMY,2008-09-29,10.46,11.07,10.45,10.83,36755661,19.85,21.01,19.82,20.55,19369400,2026-01-06T03:44:36Z
BMY,2008-09-30,10.99,11.02,10.5,10.57,32271909,20.85,20.91,19.92,20.06,17006600,2026-01-06T03:44:36Z
BMY,2008-10-01,11.12,11.21,10.8,11.03,23117782,20.79,20.95,20.19,20.61,12366400,2026-01-06T03:44:36Z
BMY,2008-10-02,10.91,11.33,10.86,11.2,22352774,20.4,21.18,20.3,20.93,11957200,2026-01-06T03:44:36Z
BMY,2008-10-03,10.93,11.2,10.86,11.04,27787050,20.43,20.94,20.31,20.63,14864100,2026-01-06T03:44:36Z
BMY,2008-10-06,10.33,10.94,10.06,10.68,45419237,19.32,20.45,18.8,19.96,24296000,2026-01-06T03:44:36Z
BMY,2008-10-07,10.08,10.76,10.08,10.76,35702173,18.84,20.11,18.84,20.11,19098200,2026-01-06T03:44:36Z
BMY,2008-10-08,10.13,10.58,9.9,9.91,55415895,18.94,19.77,18.5,18.52,29643700,2026-01-06T03:44:36Z
BMY,2008-10-09,9.62,10.41,9.3,10.37,42866914,17.98,19.47,17.38,19.38,22930700,2026-01-06T03:44:36Z
BMY,2008-10-10,9.39,9.88,8.56,9.17,56879598,17.56,18.47,16,17.14,30426700,2026-01-06T03:44:36Z
BMY,2008-10-13,10.16,10.22,9.68,9.75,39773124,19,19.1,18.1,18.23,21275900,2026-01-06T03:44:36Z
BMY,2008-10-14,10,10.69,9.75,10.6,31551018,18.7,19.99,18.22,19.81,16877600,2026-01-06T03:44:36Z
BMY,2008-10-15,9.27,9.95,9.2,9.9,33979721,17.33,18.6,17.2,18.5,18176700,2026-01-06T03:44:36Z
BMY,2008-10-16,9.23,9.36,8.87,9.29,49408477,17.26,17.5,16.58,17.37,26430100,2026-01-06T03:44:36Z
BMY,2008-10-17,9.38,9.82,9.07,9.28,56618271,17.54,18.36,16.95,17.34,30286900,2026-01-06T03:44:36Z
BMY,2008-10-20,9.84,9.96,9.57,9.64,50594530,18.4,18.62,17.9,18.02,27064500,2026-01-06T03:44:36Z
BMY,2008-10-21,9.87,10.11,9.76,9.8,39895719,18.46,18.9,18.25,18.33,21341400,2026-01-06T03:44:36Z
BMY,2008-10-22,9.38,9.87,9.27,9.75,36726391,17.53,18.45,17.32,18.23,19646000,2026-01-06T03:44:36Z
BMY,2008-10-23,9.66,9.82,9.37,9.63,45725540,18.05,18.36,17.51,18,24460000,2026-01-06T03:44:36Z
BMY,2008-10-24,9.44,9.74,9.15,9.32,29743406,17.64,18.2,17.1,17.42,15910700,2026-01-06T03:44:36Z
BMY,2008-10-27,9.93,10.09,9.17,9.31,49300660,18.56,18.87,17.15,17.41,26372400,2026-01-06T03:44:36Z
BMY,2008-10-28,10.85,10.9,9.88,10,41214481,20.29,20.38,18.46,18.7,22046800,2026-01-06T03:44:36Z
BMY,2008-10-29,10.6,11.1,10.56,10.85,33647619,19.82,20.75,19.74,20.28,17999100,2026-01-06T03:44:36Z
BMY,2008-10-30,10.97,11.13,10.65,10.91,33217098,20.51,20.81,19.91,20.39,17768800,2026-01-06T03:44:36Z
BMY,2008-10-31,10.99,11.37,10.96,11.05,35204081,20.55,21.25,20.49,20.65,18831700,2026-01-06T03:44:36Z
BMY,2008-11-03,10.99,11.23,10.96,11.07,23743879,20.55,21,20.49,20.7,12701300,2026-01-06T03:44:36Z
BMY,2008-11-04,11.55,11.57,11.09,11.11,35928559,21.59,21.63,20.73,20.77,19219200,2026-01-06T03:44:36Z
BMY,2008-11-05,11.1,11.64,11.01,11.38,24684907,20.75,21.77,20.59,21.27,13204700,2026-01-06T03:44:36Z
BMY,2008-11-06,10.56,11.21,10.46,10.98,34593932,19.74,20.96,19.56,20.52,18505300,2026-01-06T03:44:36Z
BMY,2008-11-07,10.99,11.09,10.7,10.7,24121685,20.55,20.73,20,20,12903400,2026-01-06T03:44:36Z
BMY,2008-11-10,10.9,11.38,10.78,11.07,24746540,20.38,21.28,20.16,20.69,13237700,2026-01-06T03:44:36Z
BMY,2008-11-11,10.72,10.88,10.6,10.73,24689953,20.04,20.33,19.82,20.06,13207400,2026-01-06T03:44:36Z
BMY,2008-11-12,10.46,10.7,10.4,10.55,26322460,19.55,20,19.45,19.73,14080700,2026-01-06T03:44:36Z
BMY,2008-11-13,10.69,10.76,10.27,10.38,52700413,19.99,20.11,19.19,19.4,28190900,2026-01-06T03:44:36Z
BMY,2008-11-14,10.47,10.87,9.66,10.7,32167478,19.58,20.32,18.06,20,17207300,2026-01-06T03:44:36Z
BMY,2008-11-17,10.54,10.97,10.26,10.36,33988067,19.7,20.5,19.18,19.36,18181200,2026-01-06T03:44:36Z
BMY,2008-11-18,10.96,11.03,10.4,10.51,37591701,20.49,20.62,19.44,19.64,20108900,2026-01-06T03:44:36Z
BMY,2008-11-19,10.84,11.37,10.79,10.95,45021159,20.27,21.25,20.17,20.47,24083100,2026-01-06T03:44:36Z
BMY,2008-11-20,10.31,11.12,10.15,10.77,42678316,19.28,20.78,18.98,20.14,22829800,2026-01-06T03:44:36Z
BMY,2008-11-21,10.22,10.32,9.67,10.11,44401006,19.11,19.3,18.07,18.9,23751400,2026-01-06T03:44:36Z
BMY,2008-11-24,10.75,10.97,10.25,10.39,46874328,20.1,20.5,19.16,19.43,25074500,2026-01-06T03:44:36Z
BMY,2008-11-25,11,11.18,10.81,11.07,33731920,20.57,20.9,20.21,20.7,18044200,2026-01-06T03:44:36Z
BMY,2008-11-26,11,11.06,10.65,10.78,22268540,20.57,20.67,19.91,20.15,11912100,2026-01-06T03:44:36Z
BMY,2008-11-28,11.07,11.11,10.78,10.78,14908935,20.7,20.77,20.15,20.15,7975200,2026-01-06T03:44:36Z
BMY,2008-12-01,10.36,11.06,10.32,10.94,28370377,19.36,20.68,19.29,20.45,15176100,2026-01-06T03:44:36Z
BMY,2008-12-02,10.85,10.89,10.38,10.52,29631862,20.28,20.35,19.41,19.66,15851000,2026-01-06T03:44:36Z
BMY,2008-12-03,11.61,11.67,10.63,10.63,49675204,21.7,21.82,19.87,19.87,26572800,2026-01-06T03:44:36Z
BMY,2008-12-04,11.07,11.52,10.98,11.47,33549218,20.7,21.53,20.53,21.45,17946400,2026-01-06T03:44:36Z
BMY,2008-12-05,11.36,11.61,10.81,11.09,40832875,21.23,21.7,20.21,20.73,21842800,2026-01-06T03:44:36Z
BMY,2008-12-08,11.76,11.92,11.56,11.58,41249546,21.99,22.29,21.61,21.64,22065600,2026-01-06T03:44:36Z
BMY,2008-12-09,10.91,11.95,10.83,11.95,46525220,20.4,22.34,20.25,22.34,24887800,2026-01-06T03:44:36Z
BMY,2008-12-10,11.4,11.53,11.19,11.29,43633213,21.31,21.55,20.91,21.1,23340800,2026-01-06T03:44:36Z
BMY,2008-12-11,11.47,11.88,11.34,11.34,42264962,21.45,22.2,21.19,21.19,22608700,2026-01-06T03:44:36Z
BMY,2008-12-12,12.04,12.08,11.2,11.2,44317668,22.51,22.58,20.93,20.93,23706900,2026-01-06T03:44:36Z
BMY,2008-12-15,12.04,12.28,11.87,12.23,47824487,22.5,22.95,22.19,22.87,25582700,2026-01-06T03:44:36Z
BMY,2008-12-16,12.04,12.23,11.81,11.89,54602582,22.5,22.87,22.08,22.23,29208500,2026-01-06T03:44:36Z
BMY,2008-12-17,12.03,12.17,11.87,12.01,37959629,22.48,22.75,22.19,22.45,20305700,2026-01-06T03:44:36Z
BMY,2008-12-18,12.23,12.55,12.05,12.09,51027051,22.86,23.46,22.53,22.6,27295900,2026-01-06T03:44:36Z
BMY,2008-12-19,12.2,12.74,12.18,12.74,47084118,22.81,23.82,22.77,23.82,25186600,2026-01-06T03:44:36Z
BMY,2008-12-22,12.27,12.44,12,12.3,31727445,22.93,23.25,22.44,23,16971900,2026-01-06T03:44:36Z
BMY,2008-12-23,12.43,12.71,12.38,12.39,26441827,23.23,23.75,23.14,23.17,14144500,2026-01-06T03:44:36Z
BMY,2008-12-24,12.42,12.49,12.27,12.46,10627019,23.21,23.35,22.93,23.3,5684700,2026-01-06T03:44:36Z
BMY,2008-12-26,12.36,12.52,12.3,12.5,10093269,23.1,23.4,23,23.37,5399200,2026-01-06T03:44:36Z
BMY,2008-12-29,12.27,12.51,12.11,12.51,20345455,22.94,23.39,22.63,23.39,10883400,2026-01-06T03:44:36Z
BMY,2008-12-30,12.4,12.41,12.14,12.29,28389164,22.87,22.89,22.39,22.67,15394200,2026-01-06T03:44:36Z
BMY,2008-12-31,12.61,12.69,12.28,12.45,30143212,23.25,23.41,22.64,22.95,16345400,2026-01-06T03:44:36Z
BMY,2009-01-02,12.95,13,12.52,12.61,18223088,23.88,23.98,23.08,23.25,9881600,2026-01-06T03:44:36Z
BMY,2009-01-05,12.6,12.98,12.54,12.93,31341118,23.23,23.93,23.12,23.84,16994900,2026-01-06T03:44:36Z
BMY,2009-01-06,12.12,12.88,12.02,12.67,38766863,22.35,23.75,22.17,23.37,21021700,2026-01-06T03:44:36Z
BMY,2009-01-07,12.03,12.27,11.98,12.06,28967350,22.18,22.62,22.1,22.25,15707800,2026-01-06T03:44:36Z
BMY,2009-01-08,12.21,12.26,11.96,12,26395061,22.51,22.6,22.05,22.13,14312900,2026-01-06T03:44:36Z
BMY,2009-01-09,12.12,12.41,12.08,12.29,30799091,22.35,22.89,22.28,22.67,16701100,2026-01-06T03:44:36Z
BMY,2009-01-12,12.01,12.21,11.96,12.21,24328302,22.15,22.51,22.06,22.51,13192200,2026-01-06T03:44:36Z
BMY,2009-01-13,11.94,12.18,11.83,12.07,24548275,22.01,22.47,21.81,22.26,13311500,2026-01-06T03:44:36Z
BMY,2009-01-14,12.04,12.08,11.84,11.91,31604091,22.21,22.27,21.83,21.96,17137500,2026-01-06T03:44:36Z
BMY,2009-01-15,11.98,12.03,11.7,12.03,31397546,22.09,22.19,21.58,22.18,17025600,2026-01-06T03:44:36Z
BMY,2009-01-16,11.97,12.28,11.77,12.25,28131523,22.07,22.65,21.71,22.59,15254500,2026-01-06T03:44:36Z
BMY,2009-01-20,11.79,12.16,11.74,11.92,31678618,21.74,22.43,21.65,21.99,17178000,2026-01-06T03:44:36Z
BMY,2009-01-21,12.18,12.23,11.85,11.91,39238083,22.47,22.55,21.85,21.96,21277100,2026-01-06T03:44:36Z
BMY,2009-01-22,12.12,12.24,11.83,12.03,25499599,22.35,22.57,21.81,22.19,13827400,2026-01-06T03:44:36Z
BMY,2009-01-23,12.14,12.28,11.86,12.06,39715782,22.39,22.64,21.87,22.25,21536100,2026-01-06T03:44:36Z
BMY,2009-01-26,12.07,12.4,11.96,12.38,34052724,22.25,22.87,22.05,22.83,18465300,2026-01-06T03:44:36Z
BMY,2009-01-27,12.54,12.8,12.32,12.43,49174852,23.13,23.61,22.72,22.92,26665400,2026-01-06T03:44:36Z
BMY,2009-01-28,12.13,12.86,12.04,12.8,41207917,22.37,23.72,22.21,23.6,22345300,2026-01-06T03:44:36Z
BMY,2009-01-29,11.83,12.2,11.72,12.2,27224976,21.82,22.5,21.61,22.5,14763000,2026-01-06T03:44:36Z
BMY,2009-01-30,11.61,11.9,11.52,11.81,26995552,21.41,21.95,21.25,21.78,14638500,2026-01-06T03:44:36Z
BMY,2009-02-02,11.92,12.36,11.57,11.66,45720325,21.99,22.79,21.33,21.5,24792100,2026-01-06T03:44:36Z
BMY,2009-02-03,12.42,12.6,11.96,12.23,39286858,22.9,23.24,22.05,22.55,21303600,2026-01-06T03:44:36Z
BMY,2009-02-04,12.33,12.69,12.26,12.53,26555678,22.73,23.4,22.61,23.11,14400000,2026-01-06T03:44:36Z
BMY,2009-02-05,12.34,12.38,12.18,12.26,35281708,22.76,22.84,22.46,22.61,19131800,2026-01-06T03:44:36Z
BMY,2009-02-06,12.51,12.89,12.29,12.69,23103562,23.07,23.78,22.67,23.4,12528100,2026-01-06T03:44:36Z
BMY,2009-02-09,12.52,12.59,12.27,12.52,15711543,23.08,23.22,22.62,23.09,8519700,2026-01-06T03:44:36Z
BMY,2009-02-10,12.08,12.55,12.03,12.45,26279710,22.27,23.14,22.19,22.95,14250400,2026-01-06T03:44:36Z
BMY,2009-02-11,12.27,12.31,12.05,12.17,24532598,22.63,22.71,22.22,22.44,13303000,2026-01-06T03:44:36Z
BMY,2009-02-12,12.21,12.23,11.81,12.22,24451006,22.52,22.55,21.78,22.53,13258700,2026-01-06T03:44:36Z
BMY,2009-02-13,11.79,12.31,11.7,12.02,27692010,21.75,22.7,21.57,22.17,15016200,2026-01-06T03:44:36Z
BMY,2009-02-17,11.52,11.68,11.46,11.63,29761250,21.25,21.54,21.14,21.45,16138300,2026-01-06T03:44:36Z
BMY,2009-02-18,11.34,11.6,11.22,11.57,26654558,20.92,21.4,20.69,21.34,14453600,2026-01-06T03:44:36Z
BMY,2009-02-19,11.12,11.46,11.08,11.44,26120803,20.51,21.13,20.44,21.1,14164200,2026-01-06T03:44:36Z
BMY,2009-02-20,11.05,11.18,10.9,10.97,25505930,20.37,20.61,20.11,20.24,13830800,2026-01-06T03:44:36Z
BMY,2009-02-23,10.78,11.15,10.74,10.79,22845559,19.88,20.57,19.81,19.89,12388200,2026-01-06T03:44:36Z
BMY,2009-02-24,11.04,11.08,10.8,10.85,25637182,20.36,20.44,19.91,20.01,13902000,2026-01-06T03:44:36Z
BMY,2009-02-25,11.1,11.31,10.85,11.06,30261113,20.47,20.86,20.01,20.4,16409300,2026-01-06T03:44:36Z
BMY,2009-02-26,10.52,11.3,10.51,11.22,38559707,19.4,20.84,19.39,20.7,20909300,2026-01-06T03:44:36Z
BMY,2009-02-27,9.98,10.32,9.97,10.19,49444395,18.41,19.04,18.38,18.8,26811700,2026-01-06T03:44:36Z
BMY,2009-03-02,9.62,9.98,9.61,9.8,37137153,17.74,18.4,17.72,18.08,20137800,2026-01-06T03:44:36Z
BMY,2009-03-03,9.49,9.8,9.34,9.66,35654018,17.51,18.08,17.23,17.81,19333600,2026-01-06T03:44:36Z
BMY,2009-03-04,10.03,10.16,9.49,9.7,42778189,18.49,18.74,17.5,17.89,23196700,2026-01-06T03:44:36Z
BMY,2009-03-05,9.59,9.86,9.51,9.86,30880646,17.69,18.18,17.53,18.18,16745200,2026-01-06T03:44:36Z
BMY,2009-03-06,9.95,10.04,9.62,9.66,37282195,18.35,18.52,17.74,17.82,20216500,2026-01-06T03:44:36Z
BMY,2009-03-09,10.31,10.41,9.98,10.18,48668276,19.01,19.2,18.41,18.77,26390700,2026-01-06T03:44:36Z
BMY,2009-03-10,10.97,10.97,10.44,10.53,51722330,20.23,20.24,19.26,19.42,28046900,2026-01-06T03:44:36Z
BMY,2009-03-11,10.56,11.18,10.53,11.06,36057694,19.48,20.62,19.42,20.4,19552600,2026-01-06T03:44:36Z
BMY,2009-03-12,11.27,11.32,10.48,10.56,42355751,20.78,20.87,19.33,19.48,22967700,2026-01-06T03:44:36Z
BMY,2009-03-13,11.36,11.39,11.1,11.39,30348668,20.95,21,20.47,21,16456800,2026-01-06T03:44:36Z
BMY,2009-03-16,11.13,11.64,11.12,11.47,27183823,20.52,21.47,20.51,21.15,14740600,2026-01-06T03:44:36Z
BMY,2009-03-17,11.42,11.42,11.03,11.12,21115139,21.06,21.06,20.34,20.51,11449800,2026-01-06T03:44:36Z
BMY,2009-03-18,11.48,11.73,11.24,11.46,28542933,21.18,21.64,20.73,21.13,15477600,2026-01-06T03:44:36Z
BMY,2009-03-19,11.3,11.61,11.12,11.57,22811349,20.83,21.41,20.51,21.34,12369600,2026-01-06T03:44:36Z
BMY,2009-03-20,11.11,11.37,10.99,11.3,32750548,20.49,20.97,20.27,20.84,17759300,2026-01-06T03:44:36Z
BMY,2009-03-23,11.51,11.52,11.15,11.28,26107531,21.22,21.24,20.57,20.8,14157000,2026-01-06T03:44:36Z
BMY,2009-03-24,11.29,11.44,11.24,11.41,36096691,20.82,21.1,20.73,21.05,19573700,2026-01-06T03:44:36Z
BMY,2009-03-25,11.42,11.63,11.25,11.4,24230276,21.06,21.45,20.75,21.02,13139000,2026-01-06T03:44:36Z
BMY,2009-03-26,11.44,11.56,11.26,11.46,25599300,21.09,21.31,20.76,21.13,13881400,2026-01-06T03:44:36Z
BMY,2009-03-27,11.2,11.48,11.16,11.44,29385405,20.66,21.17,20.59,21.09,15934400,2026-01-06T03:44:36Z
BMY,2009-03-30,11.4,11.64,11.03,11.03,39044387,21.02,21.46,20.34,20.34,21172200,2026-01-06T03:44:36Z
BMY,2009-03-31,11.89,12.03,11.39,11.72,45158559,21.92,22.18,21.01,21.61,24487600,2026-01-06T03:44:36Z
BMY,2009-04-01,12.08,12.13,11.61,11.81,46126399,21.97,22.05,21.11,21.48,25371200,2026-01-06T03:44:36Z
BMY,2009-04-02,11.73,12.28,11.68,12.28,38009044,21.33,22.32,21.23,22.32,20906400,2026-01-06T03:44:36Z
BMY,2009-04-03,11.09,12.15,10.96,11.35,39480598,20.17,22.09,19.93,20.64,21715700,2026-01-06T03:44:36Z
BMY,2009-04-06,11.28,11.5,11.14,11.31,28390238,20.51,20.91,20.25,20.56,15615600,2026-01-06T03:44:36Z
BMY,2009-04-07,11.16,11.27,11.09,11.15,21191579,20.29,20.49,20.16,20.27,11656100,2026-01-06T03:44:36Z
BMY,2009-04-08,11.23,11.3,10.95,11.04,20252008,20.41,20.55,19.9,20.08,11139300,2026-01-06T03:44:36Z
BMY,2009-04-09,11.1,11.42,10.99,11.42,23790499,20.18,20.77,19.99,20.77,13085600,2026-01-06T03:44:36Z
BMY,2009-04-13,11.08,11.2,11.03,11.08,16612950,20.14,20.36,20.05,20.15,9137700,2026-01-06T03:44:36Z
BMY,2009-04-14,10.91,11.14,10.82,11.06,24768411,19.84,20.25,19.67,20.1,13623500,2026-01-06T03:44:36Z
BMY,2009-04-15,11.18,11.2,10.87,10.89,20463082,20.32,20.36,19.76,19.8,11255400,2026-01-06T03:44:36Z
BMY,2009-04-16,11.19,11.27,10.97,11.24,24181215,20.35,20.48,19.95,20.44,13300500,2026-01-06T03:44:36Z
BMY,2009-04-17,11.37,11.48,11.19,11.34,22997108,20.67,20.87,20.35,20.62,12649300,2026-01-06T03:44:36Z
BMY,2009-04-20,11.08,11.36,11.04,11.17,22029153,20.15,20.65,20.08,20.3,12116800,2026-01-06T03:44:36Z
BMY,2009-04-21,11,11.23,10.88,11.07,21372094,20,20.42,19.78,20.12,11755400,2026-01-06T03:44:36Z
BMY,2009-04-22,10.9,11.01,10.78,10.96,20384143,19.81,20.01,19.59,19.92,11212000,2026-01-06T03:44:36Z
BMY,2009-04-23,11.09,11.12,10.86,10.93,22442765,20.17,20.21,19.75,19.87,12344300,2026-01-06T03:44:36Z
BMY,2009-04-24,11.06,11.17,10.99,11.11,26217431,20.1,20.3,19.99,20.19,14420500,2026-01-06T03:44:36Z
BMY,2009-04-27,11.3,11.41,11.21,11.34,24267770,20.54,20.75,20.39,20.61,13348100,2026-01-06T03:44:36Z
BMY,2009-04-28,10.81,11.28,10.78,11.22,36705076,19.65,20.51,19.6,20.4,20189100,2026-01-06T03:44:36Z
BMY,2009-04-29,10.53,10.85,10.36,10.84,41213803,19.15,19.73,18.83,19.7,22669100,2026-01-06T03:44:36Z
BMY,2009-04-30,10.56,10.64,10.43,10.62,34318451,19.2,19.34,18.97,19.3,18876400,2026-01-06T03:44:36Z
BMY,2009-05-01,10.61,10.7,10.48,10.7,16314014,19.29,19.46,19.05,19.46,8973300,2026-01-06T03:44:36Z
BMY,2009-05-04,10.74,10.85,10.66,10.74,19556908,19.53,19.72,19.38,19.53,10757000,2026-01-06T03:44:36Z
BMY,2009-05-05,10.82,10.92,10.73,10.73,18281544,19.68,19.86,19.5,19.5,10055500,2026-01-06T03:44:36Z
BMY,2009-05-06,10.9,10.93,10.63,10.86,26262492,19.81,19.87,19.33,19.75,14445300,2026-01-06T03:44:36Z
BMY,2009-05-07,10.96,11.01,10.86,10.95,25289473,19.92,20.02,19.74,19.9,13910100,2026-01-06T03:44:36Z
BMY,2009-05-08,11.22,11.24,10.95,11.06,22745125,20.4,20.43,19.9,20.1,12510600,2026-01-06T03:44:36Z
BMY,2009-05-11,11.16,11.22,11.04,11.04,17188012,20.29,20.4,20.07,20.07,9454000,2026-01-06T03:44:36Z
BMY,2009-05-12,11.26,11.31,11.12,11.22,30995346,20.48,20.56,20.22,20.4,17048500,2026-01-06T03:44:36Z
BMY,2009-05-13,11.19,11.5,11,11.29,35310701,20.35,20.91,20,20.53,19422100,2026-01-06T03:44:36Z
BMY,2009-05-14,11.25,11.29,11.13,11.2,26716881,20.46,20.53,20.24,20.37,14695200,2026-01-06T03:44:36Z
BMY,2009-05-15,11.01,11.25,10.94,11.25,27830775,20.01,20.46,19.88,20.46,15307900,2026-01-06T03:44:36Z
BMY,2009-05-18,11.25,11.28,11.04,11.04,18631930,20.46,20.5,20.07,20.07,10248200,2026-01-06T03:44:36Z
BMY,2009-05-19,11.2,11.33,11.14,11.22,17841793,20.36,20.6,20.26,20.4,9813600,2026-01-06T03:44:36Z
BMY,2009-05-20,11.3,11.41,11.23,11.3,16226812,20.54,20.75,20.42,20.54,8925300,2026-01-06T03:44:36Z
BMY,2009-05-21,11.22,11.39,11.11,11.25,17915789,20.39,20.71,20.19,20.46,9854300,2026-01-06T03:44:36Z
BMY,2009-05-22,11.01,11.33,11.01,11.23,16166973,20.02,20.6,20.02,20.42,8892400,2026-01-06T03:44:36Z
BMY,2009-05-26,10.95,11.08,10.94,11.04,29878634,19.9,20.14,19.89,20.08,16434300,2026-01-06T03:44:36Z
BMY,2009-05-27,10.74,11.06,10.72,11,26869520,19.52,20.11,19.49,20,14779200,2026-01-06T03:44:36Z
BMY,2009-05-28,10.76,10.89,10.73,10.84,22029112,19.57,19.8,19.5,19.7,12116800,2026-01-06T03:44:36Z
BMY,2009-05-29,10.96,10.97,10.7,10.81,23922289,19.92,19.95,19.46,19.66,13158100,2026-01-06T03:44:36Z
BMY,2009-06-01,11.06,11.09,10.92,11.06,19110063,20.11,20.16,19.85,20.1,10511200,2026-01-06T03:44:36Z
BMY,2009-06-02,11.22,11.3,11.02,11.11,26531069,20.4,20.55,20.04,20.19,14593000,2026-01-06T03:44:36Z
BMY,2009-06-03,11,11.16,10.92,11.15,27924402,19.99,20.29,19.85,20.28,15359400,2026-01-06T03:44:36Z
BMY,2009-06-04,10.99,11.06,10.92,11.01,23508682,19.98,20.1,19.85,20.02,12930600,2026-01-06T03:44:36Z
BMY,2009-06-05,10.96,11.14,10.87,11.1,18192111,19.93,20.25,19.76,20.18,10006300,2026-01-06T03:44:36Z
BMY,2009-06-08,10.87,10.96,10.75,10.92,16052239,19.76,19.93,19.55,19.85,8829300,2026-01-06T03:44:36Z
BMY,2009-06-09,10.7,10.94,10.64,10.84,31798284,19.45,19.89,19.34,19.71,17490200,2026-01-06T03:44:36Z
BMY,2009-06-10,10.68,10.79,10.52,10.76,23582453,19.41,19.61,19.12,19.57,12971200,2026-01-06T03:44:36Z
BMY,2009-06-11,11,11.02,10.69,10.71,32143772,20,20.04,19.43,19.47,17680200,2026-01-06T03:44:36Z
BMY,2009-06-12,10.9,11,10.82,10.95,19426205,19.81,20,19.67,19.9,10685100,2026-01-06T03:44:36Z
BMY,2009-06-15,10.68,10.91,10.64,10.85,21818388,19.42,19.83,19.35,19.73,12000900,2026-01-06T03:44:36Z
BMY,2009-06-16,10.66,10.77,10.61,10.73,16603635,19.38,19.58,19.28,19.5,9132600,2026-01-06T03:44:36Z
BMY,2009-06-17,10.96,11.16,10.68,10.73,36498757,19.92,20.29,19.42,19.5,20075600,2026-01-06T03:44:36Z
BMY,2009-06-18,11.24,11.32,10.96,10.99,23174557,20.44,20.59,19.93,19.98,12746800,2026-01-06T03:44:36Z
BMY,2009-06-19,11.32,11.42,11.24,11.37,26264192,20.58,20.77,20.44,20.67,14446200,2026-01-06T03:44:36Z
BMY,2009-06-22,11.17,11.3,11.14,11.28,26959580,20.3,20.55,20.25,20.51,14828700,2026-01-06T03:44:36Z
BMY,2009-06-23,11.08,11.18,10.98,11.17,25932177,20.15,20.33,19.97,20.31,14263600,2026-01-06T03:44:36Z
BMY,2009-06-24,11.11,11.15,11,11.12,16281520,20.19,20.27,20,20.22,8955400,2026-01-06T03:44:36Z
BMY,2009-06-25,11.49,11.62,11.02,11.12,24780091,20.89,21.12,20.03,20.22,13630000,2026-01-06T03:44:36Z
BMY,2009-06-26,11.53,11.55,11.32,11.48,31543992,20.96,21,20.58,20.88,17350400,2026-01-06T03:44:36Z
BMY,2009-06-29,11.31,11.55,11.19,11.53,26279646,20.57,21,20.34,20.96,14454700,2026-01-06T03:44:36Z
BMY,2009-06-30,11.17,11.39,11.1,11.32,30246104,20.31,20.7,20.18,20.59,16636400,2026-01-06T03:44:36Z
BMY,2009-07-01,11.31,11.34,11.13,11.25,23325063,20.24,20.3,19.93,20.14,13028500,2026-01-06T03:44:36Z
BMY,2009-07-02,11.04,11.3,10.96,11.22,19250990,19.77,20.24,19.63,20.08,10752900,2026-01-06T03:44:36Z
BMY,2009-07-06,11,11.05,10.86,11,19044210,19.7,19.78,19.44,19.7,10637400,2026-01-06T03:44:36Z
BMY,2009-07-07,10.99,11.14,10.93,11,18522204,19.68,19.95,19.56,19.7,10345800,2026-01-06T03:44:36Z
BMY,2009-07-08,10.99,11.08,10.86,11.06,19862074,19.68,19.84,19.45,19.81,11094200,2026-01-06T03:44:36Z
BMY,2009-07-09,10.89,11.04,10.81,11.03,15527134,19.5,19.76,19.35,19.75,8672900,2026-01-06T03:44:36Z
BMY,2009-07-10,10.82,10.92,10.75,10.86,18140409,19.37,19.55,19.25,19.44,10132500,2026-01-06T03:44:36Z
BMY,2009-07-13,10.88,10.9,10.72,10.86,30699153,19.48,19.52,19.19,19.45,17147400,2026-01-06T03:44:36Z
BMY,2009-07-14,10.88,10.94,10.81,10.9,19581714,19.47,19.58,19.36,19.52,10937600,2026-01-06T03:44:36Z
BMY,2009-07-15,11.09,11.13,10.81,10.91,24238760,19.86,19.93,19.36,19.54,13538800,2026-01-06T03:44:36Z
BMY,2009-07-16,11.24,11.28,11.06,11.1,23607485,20.13,20.2,19.8,19.87,13186300,2026-01-06T03:44:36Z
BMY,2009-07-17,11.17,11.23,11.13,11.23,21388929,20,20.11,19.92,20.11,11947000,2026-01-06T03:44:36Z
BMY,2009-07-20,11.1,11.21,10.99,11.21,28031116,19.88,20.07,19.67,20.07,15657100,2026-01-06T03:44:36Z
BMY,2009-07-21,11.23,11.27,11.09,11.22,37886332,20.11,20.17,19.85,20.08,21161900,2026-01-06T03:44:36Z
BMY,2009-07-22,11.33,11.45,11.17,11.24,37121288,20.29,20.5,20,20.12,20734500,2026-01-06T03:44:36Z
BMY,2009-07-23,11.65,11.71,11.32,11.52,41556725,20.86,20.97,20.27,20.62,23212000,2026-01-06T03:44:36Z
BMY,2009-07-24,11.95,11.98,11.61,11.62,22748465,21.4,21.45,20.78,20.8,12706400,2026-01-06T03:44:36Z
BMY,2009-07-27,11.94,12.01,11.74,11.98,23262506,21.38,21.5,21.02,21.45,12993600,2026-01-06T03:44:36Z
BMY,2009-07-28,11.83,12.01,11.72,11.88,20338729,21.18,21.5,20.98,21.27,11360400,2026-01-06T03:44:36Z
BMY,2009-07-29,12.06,12.08,11.77,11.77,23444040,21.59,21.63,21.07,21.07,13095000,2026-01-06T03:44:36Z
BMY,2009-07-30,12.04,12.27,12.04,12.2,21221989,21.56,21.97,21.55,21.84,11853800,2026-01-06T03:44:36Z
BMY,2009-07-31,12.14,12.2,11.88,12.05,30456160,21.74,21.84,21.27,21.58,17011600,2026-01-06T03:44:36Z
BMY,2009-08-03,12.19,12.33,12.13,12.33,25610601,21.83,22.08,21.71,22.07,14305100,2026-01-06T03:44:36Z
BMY,2009-08-04,12.24,12.29,12.13,12.23,19046733,21.92,22.01,21.71,21.89,10638800,2026-01-06T03:44:36Z
BMY,2009-08-05,12.15,12.37,12.07,12.27,18707359,21.75,22.14,21.61,21.97,10449200,2026-01-06T03:44:36Z
BMY,2009-08-06,12.14,12.22,12.07,12.15,17390981,21.73,21.87,21.61,21.76,9713900,2026-01-06T03:44:36Z
BMY,2009-08-07,12.23,12.39,12.18,12.24,16608551,21.9,22.18,21.8,21.91,9276900,2026-01-06T03:44:36Z
BMY,2009-08-10,12.22,12.28,12.15,12.23,18822496,21.88,21.99,21.75,21.89,10513500,2026-01-06T03:44:36Z
BMY,2009-08-11,12.27,12.34,12.17,12.23,23166108,21.97,22.09,21.79,21.9,12939700,2026-01-06T03:44:36Z
BMY,2009-08-12,12.23,12.32,12.2,12.26,15821548,21.89,22.05,21.84,21.95,8837300,2026-01-06T03:44:36Z
BMY,2009-08-13,12.21,12.26,12.05,12.26,17884624,21.86,21.94,21.57,21.94,9989700,2026-01-06T03:44:36Z
BMY,2009-08-14,12.18,12.26,12.03,12.21,12277277,21.81,21.95,21.54,21.85,6857600,2026-01-06T03:44:36Z
BMY,2009-08-17,12.1,12.15,12,12.08,20375600,21.67,21.76,21.49,21.63,11381000,2026-01-06T03:44:36Z
BMY,2009-08-18,12.16,12.16,12.01,12.14,17135422,21.77,21.77,21.5,21.73,9571200,2026-01-06T03:44:36Z
BMY,2009-08-19,12.39,12.45,12.06,12.06,22293839,22.19,22.28,21.6,21.6,12452500,2026-01-06T03:44:36Z
BMY,2009-08-20,12.43,12.49,12.36,12.42,13144829,22.25,22.37,22.13,22.24,7342200,2026-01-06T03:44:36Z
BMY,2009-08-21,12.61,12.7,12.48,12.49,23633269,22.57,22.74,22.35,22.37,13200600,2026-01-06T03:44:36Z
BMY,2009-08-24,12.61,12.67,12.53,12.67,12138877,22.58,22.69,22.44,22.69,6780300,2026-01-06T03:44:36Z
BMY,2009-08-25,12.82,12.94,12.56,12.57,24989702,22.95,23.17,22.49,22.5,13958300,2026-01-06T03:44:36Z
BMY,2009-08-26,12.8,13,12.75,12.81,22393856,22.91,23.28,22.83,22.94,12508400,2026-01-06T03:44:36Z
BMY,2009-08-27,12.72,12.78,12.65,12.74,14403821,22.78,22.88,22.64,22.81,8045400,2026-01-06T03:44:36Z
BMY,2009-08-28,12.36,12.57,12.27,12.55,28210993,22.12,22.5,21.97,22.47,15757600,2026-01-06T03:44:36Z
BMY,2009-08-31,12.36,12.38,12.1,12.26,23866597,22.13,22.16,21.67,21.95,13331000,2026-01-06T03:44:36Z
BMY,2009-09-01,12.12,12.39,12.05,12.3,23710369,21.69,22.19,21.57,22.03,13243700,2026-01-06T03:44:36Z
BMY,2009-09-02,12.14,12.21,12.05,12.13,14069761,21.73,21.85,21.58,21.71,7858800,2026-01-06T03:44:36Z
BMY,2009-09-03,12.16,12.21,12.03,12.21,14193405,21.77,21.85,21.54,21.85,7927900,2026-01-06T03:44:36Z
BMY,2009-09-04,12.29,12.3,12.14,12.19,10732170,22,22.02,21.74,21.83,5994600,2026-01-06T03:44:36Z
BMY,2009-09-08,12.31,12.38,12.21,12.3,16510459,22.03,22.16,21.85,22.03,9222100,2026-01-06T03:44:36Z
BMY,2009-09-09,12.44,12.52,12.26,12.27,14221654,22.28,22.42,21.95,21.96,7943700,2026-01-06T03:44:36Z
BMY,2009-09-10,12.43,12.49,12.36,12.47,15450913,22.26,22.37,22.12,22.33,8630300,2026-01-06T03:44:36Z
BMY,2009-09-11,12.46,12.56,12.43,12.48,13181919,22.3,22.49,22.25,22.35,7362900,2026-01-06T03:44:36Z
BMY,2009-09-14,12.51,12.54,12.42,12.46,12015320,22.39,22.45,22.24,22.31,6711300,2026-01-06T03:44:36Z
BMY,2009-09-15,12.43,12.52,12.37,12.5,14262700,22.25,22.42,22.14,22.38,7966600,2026-01-06T03:44:36Z
BMY,2009-09-16,12.55,12.64,12.44,12.48,20019088,22.46,22.63,22.27,22.34,11181900,2026-01-06T03:44:36Z
BMY,2009-09-17,12.48,12.58,12.4,12.54,16245612,22.34,22.52,22.2,22.45,9074200,2026-01-06T03:44:36Z
BMY,2009-09-18,12.58,12.63,12.47,12.56,24092431,22.52,22.61,22.33,22.49,13457100,2026-01-06T03:44:36Z
BMY,2009-09-21,12.61,12.69,12.47,12.56,14327913,22.57,22.72,22.32,22.49,8003000,2026-01-06T03:44:36Z
BMY,2009-09-22,12.44,12.68,12.44,12.68,18220323,22.27,22.7,22.27,22.7,10177200,2026-01-06T03:44:36Z
BMY,2009-09-23,12.42,12.63,12.41,12.49,18929350,22.24,22.62,22.22,22.37,10573200,2026-01-06T03:44:36Z
BMY,2009-09-24,12.53,12.57,12.45,12.47,18063236,22.43,22.5,22.29,22.32,10089400,2026-01-06T03:44:36Z
BMY,2009-09-25,12.52,12.62,12.5,12.56,19676894,22.42,22.6,22.38,22.48,10990800,2026-01-06T03:44:36Z
BMY,2009-09-28,12.67,12.83,12.54,12.58,14602822,22.69,22.97,22.45,22.53,8156600,2026-01-06T03:44:36Z
BMY,2009-09-29,12.78,12.89,12.65,12.72,26731855,22.88,23.07,22.65,22.77,14931400,2026-01-06T03:44:36Z
BMY,2009-09-30,12.75,12.92,12.65,12.88,27869021,22.52,22.81,22.35,22.74,15780400,2026-01-06T03:44:36Z
BMY,2009-10-01,12.51,12.76,12.51,12.75,25466094,22.1,22.53,22.1,22.51,14419800,2026-01-06T03:44:36Z
BMY,2009-10-02,12.6,12.65,12.46,12.49,17177839,22.26,22.35,22,22.05,9726700,2026-01-06T03:44:36Z
BMY,2009-10-05,12.57,12.67,12.54,12.67,13319575,22.2,22.37,22.15,22.37,7542000,2026-01-06T03:44:36Z
BMY,2009-10-06,12.72,12.75,12.62,12.65,16264850,22.46,22.52,22.28,22.35,9209700,2026-01-06T03:44:36Z
BMY,2009-10-07,12.64,12.71,12.56,12.71,13247571,22.32,22.45,22.18,22.45,7501200,2026-01-06T03:44:36Z
BMY,2009-10-08,12.65,12.79,12.63,12.73,12143181,22.34,22.58,22.3,22.48,6875900,2026-01-06T03:44:36Z
BMY,2009-10-09,12.72,12.72,12.58,12.61,17239662,22.47,22.47,22.21,22.27,9761700,2026-01-06T03:44:36Z
BMY,2009-10-12,12.85,12.94,12.82,12.94,11400067,22.7,22.85,22.64,22.85,6455100,2026-01-06T03:44:36Z
BMY,2009-10-13,12.8,12.89,12.76,12.84,17177335,22.6,22.77,22.53,22.67,9726400,2026-01-06T03:44:36Z
BMY,2009-10-14,12.99,13.02,12.81,12.84,15072576,22.94,22.99,22.62,22.67,8534600,2026-01-06T03:44:36Z
BMY,2009-10-15,13.14,13.15,12.94,12.94,22112927,23.21,23.22,22.85,22.86,12521100,2026-01-06T03:44:36Z
BMY,2009-10-16,12.96,13.1,12.93,13.04,22492879,22.88,23.14,22.83,23.02,12736200,2026-01-06T03:44:36Z
BMY,2009-10-19,13.01,13.09,12.92,13.01,20291955,22.97,23.12,22.81,22.97,11490000,2026-01-06T03:44:36Z
BMY,2009-10-20,13.05,13.18,13.02,13.11,21477921,23.04,23.28,23,23.15,12161500,2026-01-06T03:44:36Z
BMY,2009-10-21,12.85,13.08,12.76,13.05,22759935,22.69,23.1,22.53,23.04,12887400,2026-01-06T03:44:36Z
BMY,2009-10-22,12.72,12.84,12.53,12.81,25001708,22.46,22.67,22.12,22.63,14156800,2026-01-06T03:44:36Z
BMY,2009-10-23,12.59,12.79,12.51,12.77,18765275,22.24,22.58,22.1,22.56,10625500,2026-01-06T03:44:36Z
BMY,2009-10-26,12.41,12.81,12.38,12.6,21972452,21.92,22.63,21.87,22.26,12441500,2026-01-06T03:44:36Z
BMY,2009-10-27,12.53,12.63,12.42,12.44,19184819,22.12,22.31,21.93,21.97,10863100,2026-01-06T03:44:36Z
BMY,2009-10-28,12.55,12.71,12.46,12.47,17977967,22.16,22.44,22.01,22.03,10179700,2026-01-06T03:44:36Z
BMY,2009-10-29,12.57,12.6,12.47,12.6,17874405,22.2,22.26,22.02,22.25,10121100,2026-01-06T03:44:36Z
BMY,2009-10-30,12.34,12.61,12.32,12.51,21310979,21.8,22.27,21.76,22.1,12067000,2026-01-06T03:44:36Z
BMY,2009-11-02,12.33,12.5,12.27,12.38,20365280,21.77,22.07,21.67,21.87,11531500,2026-01-06T03:44:36Z
BMY,2009-11-03,12.38,12.41,12.28,12.41,15972517,21.86,21.92,21.69,21.92,9044200,2026-01-06T03:44:36Z
BMY,2009-11-04,12.56,12.75,12.37,12.45,26785682,22.18,22.51,21.85,21.99,15167000,2026-01-06T03:44:36Z
BMY,2009-11-05,12.74,12.88,12.61,12.61,19951767,22.5,22.75,22.27,22.27,11297400,2026-01-06T03:44:36Z
BMY,2009-11-06,12.82,12.84,12.68,12.77,13009147,22.64,22.68,22.4,22.56,7366200,2026-01-06T03:44:36Z
BMY,2009-11-09,13.05,13.09,12.85,12.89,16127953,23.05,23.11,22.69,22.77,9132200,2026-01-06T03:44:36Z
BMY,2009-11-10,13.22,13.26,12.99,13.02,19430484,23.34,23.41,22.94,23,11002200,2026-01-06T03:44:36Z
BMY,2009-11-11,13.16,13.31,13.14,13.26,13524839,23.25,23.5,23.2,23.41,7658200,2026-01-06T03:44:36Z
BMY,2009-11-12,13.09,13.24,13.07,13.15,12631202,23.12,23.39,23.08,23.22,7152200,2026-01-06T03:44:36Z
BMY,2009-11-13,13.13,13.29,13.07,13.09,17078810,23.18,23.47,23.09,23.12,9670600,2026-01-06T03:44:36Z
BMY,2009-11-16,13.76,13.95,13.48,13.56,69199414,24.3,24.63,23.8,23.94,39183100,2026-01-06T03:44:36Z
BMY,2009-11-17,13.72,13.82,13.58,13.82,43812081,24.23,24.4,23.99,24.4,24807800,2026-01-06T03:44:36Z
BMY,2009-11-18,13.88,13.9,13.62,13.69,36699557,24.52,24.55,24.05,24.18,20780600,2026-01-06T03:44:36Z
BMY,2009-11-19,13.61,13.87,13.51,13.84,37809642,24.03,24.49,23.85,24.45,21409100,2026-01-06T03:44:36Z
BMY,2009-11-20,13.85,13.87,13.53,13.54,43558969,24.46,24.5,23.89,23.92,24664600,2026-01-06T03:44:36Z
BMY,2009-11-23,14.18,14.21,13.87,13.91,54772965,25.05,25.1,24.5,24.56,31014400,2026-01-06T03:44:36Z
BMY,2009-11-24,14.25,14.26,13.97,14.13,56997475,25.16,25.18,24.68,24.95,32273800,2026-01-06T03:44:36Z
BMY,2009-11-25,14.52,14.58,14.22,14.29,56585801,25.65,25.75,25.11,25.24,32040800,2026-01-06T03:44:36Z
BMY,2009-11-27,14.37,14.46,13.99,13.99,17280863,25.38,25.53,24.71,24.71,9785000,2026-01-06T03:44:36Z
BMY,2009-11-30,14.33,14.51,14.2,14.31,53410539,25.31,25.62,25.08,25.27,30242900,2026-01-06T03:44:36Z
BMY,2009-12-01,13.96,14.48,13.95,14.38,85168655,24.65,25.58,24.64,25.39,48225500,2026-01-06T03:44:36Z
BMY,2009-12-02,14.03,14.09,13.9,14.05,38857831,24.77,24.88,24.55,24.81,22002600,2026-01-06T03:44:36Z
