ticker,tradeDate,clsPx,hiPx,loPx,open,stockVolume,unadjClsPx,unadjHiPx,unadjLoPx,unadjOpen,unadjStockVolume,updatedAt
C,2006-01-03,315.8,316.38,308.24,313.94,2399949,49.29,49.38,48.11,49,15376600,2026-02-06T03:45:43Z
C,2006-01-04,309.97,314.59,309.78,313.05,2920157,48.38,49.1,48.35,48.86,18709600,2026-02-06T03:45:43Z
C,2006-01-05,311.51,312.54,310.1,310.36,1784221,48.62,48.78,48.4,48.44,11431600,2026-02-06T03:45:43Z
C,2006-01-06,311.51,313.31,308.82,313.18,2138658,48.62,48.9,48.2,48.88,13702500,2026-02-06T03:45:43Z
C,2006-01-09,310.04,312.28,309.46,311.38,2623266,48.39,48.74,48.3,48.6,16807400,2026-02-06T03:45:43Z
C,2006-01-10,311,311.06,308.05,309.46,2131963,48.54,48.55,48.08,48.3,13659600,2026-02-06T03:45:43Z
C,2006-01-11,313.82,317.66,311.25,317.66,2629040,48.98,49.58,48.58,49.58,16844400,2026-02-06T03:45:43Z
C,2006-01-12,314.14,314.59,313.18,314.59,1919775,49.03,49.1,48.88,49.1,12300100,2026-02-06T03:45:43Z
C,2006-01-13,313.43,315.16,312.22,314.59,1468506,48.92,49.19,48.73,49.1,9408800,2026-02-06T03:45:43Z
C,2006-01-17,310.29,312.02,309.27,310.81,1931965,48.43,48.7,48.27,48.51,12378200,2026-02-06T03:45:43Z
C,2006-01-18,309.85,311.83,308.24,310.29,1902450,48.36,48.67,48.11,48.43,12189100,2026-02-06T03:45:43Z
C,2006-01-19,307.15,311.25,305.62,311.13,2647863,47.94,48.58,47.7,48.56,16965000,2026-02-06T03:45:43Z
C,2006-01-20,292.74,303.69,292.35,302.48,7463541,45.69,47.4,45.63,47.21,47819300,2026-02-06T03:45:43Z
C,2006-01-23,294.72,297.16,292.8,294.72,3161344,46,46.38,45.7,46,20254900,2026-02-06T03:45:43Z
C,2006-01-24,294.79,297.03,294.66,296.58,3252259,46.01,46.36,45.99,46.29,20837400,2026-02-06T03:45:43Z
C,2006-01-25,296.2,297.1,294.79,295.62,2484668,46.23,46.37,46.01,46.14,15919400,2026-02-06T03:45:43Z
C,2006-01-26,301.2,304.65,297.61,298.25,3103752,47.01,47.55,46.45,46.55,19885900,2026-02-06T03:45:43Z
C,2006-01-27,300.3,303.5,298.57,301.19,2205008,46.87,47.37,46.6,47.01,14127600,2026-02-06T03:45:43Z
C,2006-01-30,299.98,301.07,298.95,300.3,1650727,46.82,46.99,46.66,46.87,10576300,2026-02-06T03:45:43Z
C,2006-01-31,298.44,301.45,298.25,300.04,2945627,46.58,47.05,46.55,46.83,18872800,2026-02-06T03:45:43Z
C,2006-02-01,296.84,299.34,295.43,298.5,2879592,46.33,46.72,46.11,46.59,18449700,2026-02-06T03:45:43Z
C,2006-02-02,292.56,298.52,292.05,297.23,3591097,45.18,46.1,45.1,45.9,23254300,2026-02-06T03:45:43Z
C,2006-02-03,291.79,295.35,290.17,291.85,2573546,45.06,45.61,44.81,45.07,16665100,2026-02-06T03:45:43Z
C,2006-02-06,292.5,295.35,291.98,293.08,1771929,45.17,45.61,45.09,45.26,11474200,2026-02-06T03:45:43Z
C,2006-02-07,291.72,293.86,291.4,292.69,1865141,45.05,45.38,45,45.2,12077800,2026-02-06T03:45:43Z
C,2006-02-08,293.73,294.83,291.85,293.54,1623602,45.36,45.53,45.07,45.33,10513700,2026-02-06T03:45:43Z
C,2006-02-09,296.51,298.52,294.18,294.64,2096721,45.79,46.1,45.43,45.5,13577400,2026-02-06T03:45:43Z
C,2006-02-10,297.62,298.33,293.02,295.93,1964361,45.96,46.07,45.25,45.7,12720300,2026-02-06T03:45:43Z
C,2006-02-13,295.8,299.36,294.05,298.26,1788731,45.68,46.23,45.41,46.06,11583000,2026-02-06T03:45:43Z
C,2006-02-14,298.65,299.49,296,296.45,2344268,46.12,46.25,45.71,45.78,15180400,2026-02-06T03:45:43Z
C,2006-02-15,299.49,300.92,296.32,298.13,2625341,46.25,46.47,45.76,46.04,17000500,2026-02-06T03:45:43Z
C,2006-02-16,300.72,300.72,298.13,299.82,2047706,46.44,46.44,46.04,46.3,13260000,2026-02-06T03:45:43Z
C,2006-02-17,299.43,301.57,298.72,301.11,2028943,46.24,46.57,46.13,46.5,13138500,2026-02-06T03:45:43Z
C,2006-02-21,298.98,300.27,297.68,299.17,2155248,46.17,46.37,45.97,46.2,13956400,2026-02-06T03:45:43Z
C,2006-02-22,303.57,304.22,299.43,300.34,2340422,46.88,46.98,46.24,46.38,15155500,2026-02-06T03:45:43Z
C,2006-02-23,303.06,305.13,301.76,303.57,1942000,46.8,47.12,46.6,46.88,12575500,2026-02-06T03:45:43Z
C,2006-02-24,303.38,304.93,302.6,302.6,1937444,46.85,47.09,46.73,46.73,12546000,2026-02-06T03:45:43Z
C,2006-02-27,302.93,305.19,302.47,304.35,1561999,46.78,47.13,46.71,47,10114800,2026-02-06T03:45:43Z
C,2006-02-28,300.27,303.96,299.88,301.63,2558535,46.37,46.94,46.31,46.58,16567900,2026-02-06T03:45:43Z
C,2006-03-01,301.31,302.08,299.24,300.4,1554000,46.53,46.65,46.21,46.39,10063000,2026-02-06T03:45:43Z
C,2006-03-02,298.2,300.46,297.1,299.62,1977703,46.05,46.4,45.88,46.27,12806700,2026-02-06T03:45:43Z
C,2006-03-03,297.36,300.08,296.58,297.88,2159835,45.92,46.34,45.8,46,13986100,2026-02-06T03:45:43Z
C,2006-03-06,298.46,300.98,296.77,297.36,1890483,46.09,46.48,45.83,45.92,12241900,2026-02-06T03:45:43Z
C,2006-03-07,300.46,300.72,296.58,296.9,2409652,46.4,46.44,45.8,45.85,15603800,2026-02-06T03:45:43Z
C,2006-03-08,302.28,303.12,299.88,300.14,1758633,46.68,46.81,46.31,46.35,11388100,2026-02-06T03:45:43Z
C,2006-03-09,301.05,304.22,300.85,302.28,2062191,46.49,46.98,46.46,46.68,13353800,2026-02-06T03:45:43Z
C,2006-03-10,304.29,305.58,301.63,301.76,2094466,46.99,47.19,46.58,46.6,13562800,2026-02-06T03:45:43Z
C,2006-03-13,303.31,305.58,301.95,304.29,1612653,46.84,47.19,46.63,46.99,10442800,2026-02-06T03:45:43Z
C,2006-03-14,305.52,306.1,303.64,303.96,2029560,47.18,47.27,46.89,46.94,13142500,2026-02-06T03:45:43Z
C,2006-03-15,304.42,305.65,303.57,305.19,1781905,47.01,47.2,46.88,47.13,11538800,2026-02-06T03:45:43Z
C,2006-03-16,306.42,308.56,305.19,305.45,2707512,47.32,47.65,47.13,47.17,17532600,2026-02-06T03:45:43Z
C,2006-03-17,307.01,307.72,305.97,307.72,3231991,47.41,47.52,47.25,47.52,20928900,2026-02-06T03:45:43Z
C,2006-03-20,306.94,308.95,306.29,307.26,1623046,47.4,47.71,47.3,47.45,10510100,2026-02-06T03:45:43Z
C,2006-03-21,305.77,307.46,305.06,306.29,2481461,47.22,47.48,47.11,47.3,16068800,2026-02-06T03:45:43Z
C,2006-03-22,308.69,309.53,303.7,303.7,2126957,47.67,47.8,46.9,46.9,13773200,2026-02-06T03:45:43Z
C,2006-03-23,309.34,310.7,307.39,308.11,2128780,47.77,47.98,47.47,47.58,13785000,2026-02-06T03:45:43Z
C,2006-03-24,309.6,310.83,307.91,309.21,1342915,47.81,48,47.55,47.75,8696100,2026-02-06T03:45:43Z
C,2006-03-27,308.49,309.66,307.52,308.43,1895672,47.64,47.82,47.49,47.63,12275500,2026-02-06T03:45:43Z
C,2006-03-28,308.24,310.89,307.2,307.72,2708452,47.6,48.01,47.44,47.52,17538700,2026-02-06T03:45:43Z
C,2006-03-29,308.43,310.24,306.94,308.3,2369548,47.63,47.91,47.4,47.61,15344100,2026-02-06T03:45:43Z
C,2006-03-30,306.16,308.75,306.1,307.72,2228787,47.28,47.68,47.27,47.52,14432600,2026-02-06T03:45:43Z
C,2006-03-31,305.84,307.98,305.71,306.62,1998273,47.23,47.56,47.21,47.35,12939900,2026-02-06T03:45:43Z
C,2006-04-03,307.01,309.92,306.29,307,1768995,47.41,47.86,47.3,47.41,11455200,2026-02-06T03:45:43Z
C,2006-04-04,312.19,313.29,307,307.13,2489969,48.21,48.38,47.41,47.43,16123900,2026-02-06T03:45:43Z
C,2006-04-05,312.51,313.87,311.67,312.77,1869821,48.26,48.47,48.13,48.3,12108100,2026-02-06T03:45:43Z
C,2006-04-06,309.85,311.93,308.62,311.21,1827553,47.85,48.17,47.66,48.06,11834400,2026-02-06T03:45:43Z
C,2006-04-07,308.62,313.03,307.33,311.08,1938942,47.66,48.34,47.46,48.04,12555700,2026-02-06T03:45:43Z
C,2006-04-10,310.37,312.44,308.88,310.18,1950663,47.93,48.25,47.7,47.9,12631600,2026-02-06T03:45:43Z
C,2006-04-11,307.39,311.41,306.75,308.88,1576177,47.47,48.09,47.37,47.7,10206600,2026-02-06T03:45:43Z
C,2006-04-12,308.24,309.73,307.46,307.59,1215389,47.6,47.83,47.48,47.5,7870300,2026-02-06T03:45:43Z
C,2006-04-13,311.15,311.99,307,307,1849791,48.05,48.18,47.41,47.41,11978400,2026-02-06T03:45:43Z
C,2006-04-17,313.09,314.45,312.12,313.48,2591444,48.35,48.56,48.2,48.41,16781000,2026-02-06T03:45:43Z
C,2006-04-18,313.93,314.71,310.18,313.68,2785356,48.48,48.6,47.9,48.44,18036700,2026-02-06T03:45:43Z
C,2006-04-19,312.32,315.42,311.15,313.93,2232215,48.23,48.71,48.05,48.48,14454800,2026-02-06T03:45:43Z
C,2006-04-20,312.77,315.49,312.51,312.77,2882323,48.3,48.72,48.26,48.3,18664600,2026-02-06T03:45:43Z
C,2006-04-21,310.89,314,309.47,314,2438607,48.01,48.49,47.79,48.49,15791300,2026-02-06T03:45:43Z
C,2006-04-24,310.83,311.54,309.53,310.7,2081185,48,48.11,47.8,47.98,13476800,2026-02-06T03:45:43Z
C,2006-04-25,307.33,310.95,307.07,310.83,2855436,47.46,48.02,47.42,48,18490500,2026-02-06T03:45:43Z
C,2006-04-26,309.21,309.73,307.33,307.33,1882762,47.75,47.83,47.46,47.46,12191900,2026-02-06T03:45:43Z
C,2006-04-27,315.03,316.93,308.49,308.81,3767263,48.15,48.44,47.15,47.2,24648000,2026-02-06T03:45:43Z
C,2006-04-28,326.81,326.81,316.67,316.67,6170683,49.95,49.95,48.4,48.4,40372800,2026-02-06T03:45:43Z
C,2006-05-01,323.6,327.53,322.23,327.13,3171896,49.46,50.06,49.25,50,20752700,2026-02-06T03:45:43Z
C,2006-05-02,324.52,326.28,322.29,324.84,2282963,49.6,49.87,49.26,49.65,14936700,2026-02-06T03:45:43Z
C,2006-05-03,326.15,326.74,323.34,325.69,1803634,49.85,49.94,49.42,49.78,11800600,2026-02-06T03:45:43Z
C,2006-05-04,323.08,326.35,322.29,326.15,2630848,49.38,49.88,49.26,49.85,17212800,2026-02-06T03:45:43Z
C,2006-05-05,329.55,329.56,325.11,325.69,2896184,50.37,50.37,49.69,49.78,18948800,2026-02-06T03:45:43Z
C,2006-05-08,328.18,331.85,327.53,329.82,2116518,50.16,50.72,50.06,50.41,13847700,2026-02-06T03:45:43Z
C,2006-05-09,329.42,330.8,327.13,328.77,1928628,50.35,50.56,50,50.25,12618400,2026-02-06T03:45:43Z
C,2006-05-10,329.1,330.86,327.13,327.79,2432535,50.3,50.57,50,50.1,15915300,2026-02-06T03:45:43Z
C,2006-05-11,323.73,330.6,321.83,330.6,2262529,49.48,50.53,49.19,50.53,14803000,2026-02-06T03:45:43Z
C,2006-05-12,320.53,325.82,320.26,323.54,2845622,48.99,49.8,48.95,49.45,18618000,2026-02-06T03:45:43Z
C,2006-05-15,323.93,325.3,320.26,320.46,2120752,49.51,49.72,48.95,48.98,13875400,2026-02-06T03:45:43Z
C,2006-05-16,324.12,325.17,320.98,324.78,1435192,49.54,49.7,49.06,49.64,9390000,2026-02-06T03:45:43Z
C,2006-05-17,319.48,322.23,317.45,321.96,3387159,48.83,49.25,48.52,49.21,22161100,2026-02-06T03:45:43Z
C,2006-05-18,318.82,322.16,318.63,319.41,2514413,48.73,49.24,48.7,48.82,16451000,2026-02-06T03:45:43Z
C,2006-05-19,319.28,321.12,318.56,320.2,3330470,48.8,49.08,48.69,48.94,21790200,2026-02-06T03:45:43Z
C,2006-05-22,319.54,321.51,317.45,317.65,2764968,48.84,49.14,48.52,48.55,18090300,2026-02-06T03:45:43Z
C,2006-05-23,317.52,322.1,317.45,320.46,2442057,48.53,49.23,48.52,48.98,15977600,2026-02-06T03:45:43Z
C,2006-05-24,318.37,319.81,316.86,317.52,3195540,48.66,48.88,48.43,48.53,20907400,2026-02-06T03:45:43Z
C,2006-05-25,321.05,321.38,318.96,320.33,1955513,49.07,49.12,48.75,48.96,12794300,2026-02-06T03:45:43Z
C,2006-05-26,324.32,325.63,321.7,322.49,2059874,49.57,49.77,49.17,49.29,13477100,2026-02-06T03:45:43Z
C,2006-05-30,320.72,324.52,319.94,324.52,1847759,49.02,49.6,48.9,49.6,12089300,2026-02-06T03:45:43Z
C,2006-05-31,322.55,324.12,319.09,322.23,2547045,49.3,49.54,48.77,49.25,16664500,2026-02-06T03:45:43Z
C,2006-06-01,326.02,326.68,322.36,323.08,2210852,49.83,49.93,49.27,49.38,14464900,2026-02-06T03:45:43Z
C,2006-06-02,328.05,328.64,324.98,327.33,2182118,50.14,50.23,49.67,50.03,14276900,2026-02-06T03:45:43Z
C,2006-06-05,324.65,329.82,324.19,327.2,2088991,49.62,50.41,49.55,50.01,13667600,2026-02-06T03:45:43Z
C,2006-06-06,325.56,326.48,321.83,324.98,2425978,49.76,49.9,49.19,49.67,15872400,2026-02-06T03:45:43Z
C,2006-06-07,326.81,329.82,325.24,325.82,2545792,49.95,50.41,49.71,49.8,16656300,2026-02-06T03:45:43Z
C,2006-06-08,326.81,328.44,321.7,326.48,3477016,49.95,50.2,49.17,49.9,22749000,2026-02-06T03:45:43Z
C,2006-06-09,325.63,327.79,325.17,326.81,1991997,49.77,50.1,49.7,49.95,13033000,2026-02-06T03:45:43Z
C,2006-06-12,322.75,326.81,322.69,326.48,2070191,49.33,49.95,49.32,49.9,13544600,2026-02-06T03:45:43Z
C,2006-06-13,315.42,323.14,314.57,322.23,3882216,48.21,49.39,48.08,49.25,25400100,2026-02-06T03:45:43Z
C,2006-06-14,312.74,317.97,310.58,315.75,3579329,47.8,48.6,47.47,48.26,23418400,2026-02-06T03:45:43Z
C,2006-06-15,318.5,320.2,313.79,314.05,3096361,48.68,48.94,47.96,48,20258500,2026-02-06T03:45:43Z
C,2006-06-16,316.4,319.61,315.16,318.63,2888358,48.36,48.85,48.17,48.7,18897600,2026-02-06T03:45:43Z
C,2006-06-19,312.87,319.09,311.89,316.99,1968108,47.82,48.77,47.67,48.45,12876700,2026-02-06T03:45:43Z
C,2006-06-20,314.11,317.38,312.41,312.87,2072148,48.01,48.51,47.75,47.82,13557400,2026-02-06T03:45:43Z
C,2006-06-21,316.47,318.96,314.38,314.7,2439459,48.37,48.75,48.05,48.1,15960600,2026-02-06T03:45:43Z
C,2006-06-22,315.16,320.59,314.38,320.59,1599880,48.17,49,48.05,49,10467500,2026-02-06T03:45:43Z
C,2006-06-23,312.35,315.23,311.76,313.39,1779530,47.74,48.18,47.65,47.9,11642900,2026-02-06T03:45:43Z
C,2006-06-26,316.01,316.54,311.43,312.35,1499584,48.3,48.38,47.6,47.74,9811300,2026-02-06T03:45:43Z
C,2006-06-27,312.48,317.71,312.48,316.01,1898886,47.76,48.56,47.76,48.3,12423800,2026-02-06T03:45:43Z
C,2006-06-28,313.07,314.18,310.97,312.81,1497200,47.85,48.02,47.53,47.81,9795700,2026-02-06T03:45:43Z
C,2006-06-29,319.68,322.49,313.39,315.03,3110224,48.86,49.29,47.9,48.15,20349200,2026-02-06T03:45:43Z
C,2006-06-30,315.68,320.26,315.62,320.26,3044288,48.25,48.95,48.24,48.95,19917800,2026-02-06T03:45:43Z
C,2006-07-03,320.39,320.92,317.32,317.97,967279,48.97,49.05,48.5,48.6,6328600,2026-02-06T03:45:43Z
C,2006-07-05,320.66,322.23,318.43,320.26,1888981,49.01,49.25,48.67,48.95,12359000,2026-02-06T03:45:43Z
C,2006-07-06,322.36,324.12,321.05,321.05,1440831,49.27,49.54,49.07,49.07,9426900,2026-02-06T03:45:43Z
C,2006-07-07,321.11,324.45,320.66,322.36,1234891,49.08,49.59,49.01,49.27,8079500,2026-02-06T03:45:43Z
C,2006-07-10,322.82,324.78,321.25,322.75,1282150,49.34,49.64,49.1,49.33,8388700,2026-02-06T03:45:43Z
C,2006-07-11,324.52,325.04,319.68,322.82,1248540,49.6,49.68,48.86,49.34,8168800,2026-02-06T03:45:43Z
C,2006-07-12,319.48,325.37,318.69,323.99,2100286,48.83,49.73,48.71,49.52,13741500,2026-02-06T03:45:43Z
C,2006-07-13,313.2,319.28,312.94,319.28,2496515,47.87,48.8,47.83,48.8,16333900,2026-02-06T03:45:43Z
C,2006-07-14,311.3,314.11,310.19,313.07,2353302,47.58,48.01,47.41,47.85,15396900,2026-02-06T03:45:43Z
C,2006-07-17,303.58,307.18,303.12,306.85,4990937,46.4,46.95,46.33,46.9,32654100,2026-02-06T03:45:43Z
C,2006-07-18,304.56,306.85,302.4,303.71,2529697,46.55,46.9,46.22,46.42,16551000,2026-02-06T03:45:43Z
C,2006-07-19,309.14,310.84,306.39,306.52,4006523,47.25,47.51,46.83,46.85,26213400,2026-02-06T03:45:43Z
C,2006-07-20,308.23,310.45,307.83,309.14,2441094,47.11,47.45,47.05,47.25,15971300,2026-02-06T03:45:43Z
C,2006-07-21,307.05,310.51,305.15,309.99,3746813,46.93,47.46,46.64,47.38,24514200,2026-02-06T03:45:43Z
C,2006-07-24,310.52,311.63,307.51,308.16,2368831,47.46,47.63,47,47.1,15498500,2026-02-06T03:45:43Z
C,2006-07-25,310.45,313.39,308.94,312.09,2254413,47.45,47.9,47.22,47.7,14749900,2026-02-06T03:45:43Z
C,2006-07-26,310.97,313.33,308.42,310.45,2125551,47.53,47.89,47.14,47.45,13906800,2026-02-06T03:45:43Z
C,2006-07-27,309.53,313.59,309.34,313.59,1638763,47.31,47.93,47.28,47.93,10721900,2026-02-06T03:45:43Z
C,2006-07-28,316.21,319.48,311.43,311.43,3237633,48.33,48.83,47.6,47.6,21182800,2026-02-06T03:45:43Z
C,2006-07-31,316.08,317.65,315.23,316.21,2721606,48.31,48.55,48.18,48.33,17806600,2026-02-06T03:45:43Z
C,2006-08-01,317.39,317.78,314.77,316.08,2122417,48.51,48.57,48.11,48.31,13886300,2026-02-06T03:45:43Z
C,2006-08-02,318.76,319.48,315.88,318.63,2036046,48.72,48.83,48.28,48.7,13321200,2026-02-06T03:45:43Z
C,2006-08-03,320.35,321.2,318.56,318.82,1945878,48.47,48.6,48.2,48.24,12860600,2026-02-06T03:45:43Z
C,2006-08-04,320.54,324.05,317.7,322.79,2247595,48.5,49.03,48.07,48.84,14854700,2026-02-06T03:45:43Z
C,2006-08-07,318.76,320.94,317.97,319.49,1390118,48.23,48.56,48.11,48.34,9187500,2026-02-06T03:45:43Z
C,2006-08-08,319.29,321.87,318.3,320.41,1940582,48.31,48.7,48.16,48.48,12825600,2026-02-06T03:45:43Z
C,2006-08-09,316.12,322.99,315.19,321.8,1640619,47.83,48.87,47.69,48.69,10843100,2026-02-06T03:45:43Z
C,2006-08-10,317.04,317.57,312.94,316.12,1820475,47.97,48.05,47.35,47.83,12031800,2026-02-06T03:45:43Z
C,2006-08-11,314.86,316.71,312.08,316.71,1183707,47.64,47.92,47.22,47.92,7823300,2026-02-06T03:45:43Z
C,2006-08-14,315.39,318.82,313.74,316.91,1664601,47.72,48.24,47.47,47.95,11001600,2026-02-06T03:45:43Z
C,2006-08-15,319.95,321.67,318.56,318.63,1900471,48.41,48.67,48.2,48.21,12560500,2026-02-06T03:45:43Z
C,2006-08-16,320.74,321.93,320.08,321.14,1708328,48.53,48.71,48.43,48.59,11290600,2026-02-06T03:45:43Z
C,2006-08-17,321.01,321.14,319.75,320.54,1566721,48.57,48.59,48.38,48.5,10354700,2026-02-06T03:45:43Z
C,2006-08-18,321.2,321.4,320.01,321.34,1785479,48.6,48.63,48.42,48.62,11800500,2026-02-06T03:45:43Z
C,2006-08-21,320.48,321.4,319.75,320.87,1240764,48.49,48.63,48.38,48.55,8200400,2026-02-06T03:45:43Z
C,2006-08-22,320.02,322,319.95,321.6,2001981,48.42,48.72,48.41,48.66,13231400,2026-02-06T03:45:43Z
C,2006-08-23,321.07,321.2,318.76,320.48,1574801,48.58,48.6,48.23,48.49,10408100,2026-02-06T03:45:43Z
C,2006-08-24,322,322.33,320.54,321.73,2021379,48.72,48.77,48.5,48.68,13359600,2026-02-06T03:45:43Z
C,2006-08-25,321.47,322.53,320.54,322.06,1206176,48.64,48.8,48.5,48.73,7971800,2026-02-06T03:45:43Z
C,2006-08-28,324.64,326.16,320.61,320.61,1947996,49.12,49.35,48.51,48.51,12874600,2026-02-06T03:45:43Z
C,2006-08-29,325.57,326.16,322.33,325.17,2268717,49.26,49.35,48.77,49.2,14994300,2026-02-06T03:45:43Z
C,2006-08-30,327.29,328.48,325.44,325.57,2064093,49.52,49.7,49.24,49.26,13641900,2026-02-06T03:45:43Z
C,2006-08-31,326.16,328.54,325.57,327.29,1531134,49.35,49.71,49.26,49.52,10119500,2026-02-06T03:45:43Z
C,2006-09-01,326.29,328.54,325.24,328.48,1125938,49.37,49.71,49.21,49.7,7441500,2026-02-06T03:45:43Z
C,2006-09-05,326.62,328.34,324.64,325.9,1173585,49.42,49.68,49.12,49.31,7756400,2026-02-06T03:45:43Z
C,2006-09-06,324.71,325.63,323.25,325.24,1575648,49.13,49.27,48.91,49.21,10413700,2026-02-06T03:45:43Z
C,2006-09-07,320.87,328.14,320.01,328.14,2149399,48.55,49.65,48.42,49.65,14205700,2026-02-06T03:45:43Z
C,2006-09-08,322,322.46,320.41,320.61,1392009,48.72,48.79,48.48,48.51,9200000,2026-02-06T03:45:43Z
C,2006-09-11,323.32,324.91,321.27,321.8,1580702,48.92,49.16,48.61,48.69,10447100,2026-02-06T03:45:43Z
C,2006-09-12,323.78,325.17,322.26,323.85,1661590,48.99,49.2,48.76,49,10981700,2026-02-06T03:45:43Z
C,2006-09-13,325.83,327.15,322.99,323.85,2128488,49.3,49.5,48.87,49,14067500,2026-02-06T03:45:43Z
C,2006-09-14,325.76,326.62,324.18,325.9,2016038,49.29,49.42,49.05,49.31,13324300,2026-02-06T03:45:43Z
C,2006-09-15,325.1,327.68,325.04,327.02,2700604,49.19,49.58,49.18,49.48,17848700,2026-02-06T03:45:43Z
C,2006-09-18,327.75,328.61,324.57,325.5,1885491,49.59,49.72,49.11,49.25,12461500,2026-02-06T03:45:43Z
C,2006-09-19,328.47,328.54,325.83,327.75,1389679,49.7,49.71,49.3,49.59,9184600,2026-02-06T03:45:43Z
C,2006-09-20,329.8,331.45,328.01,329.33,2468925,49.9,50.15,49.63,49.83,16317500,2026-02-06T03:45:43Z
C,2006-09-21,328.81,331.19,327.15,329.73,2121150,49.75,50.11,49.5,49.89,14019000,2026-02-06T03:45:43Z
C,2006-09-22,327.15,328.14,325.63,328.14,1685814,49.5,49.65,49.27,49.65,11141800,2026-02-06T03:45:43Z
C,2006-09-25,330.99,331.58,327.22,328.81,2460013,50.08,50.17,49.51,49.75,16258600,2026-02-06T03:45:43Z
C,2006-09-26,331.98,332.7,329.47,330.99,2445639,50.23,50.34,49.85,50.08,16163600,2026-02-06T03:45:43Z
C,2006-09-27,330.26,332.77,329.4,330.79,2404332,49.97,50.35,49.84,50.05,15890600,2026-02-06T03:45:43Z
C,2006-09-28,329.99,331.58,328.81,330.39,1819689,49.93,50.17,49.75,49.99,12026600,2026-02-06T03:45:43Z
C,2006-09-29,328.28,330.92,327.68,330.46,2558392,49.67,50.07,49.58,50,16908800,2026-02-06T03:45:43Z
C,2006-10-02,327.09,329.47,325.7,328.34,1767079,49.49,49.85,49.28,49.68,11678900,2026-02-06T03:45:43Z
C,2006-10-03,331.05,333.04,327.48,327.75,2282350,50.09,50.39,49.55,49.59,15084400,2026-02-06T03:45:43Z
C,2006-10-04,337.26,337.46,330.46,330.79,3167608,51.03,51.06,50,50.05,20935200,2026-02-06T03:45:43Z
C,2006-10-05,337,338.26,334.82,337.86,2249956,50.99,51.18,50.66,51.12,14870300,2026-02-06T03:45:43Z
C,2006-10-06,337.4,337.53,334.42,337,2273106,51.05,51.07,50.6,50.99,15023300,2026-02-06T03:45:43Z
C,2006-10-09,337.6,338.19,336.07,337.07,1502311,51.08,51.17,50.85,51,9929000,2026-02-06T03:45:43Z
C,2006-10-10,335.88,339.25,335.81,338.39,3570156,50.82,51.33,50.81,51.2,23595700,2026-02-06T03:45:43Z
C,2006-10-11,332.97,334.09,331.32,332.77,2996769,50.38,50.55,50.13,50.35,19806100,2026-02-06T03:45:43Z
C,2006-10-12,331.65,334.36,330.13,333.76,2908723,50.18,50.59,49.95,50.5,19224200,2026-02-06T03:45:43Z
C,2006-10-13,332.97,333.1,328.61,333.04,2980519,50.38,50.4,49.72,50.39,19698700,2026-02-06T03:45:43Z
C,2006-10-16,331.45,332.64,329.6,332.44,1975624,50.15,50.33,49.87,50.3,13057200,2026-02-06T03:45:43Z
C,2006-10-17,330.79,332.31,328.01,330.19,1972870,50.05,50.28,49.63,49.96,13039000,2026-02-06T03:45:43Z
C,2006-10-18,331.71,335.15,328.48,331.71,2822767,50.19,50.71,49.7,50.19,18656100,2026-02-06T03:45:43Z
C,2006-10-19,329.6,330,327.22,328.81,2745663,49.87,49.93,49.51,49.75,18146500,2026-02-06T03:45:43Z
C,2006-10-20,329.86,330.39,327.15,329.6,4038976,49.91,49.99,49.5,49.87,26694200,2026-02-06T03:45:43Z
C,2006-10-23,334.56,335.35,329.07,329.14,3168242,50.62,50.74,49.79,49.8,20939400,2026-02-06T03:45:43Z
C,2006-10-24,333.56,334.75,332.04,333.76,2343327,50.47,50.65,50.24,50.5,15487400,2026-02-06T03:45:43Z
C,2006-10-25,336.21,336.6,333.1,333.1,2143876,50.87,50.93,50.4,50.4,14169200,2026-02-06T03:45:43Z
C,2006-10-26,335.94,336.74,334.23,336.21,2916925,50.83,50.95,50.57,50.87,19278400,2026-02-06T03:45:43Z
C,2006-10-27,332.84,335.41,332.44,334.75,2552249,50.36,50.75,50.3,50.65,16868200,2026-02-06T03:45:43Z
C,2006-10-30,331.25,333.37,330.79,332.11,1944016,50.12,50.44,50.05,50.25,12848300,2026-02-06T03:45:43Z
C,2006-10-31,331.51,333.5,331.19,331.25,2744527,50.16,50.46,50.11,50.12,18139000,2026-02-06T03:45:43Z
C,2006-11-01,331.05,335.15,329.93,334.09,3148482,50.09,50.71,49.92,50.55,20808800,2026-02-06T03:45:43Z
C,2006-11-02,331.99,332.92,330.19,332.39,2639201,49.74,49.88,49.47,49.8,17615200,2026-02-06T03:45:43Z
C,2006-11-03,330.99,333.65,330.25,332.05,1585465,49.59,49.99,49.48,49.75,10582100,2026-02-06T03:45:43Z
C,2006-11-06,335.19,335.66,329.98,331.05,2290978,50.22,50.29,49.44,49.6,15291000,2026-02-06T03:45:43Z
C,2006-11-07,336.93,338.73,334.99,335.39,2041743,50.48,50.75,50.19,50.25,13627500,2026-02-06T03:45:43Z
C,2006-11-08,337.53,338.53,335.52,336.39,1610726,50.57,50.72,50.27,50.4,10750700,2026-02-06T03:45:43Z
C,2006-11-09,337.79,337.86,335.79,337.53,1534360,50.61,50.62,50.31,50.57,10241000,2026-02-06T03:45:43Z
C,2006-11-10,337.93,339.73,336.39,338.73,1745599,50.63,50.9,50.4,50.75,11650900,2026-02-06T03:45:43Z
C,2006-11-13,338.33,340.06,337.06,337.06,1212790,50.69,50.95,50.5,50.5,8094700,2026-02-06T03:45:43Z
C,2006-11-14,338.73,339.39,333.99,339.39,2707822,50.75,50.85,50.04,50.85,18073200,2026-02-06T03:45:43Z
C,2006-11-15,336.86,338.39,335.06,337.39,2268938,50.47,50.7,50.2,50.55,15143900,2026-02-06T03:45:43Z
C,2006-11-16,338.13,338.73,336.52,337.06,1940491,50.66,50.75,50.42,50.5,12951700,2026-02-06T03:45:43Z
C,2006-11-17,339.06,339.6,336.93,337.99,4511417,50.8,50.88,50.48,50.64,30111200,2026-02-06T03:45:43Z
C,2006-11-20,338.59,339.66,336.73,338.73,2011748,50.73,50.89,50.45,50.75,13427300,2026-02-06T03:45:43Z
C,2006-11-21,337.79,339.39,336.73,339.33,1514823,50.61,50.85,50.45,50.84,10110600,2026-02-06T03:45:43Z
C,2006-11-22,338.86,340.06,337.59,338.39,1750977,50.77,50.95,50.58,50.7,11686800,2026-02-06T03:45:43Z
C,2006-11-24,335.79,338.19,335.79,337.06,1518868,50.31,50.67,50.31,50.5,10137600,2026-02-06T03:45:43Z
C,2006-11-27,332.99,337.33,331.52,335.72,3258909,49.89,50.54,49.67,50.3,21751400,2026-02-06T03:45:43Z
C,2006-11-28,330.79,332.72,329.92,331.39,2181215,49.56,49.85,49.43,49.65,14558400,2026-02-06T03:45:43Z
C,2006-11-29,332.79,333.52,330.25,332.05,1987117,49.86,49.97,49.48,49.75,13262900,2026-02-06T03:45:43Z
C,2006-11-30,330.99,332.99,330.05,331.92,2556243,49.59,49.89,49.45,49.73,17061500,2026-02-06T03:45:43Z
C,2006-12-01,329.58,331.25,325.91,330.99,2658139,49.38,49.63,48.83,49.59,17741600,2026-02-06T03:45:43Z
C,2006-12-04,333.72,334.92,329.52,331.39,3113413,50,50.18,49.37,49.65,20780300,2026-02-06T03:45:43Z
C,2006-12-05,337.13,337.53,332.12,332.99,2364152,50.51,50.57,49.76,49.89,15779400,2026-02-06T03:45:43Z
C,2006-12-06,338.93,339.13,336.26,337.06,1845517,50.78,50.81,50.38,50.5,12317800,2026-02-06T03:45:43Z
C,2006-12-07,338.46,338.86,336.52,338.19,2973416,50.71,50.77,50.42,50.67,19845900,2026-02-06T03:45:43Z
C,2006-12-08,346.07,351.74,336.06,336.93,8159693,51.85,52.7,50.35,50.48,54461400,2026-02-06T03:45:43Z
C,2006-12-11,352.94,352.94,346.07,346.07,4016590,52.88,52.88,51.85,51.85,26808500,2026-02-06T03:45:43Z
C,2006-12-12,348.74,349.54,345.4,348.34,3910409,52.25,52.37,51.75,52.19,26099800,2026-02-06T03:45:43Z
C,2006-12-13,349.21,351.41,347.87,351.28,2109824,52.32,52.65,52.12,52.63,14081900,2026-02-06T03:45:43Z
C,2006-12-14,354.48,355.08,349.07,349.74,3140591,53.11,53.2,52.3,52.4,20961700,2026-02-06T03:45:43Z
C,2006-12-15,360.89,360.95,355.08,356.08,4815383,54.07,54.08,53.2,53.35,32140000,2026-02-06T03:45:43Z
C,2006-12-18,370.03,371.17,362.09,362.96,6814891,55.44,55.61,54.25,54.38,45485600,2026-02-06T03:45:43Z
C,2006-12-19,368.63,368.63,364.02,367.96,3956271,55.23,55.23,54.54,55.13,26405900,2026-02-06T03:45:43Z
C,2006-12-20,368.16,369.03,365.63,367.89,3047729,55.16,55.29,54.78,55.12,20341900,2026-02-06T03:45:43Z
C,2006-12-21,365.49,370.03,364.76,368.23,2436653,54.76,55.44,54.65,55.17,16263300,2026-02-06T03:45:43Z
C,2006-12-22,364.09,367.76,363.49,366.76,1445469,54.55,55.1,54.46,54.95,9647700,2026-02-06T03:45:43Z
C,2006-12-26,367.9,368.36,363.89,364.96,1319436,55.12,55.19,54.52,54.68,8806500,2026-02-06T03:45:43Z
C,2006-12-27,376.51,378.24,367.89,367.89,3348728,56.41,56.67,55.12,55.12,22350900,2026-02-06T03:45:43Z
C,2006-12-28,372.97,380.44,370.76,377.77,2293345,55.88,57,55.55,56.6,15306800,2026-02-06T03:45:43Z
C,2006-12-29,371.77,374.37,370.76,372.77,1653770,55.7,56.09,55.55,55.85,11038000,2026-02-06T03:45:43Z
C,2007-01-03,368.76,375.64,365.23,371.5,3419176,55.25,56.28,54.72,55.66,22821100,2026-02-06T03:45:43Z
C,2007-01-04,367.49,374.77,365.23,368.76,2485121,55.06,56.15,54.72,55.25,16586800,2026-02-06T03:45:43Z
C,2007-01-05,365.56,367.43,363.49,367.09,1974517,54.77,55.05,54.46,55,13178800,2026-02-06T03:45:43Z
C,2007-01-08,367.43,368.1,362.42,364.43,1872081,55.05,55.15,54.3,54.6,12495100,2026-02-06T03:45:43Z
C,2007-01-09,364.22,368.1,361.69,367.16,2945279,54.57,55.15,54.19,55.01,19658100,2026-02-06T03:45:43Z
C,2007-01-10,361.29,363.69,360.09,362.22,2614285,54.13,54.49,53.95,54.27,17448900,2026-02-06T03:45:43Z
C,2007-01-11,361.55,363.02,359.08,362.22,2174039,54.17,54.39,53.8,54.27,14510500,2026-02-06T03:45:43Z
C,2007-01-12,362.96,364.09,360.42,360.55,2761219,54.38,54.55,54,54.02,18429600,2026-02-06T03:45:43Z
C,2007-01-16,365.56,365.83,362.69,364.62,1880591,54.77,54.81,54.34,54.63,12551900,2026-02-06T03:45:43Z
C,2007-01-17,363.02,367.63,362.29,367.09,2104325,54.39,55.08,54.28,55,14045200,2026-02-06T03:45:43Z
C,2007-01-18,363.02,365.16,360.89,363.76,2639217,54.39,54.71,54.07,54.5,17615300,2026-02-06T03:45:43Z
C,2007-01-19,363.76,363.82,357.08,360.42,3589183,54.5,54.51,53.5,54,23955800,2026-02-06T03:45:43Z
C,2007-01-22,364.96,370.63,364.82,368.23,4207527,54.68,55.53,54.66,55.17,28082900,2026-02-06T03:45:43Z
C,2007-01-23,363.69,365.76,362.42,364.76,2437012,54.49,54.8,54.3,54.65,16265700,2026-02-06T03:45:43Z
C,2007-01-24,365.96,366.03,362.22,363.76,2376767,54.83,54.84,54.27,54.5,15863600,2026-02-06T03:45:43Z
C,2007-01-25,359.95,366.29,359.35,365.09,2850694,53.93,54.88,53.84,54.7,19026800,2026-02-06T03:45:43Z
C,2007-01-26,364.89,364.89,357.22,359.95,3161447,54.67,54.67,53.52,53.93,21100900,2026-02-06T03:45:43Z
C,2007-01-29,360.82,364.43,360.09,363.42,3327139,54.06,54.6,53.95,54.45,22206800,2026-02-06T03:45:43Z
C,2007-01-30,362.22,362.56,359.08,359.75,2535253,54.27,54.32,53.8,53.9,16921400,2026-02-06T03:45:43Z
C,2007-01-31,367.96,369.03,360.55,360.62,2720242,55.13,55.29,54.02,54.03,18156100,2026-02-06T03:45:43Z
C,2007-02-01,368.91,371.8,366.01,371.6,2782448,54.73,55.16,54.3,55.13,18755000,2026-02-06T03:45:43Z
C,2007-02-02,368.43,370.32,366.14,368.91,1867170,54.66,54.94,54.32,54.73,12585600,2026-02-06T03:45:43Z
C,2007-02-05,369.04,372.01,366.75,367.69,2460972,54.75,55.19,54.41,54.55,16588100,2026-02-06T03:45:43Z
C,2007-02-06,370.39,374.1,368.84,369.04,2304914,54.95,55.5,54.72,54.75,15536200,2026-02-06T03:45:43Z
C,2007-02-07,370.39,372.01,369.58,370.32,1779698,54.95,55.19,54.83,54.94,11996000,2026-02-06T03:45:43Z
C,2007-02-08,366.95,369.24,365,368.84,2076266,54.44,54.78,54.15,54.72,13995000,2026-02-06T03:45:43Z
C,2007-02-09,359.94,367.29,359.2,366.68,2852874,53.4,54.49,53.29,54.4,19229700,2026-02-06T03:45:43Z
C,2007-02-12,360.14,363.38,358.59,360.55,2271238,53.43,53.91,53.2,53.49,15309200,2026-02-06T03:45:43Z
C,2007-02-13,362.03,362.97,360.62,360.82,1936438,53.71,53.85,53.5,53.53,13052500,2026-02-06T03:45:43Z
C,2007-02-14,365.2,366.95,362.23,363.04,2101264,54.18,54.44,53.74,53.86,14163500,2026-02-06T03:45:43Z
C,2007-02-15,365.4,367.49,364.25,365.33,2033776,54.21,54.52,54.04,54.2,13708600,2026-02-06T03:45:43Z
C,2007-02-16,364.66,365,362.5,364.52,2560075,54.1,54.15,53.78,54.08,17256100,2026-02-06T03:45:43Z
C,2007-02-20,365.27,368.37,364.59,365.13,2389404,54.19,54.65,54.09,54.17,16105700,2026-02-06T03:45:43Z
C,2007-02-21,362.3,365,361.22,364.05,2212903,53.75,54.15,53.59,54.01,14916000,2026-02-06T03:45:43Z
C,2007-02-22,361.22,364.59,360.08,363.65,2832593,53.59,54.09,53.42,53.95,19093000,2026-02-06T03:45:43Z
C,2007-02-23,362.43,364.19,358.26,361.76,2631480,53.77,54.03,53.15,53.67,17737400,2026-02-06T03:45:43Z
C,2007-02-26,355.09,365.27,351.72,363.31,5281163,52.68,54.19,52.18,53.9,35597500,2026-02-06T03:45:43Z
C,2007-02-27,341.07,355.69,337.36,351.31,4717464,50.6,52.77,50.05,52.12,31797900,2026-02-06T03:45:43Z
C,2007-02-28,339.52,343.9,334.06,343.76,6934697,50.37,51.02,49.56,51,46743100,2026-02-06T03:45:43Z
C,2007-03-01,344.3,346.8,334.33,335.34,5448256,51.08,51.45,49.6,49.75,36723800,2026-02-06T03:45:43Z
C,2007-03-02,336.82,345.18,336.01,343.22,3883277,49.97,51.21,49.85,50.92,26175100,2026-02-06T03:45:43Z
C,2007-03-05,331.97,340.73,331.5,334.33,3698676,49.25,50.55,49.18,49.6,24930800,2026-02-06T03:45:43Z
C,2007-03-06,340.93,342.69,333.99,336.01,3986564,50.58,50.84,49.55,49.85,26871300,2026-02-06T03:45:43Z
C,2007-03-07,338.51,344.44,338.17,341.07,3086952,50.22,51.1,50.17,50.6,20807500,2026-02-06T03:45:43Z
C,2007-03-08,340.39,345.38,339.11,341.2,2645351,50.5,51.24,50.31,50.62,17830900,2026-02-06T03:45:43Z
C,2007-03-09,339.25,343.43,337.02,343.16,2329394,50.33,50.95,50,50.91,15701200,2026-02-06T03:45:43Z
C,2007-03-12,339.45,341.4,337.7,337.76,1630243,50.36,50.65,50.1,50.11,10988600,2026-02-06T03:45:43Z
C,2007-03-13,328.6,337.63,328.6,337.09,4344863,48.75,50.09,48.75,50.01,29286400,2026-02-06T03:45:43Z
C,2007-03-14,330.82,332.44,323.88,328.94,4515979,49.08,49.32,48.05,48.8,30439800,2026-02-06T03:45:43Z
C,2007-03-15,337.9,338.17,330.69,330.96,4346079,50.13,50.17,49.06,49.1,29294600,2026-02-06T03:45:43Z
C,2007-03-16,333.86,339.58,331.56,337.09,4571732,49.53,50.38,49.19,50.01,30815600,2026-02-06T03:45:43Z
C,2007-03-19,337.43,337.7,335,335.74,2494545,50.06,50.1,49.7,49.81,16814400,2026-02-06T03:45:43Z
C,2007-03-20,341.34,343.36,336.48,337.43,2439742,50.64,50.94,49.92,50.06,16445000,2026-02-06T03:45:43Z
C,2007-03-21,350.71,353.87,339.99,340.33,4342667,52.03,52.5,50.44,50.49,29271600,2026-02-06T03:45:43Z
C,2007-03-22,349.43,351.85,348.42,349.83,3224303,51.84,52.2,51.69,51.9,21733300,2026-02-06T03:45:43Z
C,2007-03-23,348.62,350.91,346.66,349.16,2246625,51.72,52.06,51.43,51.8,15143300,2026-02-06T03:45:43Z
C,2007-03-26,347.4,350.57,344.17,350.5,3096106,51.54,52.01,51.06,52,20869200,2026-02-06T03:45:43Z
C,2007-03-27,344.17,348.14,343.76,345.18,2538637,51.06,51.65,51,51.21,17111600,2026-02-06T03:45:43Z
C,2007-03-28,343.49,348.14,342.48,344.98,3447284,50.96,51.65,50.81,51.18,23236300,2026-02-06T03:45:43Z
C,2007-03-29,346.46,347.74,343.97,345.79,2643141,51.4,51.59,51.03,51.3,17816000,2026-02-06T03:45:43Z
C,2007-03-30,346.06,350.1,343.22,347.13,2954246,51.34,51.94,50.92,51.5,19913000,2026-02-06T03:45:43Z
C,2007-04-02,344.1,347.13,339.79,345.85,2791082,51.05,51.5,50.41,51.31,18813200,2026-02-06T03:45:43Z
C,2007-04-03,346.53,348.21,344.84,344.91,3182228,51.41,51.66,51.16,51.17,21449700,2026-02-06T03:45:43Z
C,2007-04-04,346.19,347.27,344.71,347.07,2274575,51.36,51.52,51.14,51.49,15331700,2026-02-06T03:45:43Z
C,2007-04-05,347.61,348.89,344.1,345.18,1533944,51.57,51.76,51.05,51.21,10339500,2026-02-06T03:45:43Z
C,2007-04-09,347.67,349.29,346.19,349.16,1711038,51.58,51.82,51.36,51.8,11533200,2026-02-06T03:45:43Z
C,2007-04-10,353.2,353.94,346.12,347.81,3195001,52.4,52.51,51.35,51.6,21535800,2026-02-06T03:45:43Z
C,2007-04-11,349.16,353.74,346.06,353.27,3734163,51.8,52.48,51.34,52.41,25170000,2026-02-06T03:45:43Z
C,2007-04-12,348.14,349.22,345.92,349.16,3369248,51.65,51.81,51.32,51.8,22710300,2026-02-06T03:45:43Z
C,2007-04-13,347.81,349.16,346.12,349.16,2507453,51.6,51.8,51.35,51.8,16901400,2026-02-06T03:45:43Z
C,2007-04-16,356.77,361.22,352.19,352.26,4862142,52.93,53.59,52.25,52.26,32773100,2026-02-06T03:45:43Z
C,2007-04-17,354.08,357.58,352.93,357.25,3343508,52.53,53.05,52.36,53,22536800,2026-02-06T03:45:43Z
C,2007-04-18,357.18,359.27,354.88,355.36,3885265,52.99,53.3,52.65,52.72,26188500,2026-02-06T03:45:43Z
C,2007-04-19,357.85,360.41,354.88,355.29,3338582,53.09,53.47,52.65,52.71,22503600,2026-02-06T03:45:43Z
C,2007-04-20,360.08,362.3,356.64,362.23,3945142,53.42,53.75,52.91,53.74,26592100,2026-02-06T03:45:43Z
C,2007-04-23,357.99,361.56,356.57,359.47,2247352,53.11,53.64,52.9,53.33,15148200,2026-02-06T03:45:43Z
C,2007-04-24,355.96,359.27,353,358.93,2813945,52.81,53.3,52.37,53.25,18967300,2026-02-06T03:45:43Z
C,2007-04-25,362.64,363.58,355.76,357.18,3969073,53.8,53.94,52.78,52.99,26753400,2026-02-06T03:45:43Z
C,2007-04-26,361.02,362.97,359.06,362.57,3670666,53.56,53.85,53.27,53.79,24742000,2026-02-06T03:45:43Z
C,2007-04-27,359.74,360.95,358.26,360.28,1952223,53.37,53.55,53.15,53.45,13158900,2026-02-06T03:45:43Z
C,2007-04-30,361.42,368.77,360.48,361.56,4524658,53.62,54.71,53.48,53.64,30498300,2026-02-06T03:45:43Z
C,2007-05-01,365.33,366.14,362.23,362.64,3113924,54.2,54.32,53.74,53.8,20989300,2026-02-06T03:45:43Z
C,2007-05-02,366.01,367.02,364.46,367.02,2880216,54.3,54.45,54.07,54.45,19414000,2026-02-06T03:45:43Z
C,2007-05-03,367.3,368.32,364.58,367.3,2389290,53.95,54.1,53.55,53.95,16266700,2026-02-06T03:45:43Z
C,2007-05-04,368.25,371.45,367.3,368.32,2600434,54.09,54.56,53.95,54.1,17704200,2026-02-06T03:45:43Z
C,2007-05-07,366.82,370.37,365.74,367.44,2354479,53.88,54.4,53.72,53.97,16029700,2026-02-06T03:45:43Z
C,2007-05-08,365.73,367.64,364.1,365.94,2261195,53.72,54,53.48,53.75,15394600,2026-02-06T03:45:43Z
C,2007-05-09,368.46,368.66,363.76,365.12,3050935,54.12,54.15,53.43,53.63,20771300,2026-02-06T03:45:43Z
C,2007-05-10,362.19,367.98,362.06,366.07,3096631,53.2,54.05,53.18,53.77,21082400,2026-02-06T03:45:43Z
C,2007-05-11,361.58,366.01,360.15,362.26,11270675,53.11,53.76,52.9,53.21,76732704,2026-02-06T03:45:43Z
C,2007-05-14,359.88,362.88,357.97,362.06,3522942,52.86,53.3,52.58,53.18,23984800,2026-02-06T03:45:43Z
C,2007-05-15,359.4,362.47,359.06,361.04,3840149,52.79,53.24,52.74,53.03,26144400,2026-02-06T03:45:43Z
C,2007-05-16,373.84,374.72,364.24,366.28,9479137,54.91,55.04,53.5,53.8,64535600,2026-02-06T03:45:43Z
C,2007-05-17,373.09,375.74,367.3,373.7,3285625,54.8,55.19,53.95,54.89,22369100,2026-02-06T03:45:43Z
C,2007-05-18,374.45,378.19,372.68,374.45,3087745,55,55.55,54.74,55,21021900,2026-02-06T03:45:43Z
C,2007-05-21,373.36,375.81,372.68,375.68,3424869,54.84,55.2,54.74,55.18,23317100,2026-02-06T03:45:43Z
C,2007-05-22,374.99,376.7,371.18,373.63,3199303,55.08,55.33,54.52,54.88,21781400,2026-02-06T03:45:43Z
C,2007-05-23,374.52,378.06,373.43,375.27,2808652,55.01,55.53,54.85,55.12,19121800,2026-02-06T03:45:43Z
C,2007-05-24,373.97,377.99,372.68,376.08,3294732,54.93,55.52,54.74,55.24,22431100,2026-02-06T03:45:43Z
C,2007-05-25,375.27,375.54,370.91,374.18,1988566,55.12,55.16,54.48,54.96,13538500,2026-02-06T03:45:43Z
C,2007-05-29,373.84,377.31,371.86,377.31,2350249,54.91,55.42,54.62,55.42,16000900,2026-02-06T03:45:43Z
C,2007-05-30,375.81,376.08,371.39,372.88,2085758,55.2,55.24,54.55,54.77,14200200,2026-02-06T03:45:43Z
C,2007-05-31,370.98,375.81,369.75,375.2,2873576,54.49,55.2,54.31,55.11,19563800,2026-02-06T03:45:43Z
C,2007-06-01,371.11,372.75,369.55,372.68,2550493,54.51,54.75,54.28,54.74,17364200,2026-02-06T03:45:43Z
C,2007-06-04,368.66,370.64,367.3,370.64,2325984,54.15,54.44,53.95,54.44,15835700,2026-02-06T03:45:43Z
C,2007-06-05,366.96,368.59,365.39,368.32,2120466,53.9,54.14,53.67,54.1,14436500,2026-02-06T03:45:43Z
C,2007-06-06,363.08,366.96,361.51,364.99,2850516,53.33,53.9,53.1,53.61,19406800,2026-02-06T03:45:43Z
C,2007-06-07,357.57,365.94,357.23,362.54,3310316,52.52,53.75,52.47,53.25,22537200,2026-02-06T03:45:43Z
C,2007-06-08,363.08,363.35,356.07,357.56,3356041,53.33,53.37,52.3,52.52,22848500,2026-02-06T03:45:43Z
C,2007-06-11,364.03,366.07,359.54,362.19,2141764,53.47,53.77,52.81,53.2,14581500,2026-02-06T03:45:43Z
C,2007-06-12,358.11,365.87,358.11,362.88,3020413,52.6,53.74,52.6,53.3,20563500,2026-02-06T03:45:43Z
C,2007-06-13,365.46,365.8,359.13,359.54,3405437,53.68,53.73,52.75,52.81,23184800,2026-02-06T03:45:43Z
C,2007-06-14,365.39,369.14,364.71,364.99,2523995,53.67,54.22,53.57,53.61,17183800,2026-02-06T03:45:43Z
C,2007-06-15,367.5,369.82,365.74,367.78,3961475,53.98,54.32,53.72,54.02,26970400,2026-02-06T03:45:43Z
C,2007-06-18,367.37,370.98,367.3,369.89,1770739,53.96,54.49,53.95,54.33,12055500,2026-02-06T03:45:43Z
C,2007-06-19,369.41,370.3,367.3,367.37,2681601,54.26,54.39,53.95,53.96,18256800,2026-02-06T03:45:43Z
C,2007-06-20,363.83,370.57,363.62,369.62,2861119,53.44,54.43,53.41,54.29,19479000,2026-02-06T03:45:43Z
C,2007-06-21,365.33,365.39,358.86,363.76,2570896,53.66,53.67,52.71,53.43,17503100,2026-02-06T03:45:43Z
C,2007-06-22,356.82,364.92,356.07,363.28,4941606,52.41,53.6,52.3,53.36,33643300,2026-02-06T03:45:43Z
C,2007-06-25,351.91,360.15,350.89,358.52,3761861,51.69,52.9,51.54,52.66,25611400,2026-02-06T03:45:43Z
C,2007-06-26,348.24,355.45,348.03,353.55,4254197,51.15,52.21,51.12,51.93,28963300,2026-02-06T03:45:43Z
C,2007-06-27,352.73,353.34,343.68,346.94,4504161,51.81,51.9,50.48,50.96,30665100,2026-02-06T03:45:43Z
C,2007-06-28,352.73,356.54,348.78,354.16,3478555,51.81,52.37,51.23,52.02,23682600,2026-02-06T03:45:43Z
C,2007-06-29,349.19,355.73,345.58,354.71,3904029,51.29,52.25,50.76,52.1,26579300,2026-02-06T03:45:43Z
C,2007-07-02,351.57,352.32,347.29,349.26,2652781,51.64,51.75,51.01,51.3,18060600,2026-02-06T03:45:43Z
C,2007-07-03,353.07,355.59,351.17,353.48,1476461,51.86,52.23,51.58,51.92,10052000,2026-02-06T03:45:43Z
C,2007-07-05,350.62,354.02,349.74,353.07,1988683,51.5,52,51.37,51.86,13539300,2026-02-06T03:45:43Z
C,2007-07-06,351.98,352.66,350.01,352.46,1850218,51.7,51.8,51.41,51.77,12596600,2026-02-06T03:45:43Z
C,2007-07-09,351.3,353.07,350.62,350.82,2628664,51.6,51.86,51.5,51.53,17896400,2026-02-06T03:45:43Z
C,2007-07-10,347.22,349.67,345.65,349.06,4954135,51,51.36,50.77,51.27,33728600,2026-02-06T03:45:43Z
C,2007-07-11,350.01,350.76,345.86,347.01,3699804,51.41,51.52,50.8,50.97,25188900,2026-02-06T03:45:43Z
C,2007-07-12,359.74,360.22,350.01,350.96,4522198,52.84,52.91,51.41,51.55,30787900,2026-02-06T03:45:43Z
C,2007-07-13,357.57,360.02,355.93,357.77,2989643,52.52,52.88,52.28,52.55,20354000,2026-02-06T03:45:43Z
C,2007-07-16,355.32,360.63,354.57,358.59,2785872,52.19,52.97,52.08,52.67,18966700,2026-02-06T03:45:43Z
C,2007-07-17,357.16,360.36,354.91,356.07,3425839,52.46,52.93,52.13,52.3,23323700,2026-02-06T03:45:43Z
C,2007-07-18,351.3,356.75,345.11,353.55,5354286,51.6,52.4,50.69,51.93,36452900,2026-02-06T03:45:43Z
C,2007-07-19,348.1,354.91,346.06,351.3,4257266,51.13,52.13,50.83,51.6,28984200,2026-02-06T03:45:43Z
C,2007-07-20,345.38,355.25,341.43,350.21,6996019,50.73,52.18,50.15,51.44,47630100,2026-02-06T03:45:43Z
C,2007-07-23,346.26,349.33,345.45,346.6,3510340,50.86,51.31,50.74,50.91,23899000,2026-02-06T03:45:43Z
C,2007-07-24,335.71,343.68,333.33,342.72,6753149,49.31,50.48,48.96,50.34,45976600,2026-02-06T03:45:43Z
C,2007-07-25,335.03,340.75,330.06,338.3,6533502,49.21,50.05,48.48,49.69,44481200,2026-02-06T03:45:43Z
C,2007-07-26,325.5,331.42,316.58,330.13,11359041,47.81,48.68,46.5,48.49,77334304,2026-02-06T03:45:43Z
C,2007-07-27,319.78,328.09,318.01,324.82,8211412,46.97,48.19,46.71,47.71,55904700,2026-02-06T03:45:43Z
C,2007-07-30,321.28,324.41,317.94,322.16,5911806,47.19,47.65,46.7,47.32,40248600,2026-02-06T03:45:43Z
C,2007-07-31,317.06,328.56,316.58,323.87,6872933,46.57,48.26,46.5,47.57,46792100,2026-02-06T03:45:43Z
C,2007-08-01,318.96,320.94,310.66,315.9,8920825,46.85,47.14,45.63,46.4,60734500,2026-02-06T03:45:43Z
C,2007-08-02,325.37,325.64,320.2,321.99,5998162,47.24,47.28,46.49,46.75,41312700,2026-02-06T03:45:43Z
C,2007-08-03,314.9,327.78,314.69,324.82,6987207,45.72,47.59,45.69,47.16,48124800,2026-02-06T03:45:43Z
C,2007-08-06,333.01,334.05,310.08,316.14,9121215,48.35,48.5,45.02,45.9,62822900,2026-02-06T03:45:43Z
C,2007-08-07,334.67,340.25,326.61,330.12,8275996,48.59,49.4,47.42,47.93,57001400,2026-02-06T03:45:43Z
C,2007-08-08,340.87,343.55,331.77,335.84,7836174,49.49,49.88,48.17,48.76,53972100,2026-02-06T03:45:43Z
C,2007-08-09,323.03,335.49,323.03,329.29,9669202,46.9,48.71,46.9,47.81,66597200,2026-02-06T03:45:43Z
C,2007-08-10,323.72,327.16,315.11,315.38,7489607,47,47.5,45.75,45.79,51585100,2026-02-06T03:45:43Z
C,2007-08-13,320.55,329.98,319.86,328.81,5009132,46.54,47.91,46.44,47.74,34500700,2026-02-06T03:45:43Z
C,2007-08-14,314.49,322.54,313.52,321.31,5637310,45.66,46.83,45.52,46.65,38827300,2026-02-06T03:45:43Z
C,2007-08-15,314.14,320.27,311.32,313.94,6687885,45.61,46.5,45.2,45.58,46063200,2026-02-06T03:45:43Z
C,2007-08-16,327.5,332.88,307.6,310.42,14859141,47.55,48.33,44.66,45.07,102343200,2026-02-06T03:45:43Z
C,2007-08-17,336.18,343.69,326.4,343.69,12337014,48.81,49.9,47.39,49.9,84971904,2026-02-06T03:45:43Z
C,2007-08-20,333.29,338.73,328.54,337.49,5607096,48.39,49.18,47.7,49,38619200,2026-02-06T03:45:43Z
C,2007-08-21,331.02,336.32,329.23,331.64,4887552,48.06,48.83,47.8,48.15,33663300,2026-02-06T03:45:43Z
C,2007-08-22,333.56,335.91,327.16,334.05,5937896,48.43,48.77,47.5,48.5,40897600,2026-02-06T03:45:43Z
C,2007-08-23,333.01,337.49,330.26,336.11,3745682,48.35,49,47.95,48.8,25798600,2026-02-06T03:45:43Z
C,2007-08-24,334.05,334.87,329.64,331.91,3421037,48.5,48.62,47.86,48.19,23562600,2026-02-06T03:45:43Z
C,2007-08-27,329.16,333.22,328.54,332.88,2949564,47.79,48.38,47.7,48.33,20315300,2026-02-06T03:45:43Z
C,2007-08-28,317.79,325.51,317.52,325.44,5662239,46.14,47.26,46.1,47.25,38999000,2026-02-06T03:45:43Z
C,2007-08-29,323.37,323.71,315.8,319.58,4276392,46.95,47,45.85,46.4,29453900,2026-02-06T03:45:43Z
C,2007-08-30,318.41,321.93,316.83,321.31,4365611,46.23,46.74,46,46.65,30068400,2026-02-06T03:45:43Z
C,2007-08-31,322.89,324.89,319.65,324.27,3950863,46.88,47.17,46.41,47.08,27211800,2026-02-06T03:45:43Z
C,2007-09-04,325.16,327.64,320.27,323.44,3817419,47.21,47.57,46.5,46.96,26292700,2026-02-06T03:45:43Z
C,2007-09-05,316.83,321.51,315.93,321.51,5117983,46,46.68,45.87,46.68,35250400,2026-02-06T03:45:43Z
C,2007-09-06,314.49,319.51,313.59,317.93,3926224,45.66,46.39,45.53,46.16,27042100,2026-02-06T03:45:43Z
C,2007-09-07,313.25,317.17,310.42,311.45,5889880,45.48,46.05,45.07,45.22,40566900,2026-02-06T03:45:43Z
C,2007-09-10,312.01,315.66,308.77,314.76,4609412,45.3,45.83,44.83,45.7,31747600,2026-02-06T03:45:43Z
C,2007-09-11,316.9,319.17,313.04,313.66,4601558,46.01,46.34,45.45,45.54,31693500,2026-02-06T03:45:43Z
C,2007-09-12,315.17,318.2,313.38,316.07,4192386,45.76,46.2,45.5,45.89,28875300,2026-02-06T03:45:43Z
C,2007-09-13,319.31,320.75,316.21,316.76,4186563,46.36,46.57,45.91,45.99,28835200,2026-02-06T03:45:43Z
C,2007-09-14,321.24,321.58,316.28,316.48,4159790,46.64,46.69,45.92,45.95,28650800,2026-02-06T03:45:43Z
C,2007-09-17,317.03,320.41,314.42,320.27,3405952,46.03,46.52,45.65,46.5,23458700,2026-02-06T03:45:43Z
C,2007-09-18,333.15,334.18,317.17,320.13,7161914,48.37,48.52,46.05,46.48,49328100,2026-02-06T03:45:43Z
C,2007-09-19,332.46,337.49,328.74,335.22,6068203,48.27,49,47.73,48.67,41795100,2026-02-06T03:45:43Z
C,2007-09-20,325.09,333.84,323.85,333.08,4875879,47.2,48.47,47.02,48.36,33582900,2026-02-06T03:45:43Z
C,2007-09-21,327.23,328.54,323.23,327.71,5533134,47.51,47.7,46.93,47.58,38109800,2026-02-06T03:45:43Z
C,2007-09-24,320.89,327.5,319.65,327.16,5515293,46.59,47.55,46.41,47.5,37986900,2026-02-06T03:45:43Z
C,2007-09-25,318.96,320.69,316.55,318.76,4679655,46.31,46.56,45.96,46.28,32231400,2026-02-06T03:45:43Z
C,2007-09-26,320.62,323.85,316.9,319.31,5041453,46.55,47.02,46.01,46.36,34723300,2026-02-06T03:45:43Z
C,2007-09-27,322.89,322.96,319.72,322.61,3939741,46.88,46.89,46.42,46.84,27135200,2026-02-06T03:45:43Z
C,2007-09-28,321.44,324.95,320.27,322.75,3046493,46.67,47.18,46.5,46.86,20982900,2026-02-06T03:45:43Z
C,2007-10-01,328.67,332.19,315.86,316.07,8241687,47.72,48.23,45.86,45.89,56765100,2026-02-06T03:45:43Z
C,2007-10-02,329.64,330.6,325.64,329.43,4794442,47.86,48,47.28,47.83,33022000,2026-02-06T03:45:43Z
C,2007-10-03,329.85,332.32,328.19,328.88,4949490,47.89,48.25,47.65,47.75,34089900,2026-02-06T03:45:43Z
C,2007-10-04,328.05,333.7,326.47,330.88,5177232,47.63,48.45,47.4,48.04,35658500,2026-02-06T03:45:43Z
C,2007-10-05,332.67,335.91,329.29,329.57,5376245,48.3,48.77,47.81,47.85,37029200,2026-02-06T03:45:43Z
C,2007-10-08,329.23,332.53,327.71,332.46,2693000,47.8,48.28,47.58,48.27,18548200,2026-02-06T03:45:43Z
C,2007-10-09,327.99,330.26,322.34,330.26,5913358,47.62,47.95,46.8,47.95,40728600,2026-02-06T03:45:43Z
C,2007-10-10,324.68,326.33,322.13,325.78,4231441,47.14,47.38,46.77,47.3,29144300,2026-02-06T03:45:43Z
C,2007-10-11,332.81,337.15,324.61,325.85,9416763,48.32,48.95,47.13,47.31,64858500,2026-02-06T03:45:43Z
C,2007-10-12,329.71,336.32,326.06,329.5,6357478,47.87,48.83,47.34,47.84,43787500,2026-02-06T03:45:43Z
C,2007-10-15,318.48,333.7,314.69,324.2,11207265,46.24,48.45,45.69,47.07,77190704,2026-02-06T03:45:43Z
C,2007-10-16,308.49,318.48,307.74,316.14,9334396,44.79,46.24,44.68,45.9,64291200,2026-02-06T03:45:43Z
C,2007-10-17,307.6,312.01,302.02,310.84,16631484,44.66,45.3,43.85,45.13,114550304,2026-02-06T03:45:43Z
C,2007-10-18,301.88,305.94,301.33,303.67,8319917,43.83,44.42,43.75,44.09,57303900,2026-02-06T03:45:43Z
C,2007-10-19,291.76,303.4,291.27,300.99,10155893,42.36,44.05,42.29,43.7,69949296,2026-02-06T03:45:43Z
C,2007-10-22,293.48,297.82,289.76,289.97,8542812,42.61,43.24,42.07,42.1,58839100,2026-02-06T03:45:43Z
C,2007-10-23,292.31,295.82,290.17,295.48,6337196,42.44,42.95,42.13,42.9,43647800,2026-02-06T03:45:43Z
C,2007-10-24,288.04,294.86,283.42,290.38,10313683,41.82,42.81,41.15,42.16,71036096,2026-02-06T03:45:43Z
C,2007-10-25,283.97,291.14,278.53,287.56,8842350,41.23,42.27,40.44,41.75,60902200,2026-02-06T03:45:43Z
C,2007-10-26,293.62,294.65,285.9,291.21,7951322,42.63,42.78,41.51,42.28,54765200,2026-02-06T03:45:43Z
C,2007-10-29,294.03,296.92,292.72,295.06,4963763,42.69,43.11,42.5,42.84,34188200,2026-02-06T03:45:43Z
C,2007-10-30,290.04,294.93,287.97,292.72,5653048,42.11,42.82,41.81,42.5,38935700,2026-02-06T03:45:43Z
C,2007-10-31,288.59,292.51,285.14,291,10663618,41.9,42.47,41.4,42.25,73446304,2026-02-06T03:45:43Z
C,2007-11-01,268.7,285.38,266.05,269.47,24573212,38.51,40.9,38.13,38.62,171459200,2026-02-06T03:45:43Z
C,2007-11-02,263.26,271.42,254.82,270.24,19850854,37.73,38.9,36.52,38.73,138508992,2026-02-06T03:45:43Z
C,2007-11-05,250.49,258.1,244.21,251.19,32987717,35.9,36.99,35,36,230171200,2026-02-06T03:45:43Z
C,2007-11-06,244.77,253.56,240.86,251.47,21739573,35.08,36.34,34.52,36.04,151687504,2026-02-06T03:45:43Z
C,2007-11-07,233.12,246.72,232.91,241.98,17302529,33.41,35.36,33.38,34.68,120728096,2026-02-06T03:45:43Z
C,2007-11-08,229.56,237.23,216.65,235.84,27839291,32.9,34,31.05,33.8,194248192,2026-02-06T03:45:43Z
C,2007-11-09,230.95,240.51,220.49,223.98,22061763,33.1,34.47,31.6,32.1,153935600,2026-02-06T03:45:43Z
C,2007-11-12,234.23,244.63,232.35,234.37,15850830,33.57,35.06,33.3,33.59,110598896,2026-02-06T03:45:43Z
C,2007-11-13,250.49,251.19,238.7,241.21,15149247,35.9,36,34.21,34.57,105703600,2026-02-06T03:45:43Z
C,2007-11-14,251.47,261.66,250.77,261.03,16688494,36.04,37.5,35.94,37.41,116443696,2026-02-06T03:45:43Z
C,2007-11-15,241.28,249.79,238.7,249.44,11850173,34.58,35.8,34.21,35.75,82684400,2026-02-06T03:45:43Z
C,2007-11-16,237.23,243.38,233.4,242.82,11420953,34,34.88,33.45,34.8,79689504,2026-02-06T03:45:43Z
C,2007-11-19,223.28,231.44,222.58,229.21,14062466,32,33.17,31.9,32.85,98120600,2026-02-06T03:45:43Z
C,2007-11-20,219.09,228.51,214.91,222.58,18283609,31.4,32.75,30.8,31.9,127573600,2026-02-06T03:45:43Z
C,2007-11-21,214.42,220.14,212.81,215.81,13192109,30.73,31.55,30.5,30.93,92047696,2026-02-06T03:45:43Z
C,2007-11-23,221.19,221.19,216.37,218.4,5514953,31.7,31.7,31.01,31.3,38480500,2026-02-06T03:45:43Z
C,2007-11-26,214.21,221.68,207.58,220.49,15884154,30.7,31.77,29.75,31.6,110831400,2026-02-06T03:45:43Z
C,2007-11-27,211.56,215.95,205.84,214.98,27680940,30.32,30.95,29.5,30.81,193143296,2026-02-06T03:45:43Z
C,2007-11-28,225.3,229.35,216.44,216.44,19824643,32.29,32.87,31.02,31.02,138326096,2026-02-06T03:45:43Z
C,2007-11-29,225.3,226.49,221.88,225.37,10158449,32.29,32.46,31.8,32.3,70880400,2026-02-06T03:45:43Z
C,2007-11-30,232.35,239.33,230.26,237.58,13545671,33.3,34.3,33,34.05,94514704,2026-02-06T03:45:43Z
C,2007-12-03,230.68,232.7,228.23,232.35,7975812,33.06,33.35,32.71,33.3,55651100,2026-02-06T03:45:43Z
C,2007-12-04,227.12,230.75,223.28,227.19,9273830,32.55,33.07,32,32.56,64708000,2026-02-06T03:45:43Z
C,2007-12-05,235.07,235.49,228.3,229,9500990,33.69,33.75,32.72,32.82,66293000,2026-02-06T03:45:43Z
C,2007-12-06,239.68,240.16,234.09,234.09,7864384,34.35,34.42,33.55,33.55,54873600,2026-02-06T03:45:43Z
C,2007-12-07,239.4,241.56,234.09,240.58,7657218,34.31,34.62,33.55,34.48,53428100,2026-02-06T03:45:43Z
C,2007-12-10,242.61,245.82,239.68,240.3,8212545,34.77,35.23,34.35,34.44,57302900,2026-02-06T03:45:43Z
C,2007-12-11,231.86,246.24,231.16,243.44,12279482,33.23,35.29,33.13,34.89,85679904,2026-02-06T03:45:43Z
C,2007-12-12,219.58,237.93,213.51,236.75,25502247,31.47,34.1,30.6,33.93,177941504,2026-02-06T03:45:43Z
C,2007-12-13,216.37,218.53,211.21,217,13695586,31.01,31.32,30.27,31.1,95560704,2026-02-06T03:45:43Z
C,2007-12-14,214.21,223.63,211.21,213.79,15108702,30.7,32.05,30.27,30.64,105420704,2026-02-06T03:45:43Z
C,2007-12-17,214.7,218.53,210.09,210.58,12444198,30.77,31.32,30.11,30.18,86829200,2026-02-06T03:45:43Z
C,2007-12-18,211.98,218.95,208.77,217.84,11689861,30.38,31.38,29.92,31.22,81565800,2026-02-06T03:45:43Z
C,2007-12-19,210.79,217.07,209.74,212.95,10791726,30.21,31.11,30.06,30.52,75299104,2026-02-06T03:45:43Z
C,2007-12-20,208.56,212.46,204.72,212.46,13256969,29.89,30.45,29.34,30.45,92500304,2026-02-06T03:45:43Z
C,2007-12-21,211,212.95,209.25,211.49,12267431,30.24,30.52,29.99,30.31,85595800,2026-02-06T03:45:43Z
C,2007-12-24,216.16,217.28,211.42,211.49,4546711,30.98,31.14,30.3,30.31,31724600,2026-02-06T03:45:43Z
C,2007-12-26,212.46,215.95,211.14,214.91,5825495,30.45,30.95,30.26,30.8,40647300,2026-02-06T03:45:43Z
C,2007-12-27,206.25,209.74,205.7,207.37,8817047,29.56,30.06,29.48,29.72,61520800,2026-02-06T03:45:43Z
C,2007-12-28,204.37,208.21,202.56,207.79,8237338,29.29,29.84,29.03,29.78,57475900,2026-02-06T03:45:43Z
C,2007-12-31,205.42,207.16,200.95,203.32,9376404,29.44,29.69,28.8,29.14,65423700,2026-02-06T03:45:43Z
C,2008-01-02,201.79,208.56,201.3,207.44,8904715,28.92,29.89,28.85,29.73,62132500,2026-02-06T03:45:43Z
C,2008-01-03,201.86,205.07,201.58,203.88,8548439,28.93,29.39,28.89,29.22,59646600,2026-02-06T03:45:43Z
C,2008-01-04,197.04,202.56,195.65,199.63,10812639,28.24,29.03,28.04,28.61,75445000,2026-02-06T03:45:43Z
C,2008-01-07,197.18,200.67,194.88,197.74,9877457,28.26,28.76,27.93,28.34,68919800,2026-02-06T03:45:43Z
C,2008-01-08,189.37,200.25,188.46,198.58,14327128,27.14,28.7,27.01,28.46,99967296,2026-02-06T03:45:43Z
C,2008-01-09,191.81,192.58,184.9,189.44,15452634,27.49,27.6,26.5,27.15,107820496,2026-02-06T03:45:43Z
C,2008-01-10,196.14,199.35,187.83,188.25,15132853,28.11,28.57,26.92,26.98,105589200,2026-02-06T03:45:43Z
C,2008-01-11,199.28,204.23,192.58,194.6,12744983,28.56,29.27,27.6,27.89,88927904,2026-02-06T03:45:43Z
C,2008-01-14,202.77,203.6,198.02,202,13515207,29.06,29.18,28.38,28.95,94302096,2026-02-06T03:45:43Z
C,2008-01-15,187.97,197.88,186.37,197.18,31652042,26.94,28.36,26.71,28.26,220851600,2026-02-06T03:45:43Z
C,2008-01-16,183.09,190,180.72,188.39,28545028,26.24,27.23,25.9,27,199172400,2026-02-06T03:45:43Z
C,2008-01-17,174.16,192.37,171.65,185.04,33287601,24.96,27.57,24.6,26.52,232263696,2026-02-06T03:45:43Z
C,2008-01-18,170.6,175.48,166.9,171.16,28258580,24.45,25.15,23.92,24.53,197173696,2026-02-06T03:45:43Z
C,2008-01-22,170.25,177.09,156.02,156.02,30209016,24.4,25.38,22.36,22.36,210782896,2026-02-06T03:45:43Z
C,2008-01-23,183.93,187.69,165.23,167.32,27174619,26.36,26.9,23.68,23.98,189610400,2026-02-06T03:45:43Z
C,2008-01-24,190.69,191.74,184.9,186.65,19453231,27.33,27.48,26.5,26.75,135734592,2026-02-06T03:45:43Z
C,2008-01-25,185.88,196.07,181.97,195.37,15810160,26.64,28.1,26.08,28,110315104,2026-02-06T03:45:43Z
C,2008-01-28,192.93,193.07,182.46,184.9,11991157,27.65,27.67,26.15,26.5,83668096,2026-02-06T03:45:43Z
C,2008-01-29,194.74,197.95,191.88,194.67,11699273,27.91,28.37,27.5,27.9,81631504,2026-02-06T03:45:43Z
C,2008-01-30,194.53,203.25,190.42,193.21,19338349,27.88,29.13,27.29,27.69,134932992,2026-02-06T03:45:43Z
C,2008-01-31,198.84,202.58,186.7,190.58,19636838,28.17,28.7,26.45,27,138606592,2026-02-06T03:45:43Z
C,2008-02-01,209.57,209.85,199.54,199.61,17052225,29.69,29.73,28.27,28.28,120363104,2026-02-06T03:45:43Z
C,2008-02-04,206.25,208.51,204.06,207.1,12008632,29.22,29.54,28.91,29.34,84762896,2026-02-06T03:45:43Z
C,2008-02-05,190.93,202.58,190.65,202.23,15469393,27.05,28.7,27.01,28.65,109190704,2026-02-06T03:45:43Z
C,2008-02-06,190.01,195.59,188.74,192.77,10438593,26.92,27.71,26.74,27.31,73680800,2026-02-06T03:45:43Z
C,2008-02-07,188.46,192.27,185.71,188.81,15189208,26.7,27.24,26.31,26.75,107213000,2026-02-06T03:45:43Z
C,2008-02-08,183.73,188.04,181.47,187.83,11597467,26.03,26.64,25.71,26.61,81860704,2026-02-06T03:45:43Z
C,2008-02-11,182.18,185.22,179.15,185.14,10100691,25.81,26.24,25.38,26.23,71295696,2026-02-06T03:45:43Z
C,2008-02-12,185,189.17,182.96,184.58,12051851,26.21,26.8,25.92,26.15,85068000,2026-02-06T03:45:43Z
C,2008-02-13,185.92,189.1,181.05,187.62,14702860,26.34,26.79,25.65,26.58,103780096,2026-02-06T03:45:43Z
C,2008-02-14,181.69,186.13,181.4,184.86,9297087,25.74,26.37,25.7,26.19,65623500,2026-02-06T03:45:43Z
C,2008-02-15,179.85,183.24,176.46,179.92,12378017,25.48,25.96,25,25.49,87370200,2026-02-06T03:45:43Z
C,2008-02-19,178.72,183.1,177.59,182.32,9911256,25.32,25.94,25.16,25.83,69958600,2026-02-06T03:45:43Z
C,2008-02-20,179.92,182.81,172.79,177.24,10504982,25.49,25.9,24.48,25.11,74149400,2026-02-06T03:45:43Z
C,2008-02-21,176.82,182.53,176.46,180.91,11100065,25.05,25.86,25,25.63,78349800,2026-02-06T03:45:43Z
C,2008-02-22,177.31,177.66,171.24,177.1,12289156,25.12,25.17,24.26,25.09,86743000,2026-02-06T03:45:43Z
C,2008-02-25,174.63,176.39,170.46,173.99,17004074,24.74,24.99,24.15,24.65,120023200,2026-02-06T03:45:43Z
C,2008-02-26,176.11,179.78,172.23,172.65,15250272,24.95,25.47,24.4,24.46,107644000,2026-02-06T03:45:43Z
C,2008-02-27,181.54,183.52,174.13,174.34,12431000,25.72,26,24.67,24.7,87744200,2026-02-06T03:45:43Z
C,2008-02-28,176.53,180.7,175.9,179.71,8814747,25.01,25.6,24.92,25.46,62218900,2026-02-06T03:45:43Z
C,2008-02-29,167.36,174.56,165.8,174.06,14166810,23.71,24.73,23.49,24.66,99996400,2026-02-06T03:45:43Z
C,2008-03-03,162.98,167.43,160.93,167.29,14471210,23.09,23.72,22.8,23.7,102145000,2026-02-06T03:45:43Z
C,2008-03-04,155.99,158.82,149.85,156.91,26587895,22.1,22.5,21.23,22.23,187670592,2026-02-06T03:45:43Z
C,2008-03-05,156.35,163.26,154.44,157.55,15913416,22.15,23.13,21.88,22.32,112324800,2026-02-06T03:45:43Z
C,2008-03-06,149.43,154.93,148.79,154.93,12317789,21.17,21.95,21.08,21.95,86945104,2026-02-06T03:45:43Z
C,2008-03-07,147.59,153.1,143.99,146.46,14269522,20.91,21.69,20.4,20.75,100721400,2026-02-06T03:45:43Z
C,2008-03-10,138.98,149,138.98,148.02,16549486,19.69,21.11,19.69,20.97,116814496,2026-02-06T03:45:43Z
C,2008-03-11,151.69,152.18,143.29,147.52,19580188,21.49,21.56,20.3,20.9,138206704,2026-02-06T03:45:43Z
C,2008-03-12,149.71,160.09,149,152.68,17010114,21.21,22.68,21.11,21.63,120065904,2026-02-06T03:45:43Z
C,2008-03-13,148.72,150.35,141.45,146.04,19541802,21.07,21.3,20.04,20.69,137935808,2026-02-06T03:45:43Z
C,2008-03-14,139.62,152.32,137.92,151.55,23747983,19.78,21.58,19.54,21.47,167625104,2026-02-06T03:45:43Z
C,2008-03-17,131.43,136.44,126.98,128.82,25723041,18.62,19.33,17.99,18.25,181566000,2026-02-06T03:45:43Z
C,2008-03-18,146.18,146.46,135.66,140.04,21594735,20.71,20.75,19.22,19.84,152426400,2026-02-06T03:45:43Z
C,2008-03-19,144.06,152.82,142.65,148.23,19423190,20.41,21.65,20.21,21,137098592,2026-02-06T03:45:43Z
C,2008-03-20,158.82,159.8,144.06,146.25,25628372,22.5,22.64,20.41,20.72,180897792,2026-02-06T03:45:43Z
C,2008-03-24,164.25,171.94,161.22,162.06,18253140,23.27,24.36,22.84,22.96,128839800,2026-02-06T03:45:43Z
C,2008-03-25,165.31,168.34,162.98,162.98,13023806,23.42,23.85,23.09,23.09,91928496,2026-02-06T03:45:43Z
C,2008-03-26,155.64,160.93,154.37,159.8,17455922,22.05,22.8,21.87,22.64,123212600,2026-02-06T03:45:43Z
C,2008-03-27,153.8,158.25,151.83,156.21,15108395,21.79,22.42,21.51,22.13,106642600,2026-02-06T03:45:43Z
C,2008-03-28,147.03,155.07,146.11,154.16,12049264,20.83,21.97,20.7,21.84,85049696,2026-02-06T03:45:43Z
C,2008-03-31,151.19,152.39,144.13,146.82,12698554,21.42,21.59,20.42,20.8,89632704,2026-02-06T03:45:43Z
C,2008-04-01,168.27,168.56,159.38,159.59,19168749,23.84,23.88,22.58,22.61,135302592,2026-02-06T03:45:43Z
C,2008-04-02,169.55,176.81,167.99,169.76,21728321,24.02,25.05,23.8,24.05,153369296,2026-02-06T03:45:43Z
C,2008-04-03,171.94,174.63,166.3,167.29,10836838,24.36,24.74,23.56,23.7,76491800,2026-02-06T03:45:43Z
C,2008-04-04,169.97,172.93,166.02,172.51,10394834,24.08,24.5,23.52,24.44,73371904,2026-02-06T03:45:43Z
C,2008-04-07,173.64,177.8,172.16,175.4,12648026,24.6,25.19,24.39,24.85,89276096,2026-02-06T03:45:43Z
C,2008-04-08,167.71,171.94,165.94,171.59,11189079,23.76,24.36,23.51,24.31,78978096,2026-02-06T03:45:43Z
C,2008-04-09,166.44,171.52,166.16,170.18,11994958,23.58,24.3,23.54,24.11,84666400,2026-02-06T03:45:43Z
C,2008-04-10,167.36,169.9,163.05,165.88,11197254,23.71,24.07,23.1,23.5,79035800,2026-02-06T03:45:43Z
C,2008-04-11,164.89,171.66,164.11,164.39,9842447,23.36,24.32,23.25,23.29,69472896,2026-02-06T03:45:43Z
C,2008-04-14,158.89,163.4,156.56,163.26,11290475,22.51,23.15,22.18,23.13,79693800,2026-02-06T03:45:43Z
C,2008-04-15,160.93,162.42,158.6,160.79,7809392,22.8,23.01,22.47,22.78,55122600,2026-02-06T03:45:43Z
C,2008-04-16,165.45,166.93,161.64,165.17,10287752,23.44,23.65,22.9,23.4,72616096,2026-02-06T03:45:43Z
C,2008-04-17,169.62,171.94,162.06,162.7,11418094,24.03,24.36,22.96,23.05,80594600,2026-02-06T03:45:43Z
C,2008-04-18,177.24,183.52,176.67,181.47,20552558,25.11,26,25.03,25.71,145070208,2026-02-06T03:45:43Z
C,2008-04-21,176.67,177.17,171.03,175.19,9530923,25.03,25.1,24.23,24.82,67274000,2026-02-06T03:45:43Z
C,2008-04-22,177.31,178.72,173.85,176.75,8600114,25.12,25.32,24.63,25.04,60703900,2026-02-06T03:45:43Z
C,2008-04-23,173.85,178.93,172.79,176.96,9736887,24.63,25.35,24.48,25.07,68727800,2026-02-06T03:45:43Z
C,2008-04-24,181.83,184.72,174.27,174.34,12112732,25.76,26.17,24.69,24.7,85497696,2026-02-06T03:45:43Z
C,2008-04-25,187.76,188.11,182.18,184.93,13796274,26.6,26.65,25.81,26.2,97381000,2026-02-06T03:45:43Z
C,2008-04-28,189.24,193.05,183.59,188.46,10633709,26.81,27.35,26.01,26.7,75058000,2026-02-06T03:45:43Z
C,2008-04-29,185.78,191.85,185.36,189.17,8160588,26.32,27.18,26.26,26.8,57601500,2026-02-06T03:45:43Z
C,2008-04-30,178.37,182.67,178.23,180.06,21106606,25.27,25.88,25.25,25.51,148980992,2026-02-06T03:45:43Z
C,2008-05-01,185.8,187.3,179.8,180.37,11820335,25.99,26.2,25.15,25.23,84503904,2026-02-06T03:45:43Z
C,2008-05-02,188.66,193.02,187.59,191.74,10828873,26.39,27,26.24,26.82,77415904,2026-02-06T03:45:43Z
C,2008-05-05,184.09,189.02,183.8,188.73,8812623,25.75,26.44,25.71,26.4,63001700,2026-02-06T03:45:43Z
C,2008-05-06,184.95,186.95,179.08,182.3,11072174,25.87,26.15,25.05,25.5,79155296,2026-02-06T03:45:43Z
C,2008-05-07,175.01,186.52,173.44,186.09,12371388,24.48,26.09,24.26,26.03,88443400,2026-02-06T03:45:43Z
C,2008-05-08,173.72,177.3,171.58,177.08,11050647,24.3,24.8,24,24.77,79001400,2026-02-06T03:45:43Z
C,2008-05-09,168.93,176.22,168.29,174.51,12034925,23.63,24.65,23.54,24.41,86038000,2026-02-06T03:45:43Z
C,2008-05-12,169,172.22,167,169.57,9626582,23.64,24.09,23.36,23.72,68820704,2026-02-06T03:45:43Z
C,2008-05-13,164.64,170.72,163.86,169.43,9376701,23.03,23.88,22.92,23.7,67034300,2026-02-06T03:45:43Z
C,2008-05-14,166.21,166.93,163.93,165.93,9002076,23.25,23.35,22.93,23.21,64356100,2026-02-06T03:45:43Z
C,2008-05-15,169.65,169.72,164.43,166.5,9899809,23.73,23.74,23,23.29,70774000,2026-02-06T03:45:43Z
C,2008-05-16,165.29,170.22,165,170.22,9414875,23.12,23.81,23.08,23.81,67307200,2026-02-06T03:45:43Z
C,2008-05-19,164.36,168.22,163.5,166,8250139,22.99,23.53,22.87,23.22,58980500,2026-02-06T03:45:43Z
C,2008-05-20,158.06,163.35,157.35,163,12550532,22.11,22.85,22.01,22.8,89724096,2026-02-06T03:45:43Z
C,2008-05-21,150.56,159.28,150.2,158.21,15867614,21.06,22.28,21.01,22.13,113438000,2026-02-06T03:45:43Z
C,2008-05-22,155.28,156.49,151.06,151.63,12825714,21.72,21.89,21.13,21.21,91691400,2026-02-06T03:45:43Z
C,2008-05-23,150.99,155.78,150.7,155.49,9172210,21.12,21.79,21.08,21.75,65572400,2026-02-06T03:45:43Z
C,2008-05-27,154.85,155.71,151.56,152.06,9613232,21.66,21.78,21.2,21.27,68725296,2026-02-06T03:45:43Z
C,2008-05-28,154.42,157.92,150.99,157.56,9843156,21.6,22.09,21.12,22.04,70369000,2026-02-06T03:45:43Z
C,2008-05-29,157.56,159.07,153.85,153.92,10165393,22.04,22.25,21.52,21.53,72672704,2026-02-06T03:45:43Z
C,2008-05-30,156.49,160.28,156.28,159.21,7489648,21.89,22.42,21.86,22.27,53543700,2026-02-06T03:45:43Z
C,2008-06-02,153.42,156.28,150.13,155.13,8774238,21.46,21.86,21,21.7,62727300,2026-02-06T03:45:43Z
C,2008-06-03,153.13,155.56,150.34,154.71,10076600,21.42,21.76,21.03,21.64,72037904,2026-02-06T03:45:43Z
C,2008-06-04,150.7,156.13,148.99,152.63,12750167,21.08,21.84,20.84,21.35,91151296,2026-02-06T03:45:43Z
C,2008-06-05,151.7,154.85,149.41,152.2,12285612,21.22,21.66,20.9,21.29,87830200,2026-02-06T03:45:43Z
C,2008-06-06,143.41,150.42,142.98,150.2,15978984,20.06,21.04,20,21.01,114234200,2026-02-06T03:45:43Z
C,2008-06-09,140.12,145.12,138.69,144.05,15497276,19.6,20.3,19.4,20.15,110790496,2026-02-06T03:45:43Z
C,2008-06-10,144.84,146.84,139.34,139.55,13819782,20.26,20.54,19.49,19.52,98798000,2026-02-06T03:45:43Z
C,2008-06-11,137.33,146.27,136.4,145.77,15229360,19.21,20.46,19.08,20.39,108875104,2026-02-06T03:45:43Z
C,2008-06-12,142.19,144.62,139.05,139.26,13717847,19.89,20.23,19.45,19.48,98069296,2026-02-06T03:45:43Z
C,2008-06-13,146.41,146.56,142.27,144.34,9526497,20.48,20.5,19.9,20.19,68105200,2026-02-06T03:45:43Z
C,2008-06-16,148.91,153.63,145.7,145.91,10349627,20.83,21.49,20.38,20.41,73989800,2026-02-06T03:45:43Z
C,2008-06-17,146.27,152.56,145.55,151.56,9909669,20.46,21.34,20.36,21.2,70844496,2026-02-06T03:45:43Z
C,2008-06-18,145.84,148.2,141.69,143.91,11988690,20.4,20.73,19.82,20.13,85707504,2026-02-06T03:45:43Z
C,2008-06-19,144.2,148.06,138.76,146.34,21232324,20.17,20.71,19.41,20.47,151790496,2026-02-06T03:45:43Z
C,2008-06-20,137.98,142.34,135.83,140.48,21205197,19.3,19.91,19,19.65,151596496,2026-02-06T03:45:43Z
C,2008-06-23,132.61,139.34,131.83,138.69,12342038,18.55,19.49,18.44,19.4,88233600,2026-02-06T03:45:43Z
C,2008-06-24,134.76,137.69,131.04,132.61,13026216,18.85,19.26,18.33,18.55,93124800,2026-02-06T03:45:43Z
C,2008-06-25,134.76,141.12,134.04,136.76,16826928,18.85,19.74,18.75,19.13,120296200,2026-02-06T03:45:43Z
C,2008-06-26,126.32,129.9,125.32,129.11,24241536,17.67,18.17,17.53,18.06,173303392,2026-02-06T03:45:43Z
C,2008-06-27,123.32,127.97,120.89,127.32,17691598,17.25,17.9,16.91,17.81,126477696,2026-02-06T03:45:43Z
C,2008-06-30,119.82,126.75,118.53,122.89,17436385,16.76,17.73,16.58,17.19,124653200,2026-02-06T03:45:43Z
C,2008-07-01,122.46,124.39,116.17,118.46,19343937,17.13,17.4,16.25,16.57,138290400,2026-02-06T03:45:43Z
C,2008-07-02,120.39,125.68,120.03,123.46,12486623,16.84,17.58,16.79,17.27,89267200,2026-02-06T03:45:43Z
C,2008-07-03,120.25,122.39,118.46,121.25,8118093,16.82,17.12,16.57,16.96,58036500,2026-02-06T03:45:43Z
C,2008-07-07,117.24,123.89,112.95,121.89,16140216,16.4,17.33,15.8,17.05,115386896,2026-02-06T03:45:43Z
C,2008-07-08,124.32,124.47,115.17,118.1,14744842,17.39,17.41,16.11,16.52,105411296,2026-02-06T03:45:43Z
C,2008-07-09,117.53,126.82,117.1,124.82,14128943,16.44,17.74,16.38,17.46,101008200,2026-02-06T03:45:43Z
C,2008-07-10,116.39,120.32,114.74,115.17,14583098,16.28,16.83,16.05,16.11,104255000,2026-02-06T03:45:43Z
C,2008-07-11,115.74,120.75,112.6,113.38,19056096,16.19,16.89,15.75,15.86,136232608,2026-02-06T03:45:43Z
C,2008-07-14,108.81,121.39,108.31,119.82,16602649,15.22,16.98,15.15,16.76,118692800,2026-02-06T03:45:43Z
C,2008-07-15,104.09,112.95,100.16,107.16,26452745,14.56,15.8,14.01,14.99,189111504,2026-02-06T03:45:43Z
C,2008-07-16,117.74,118.25,104.23,108.17,22221592,16.47,16.54,14.58,15.13,158862800,2026-02-06T03:45:43Z
C,2008-07-17,128.47,132.04,121.89,122.61,27375882,17.97,18.47,17.05,17.15,195710896,2026-02-06T03:45:43Z
C,2008-07-18,138.33,146.41,135.26,141.55,29908414,19.35,20.48,18.92,19.8,213816096,2026-02-06T03:45:43Z
C,2008-07-21,140.76,145.84,139.41,142.55,16364331,19.69,20.4,19.5,19.94,116989104,2026-02-06T03:45:43Z
C,2008-07-22,149.34,150.06,134.4,136.12,19411629,20.89,20.99,18.8,19.04,138774304,2026-02-06T03:45:43Z
C,2008-07-23,150.99,158.78,146.56,147.48,21899979,21.12,22.21,20.5,20.63,156563600,2026-02-06T03:45:43Z
C,2008-07-24,136.26,152.63,136.26,150.99,16440246,19.06,21.35,19.06,21.12,117531800,2026-02-06T03:45:43Z
C,2008-07-25,134.76,141.05,132.54,137.33,14292709,18.85,19.73,18.54,19.21,102179000,2026-02-06T03:45:43Z
C,2008-07-28,124.61,136.33,123.18,134.54,17009104,17.43,19.07,17.23,18.82,121598600,2026-02-06T03:45:43Z
C,2008-07-29,131.9,133.04,118.1,121.18,20595354,18.45,18.61,16.52,16.95,147236800,2026-02-06T03:45:43Z
C,2008-07-30,134.47,140.26,128.97,135.47,14865155,18.81,19.62,18.04,18.95,106271400,2026-02-06T03:45:43Z
C,2008-07-31,135.93,139.85,130.47,133.82,11683068,18.69,19.23,17.94,18.4,84968096,2026-02-06T03:45:43Z
C,2008-08-01,137.24,138.69,131.64,137.46,11567609,18.87,19.07,18.1,18.9,84128400,2026-02-06T03:45:43Z
C,2008-08-04,136.95,140.51,130.84,134.76,11935049,18.83,19.32,17.99,18.53,86800704,2026-02-06T03:45:43Z
C,2008-08-05,144.87,145.6,138.91,141.16,12717103,19.92,20.02,19.1,19.41,92488400,2026-02-06T03:45:43Z
C,2008-08-06,143.27,147.13,140,142.84,9266540,19.7,20.23,19.25,19.64,67393296,2026-02-06T03:45:43Z
C,2008-08-07,134.33,143.13,133.31,140.22,13866448,18.47,19.68,18.33,19.28,100847296,2026-02-06T03:45:43Z
C,2008-08-08,141.02,143.06,133.75,133.96,11288872,19.39,19.67,18.39,18.42,82101200,2026-02-06T03:45:43Z
C,2008-08-11,144.15,149.09,139.71,139.93,10193221,19.82,20.5,19.21,19.24,74132800,2026-02-06T03:45:43Z
C,2008-08-12,134.84,143.35,133.46,143.2,11413224,18.54,19.71,18.35,19.69,83005600,2026-02-06T03:45:43Z
C,2008-08-13,129.53,133.96,126.76,133.89,12840220,17.81,18.42,17.43,18.41,93383800,2026-02-06T03:45:43Z
C,2008-08-14,131.49,134.18,128.8,128.95,8808973,18.08,18.45,17.71,17.73,64065500,2026-02-06T03:45:43Z
C,2008-08-15,134.91,136.36,132.29,133.53,8915397,18.55,18.75,18.19,18.36,64839500,2026-02-06T03:45:43Z
C,2008-08-18,128.15,135.64,128.07,135.64,10226431,17.62,18.65,17.61,18.65,74374304,2026-02-06T03:45:43Z
C,2008-08-19,125.02,128.51,123.78,127.78,10773790,17.19,17.67,17.02,17.57,78355104,2026-02-06T03:45:43Z
C,2008-08-20,127.2,127.42,122.55,125.09,11784129,17.49,17.52,16.85,17.2,85703104,2026-02-06T03:45:43Z
C,2008-08-21,127.06,127.64,122.84,124.36,8381020,17.47,17.55,16.89,17.1,60953100,2026-02-06T03:45:43Z
C,2008-08-22,131.93,132.66,128.66,131.06,8582991,18.14,18.24,17.69,18.02,62422000,2026-02-06T03:45:43Z
C,2008-08-25,128.07,133.09,127.78,130.91,8465432,17.61,18.3,17.57,18,61567000,2026-02-06T03:45:43Z
C,2008-08-26,129.75,131.2,127.49,128.95,6919127,17.84,18.04,17.53,17.73,50321100,2026-02-06T03:45:43Z
C,2008-08-27,131.78,132.66,128.8,130.98,7744218,18.12,18.24,17.71,18.01,56321800,2026-02-06T03:45:43Z
C,2008-08-28,138.76,138.84,132.8,134.11,11103256,19.08,19.09,18.26,18.44,80751296,2026-02-06T03:45:43Z
C,2008-08-29,138.11,139.27,135.49,137.09,7213291,18.99,19.15,18.63,18.85,52460500,2026-02-06T03:45:43Z
C,2008-09-02,138.98,144.15,137.31,142.76,10971775,19.11,19.82,18.88,19.63,79795000,2026-02-06T03:45:43Z
C,2008-09-03,142.62,142.98,136.51,139.06,8749574,19.61,19.66,18.77,19.12,63633500,2026-02-06T03:45:43Z
C,2008-09-04,133.09,141.6,132.44,140.36,11083351,18.3,19.47,18.21,19.3,80606496,2026-02-06T03:45:43Z
C,2008-09-05,138.69,139.49,130.4,131.27,11542904,19.07,19.18,17.93,18.05,83948704,2026-02-06T03:45:43Z
C,2008-09-08,147.78,152.36,141.82,151.56,23434570,20.32,20.95,19.5,20.84,170433904,2026-02-06T03:45:43Z
C,2008-09-09,137.31,148.22,136.8,145.6,15982845,18.88,20.38,18.81,20.02,116239296,2026-02-06T03:45:43Z
C,2008-09-10,135.85,139.93,132.22,139.35,12409966,18.68,19.24,18.18,19.16,90254600,2026-02-06T03:45:43Z
C,2008-09-11,135.35,135.85,128.22,129.75,18418849,18.61,18.68,17.63,17.84,133955800,2026-02-06T03:45:43Z
C,2008-09-12,130.62,137.38,128.87,132.29,15111424,17.96,18.89,17.72,18.19,109901696,2026-02-06T03:45:43Z
C,2008-09-15,110.84,128.58,106.91,119.2,37125527,15.24,17.68,14.7,16.39,270004896,2026-02-06T03:45:43Z
C,2008-09-16,114.55,116.44,102.55,103.71,35161914,15.75,16.01,14.1,14.26,255724000,2026-02-06T03:45:43Z
C,2008-09-17,102.04,110.76,94.76,109.09,42928515,14.03,15.23,13.03,15,312208384,2026-02-06T03:45:43Z
C,2008-09-18,121.09,126.55,93.45,106.4,47057697,16.65,17.4,12.85,14.63,342239200,2026-02-06T03:45:43Z
C,2008-09-19,150.18,163.85,138.18,157.82,36493059,20.65,22.53,19,21.7,265405104,2026-02-06T03:45:43Z
C,2008-09-22,145.53,149.53,141.82,145.16,16184035,20.01,20.56,19.5,19.96,117702496,2026-02-06T03:45:43Z
C,2008-09-23,145.38,145.46,131.78,143.93,11711042,19.99,20,18.12,19.79,85171504,2026-02-06T03:45:43Z
C,2008-09-24,137.89,145.46,136.73,145.46,12023493,18.96,20,18.8,20,87443904,2026-02-06T03:45:43Z
C,2008-09-25,141.16,146.69,138.47,140.36,12857065,19.41,20.17,19.04,19.3,93506304,2026-02-06T03:45:43Z
C,2008-09-26,146.55,148.51,132,133.46,15456688,20.15,20.42,18.15,18.35,112412704,2026-02-06T03:45:43Z
C,2008-09-29,129.09,159.27,129.09,142.33,27200971,17.75,21.9,17.75,19.57,197826000,2026-02-06T03:45:43Z
C,2008-09-30,149.16,153.96,137.75,138.84,15566604,20.51,21.17,18.94,19.09,113212096,2026-02-06T03:45:43Z
C,2008-10-01,167.27,169.02,145.82,151.64,21595497,23,23.24,20.05,20.85,157058704,2026-02-06T03:45:43Z
C,2008-10-02,163.64,170.91,160,168.44,14956325,22.5,23.5,22,23.16,108773696,2026-02-06T03:45:43Z
C,2008-10-03,133.46,152,128.73,141.46,40670819,18.35,20.9,17.7,19.45,295788800,2026-02-06T03:45:43Z
C,2008-10-06,126.62,131.78,117.09,125.45,21893566,17.41,18.12,16.1,17.25,159226592,2026-02-06T03:45:43Z
C,2008-10-07,110.18,132.36,109.09,131.93,17572233,15.15,18.2,15,18.14,127798496,2026-02-06T03:45:43Z
C,2008-10-08,104.73,118.47,102.18,106.11,21461201,14.4,16.29,14.05,14.59,156082096,2026-02-06T03:45:43Z
C,2008-10-09,94.04,112.73,94.04,111.78,26037595,12.93,15.5,12.93,15.37,189364992,2026-02-06T03:45:43Z
C,2008-10-10,102.62,107.64,87.27,87.56,35872835,14.11,14.8,12,12.04,260894400,2026-02-06T03:45:43Z
C,2008-10-13,114.55,118.25,105.6,114.18,22530688,15.75,16.26,14.52,15.7,163860192,2026-02-06T03:45:43Z
C,2008-10-14,135.42,140,126.25,134.4,34864282,18.62,19.25,17.36,18.48,253559392,2026-02-06T03:45:43Z
C,2008-10-15,118.04,130.4,116.36,127.2,21062503,16.23,17.93,16,17.49,153182400,2026-02-06T03:45:43Z
C,2008-10-16,115.64,122.76,106.55,116.51,23499045,15.9,16.88,14.65,16.02,170902800,2026-02-06T03:45:43Z
C,2008-10-17,108.22,122.4,107.71,112.15,21640699,14.88,16.83,14.81,15.42,157387504,2026-02-06T03:45:43Z
C,2008-10-20,109.75,112,106.84,110.4,14740213,15.09,15.4,14.69,15.18,107202000,2026-02-06T03:45:43Z
C,2008-10-21,103.13,107.64,99.2,105.75,23560361,14.18,14.8,13.64,14.54,171348800,2026-02-06T03:45:43Z
C,2008-10-22,96.87,103.27,94.62,99.64,18854037,13.32,14.2,13.01,13.7,137120800,2026-02-06T03:45:43Z
C,2008-10-23,95.35,98.91,90.91,96.51,19904622,13.11,13.6,12.5,13.27,144761408,2026-02-06T03:45:43Z
C,2008-10-24,88.29,93.09,86.91,87.2,17658187,12.14,12.8,11.95,11.99,128423600,2026-02-06T03:45:43Z
C,2008-10-27,85.31,92.8,84.73,88,16789198,11.73,12.76,11.65,12.1,122103696,2026-02-06T03:45:43Z
C,2008-10-28,97.96,98.55,83.93,89.09,20744438,13.47,13.55,11.54,12.25,150869200,2026-02-06T03:45:43Z
C,2008-10-29,93.89,101.53,93.02,96.51,17948791,12.91,13.96,12.79,13.27,130537200,2026-02-06T03:45:43Z
C,2008-10-30,96.54,99.41,93.97,99.27,13693866,13.11,13.5,12.76,13.48,100841904,2026-02-06T03:45:43Z
C,2008-10-31,100.52,101.77,94.85,95.07,12491923,13.65,13.82,12.88,12.91,91990800,2026-02-06T03:45:43Z
C,2008-11-03,103.02,104.79,99.12,100.67,9648509,13.99,14.23,13.46,13.67,71051800,2026-02-06T03:45:43Z
C,2008-11-04,108.1,109.06,105.38,106.19,10892597,14.68,14.81,14.31,14.42,80213296,2026-02-06T03:45:43Z
C,2008-11-05,93.01,107.52,91.9,106.19,14586988,12.63,14.6,12.48,14.42,107418896,2026-02-06T03:45:43Z
C,2008-11-06,84.83,96.25,83.29,91.98,20768031,11.52,13.07,11.31,12.49,152936192,2026-02-06T03:45:43Z
C,2008-11-07,87.04,88.66,84.32,87.41,13543460,11.82,12.04,11.45,11.87,99734304,2026-02-06T03:45:43Z
C,2008-11-10,82.55,90.43,81.37,89.84,12255135,11.21,12.28,11.05,12.2,90247104,2026-02-06T03:45:43Z
C,2008-11-11,79.53,83.14,76.14,81.67,19060246,10.8,11.29,10.34,11.09,140360000,2026-02-06T03:45:43Z
C,2008-11-12,70.99,81.45,70.11,78.28,21834596,9.64,11.06,9.52,10.63,160790496,2026-02-06T03:45:43Z
C,2008-11-13,69.59,72.9,60.9,71.8,37638097,9.45,9.9,8.27,9.75,277167712,2026-02-06T03:45:43Z
C,2008-11-14,70.11,74.45,64.73,71.95,38227851,9.52,10.11,8.79,9.77,281510784,2026-02-06T03:45:43Z
C,2008-11-17,65.47,72.24,64.44,68.93,22760460,8.89,9.81,8.75,9.36,167608400,2026-02-06T03:45:43Z
C,2008-11-18,61.56,66.2,58.1,65.98,28889386,8.36,8.99,7.89,8.96,212742000,2026-02-06T03:45:43Z
C,2008-11-19,47.13,61.34,46.02,60.31,46391656,6.4,8.33,6.25,8.19,341628896,2026-02-06T03:45:43Z
C,2008-11-20,34.68,46.76,32.33,45.14,98308445,4.71,6.35,4.39,6.13,723944704,2026-02-06T03:45:43Z
C,2008-11-21,27.76,40.72,22.46,39.99,139580436,3.77,5.53,3.05,5.43,1027874688,2026-02-06T03:45:43Z
C,2008-11-24,43.82,47.87,38.66,45.66,109195738,5.95,6.5,5.25,6.2,804119168,2026-02-06T03:45:43Z
C,2008-11-25,44.77,48.45,42.34,47.06,62901341,6.08,6.58,5.75,6.39,463206304,2026-02-06T03:45:43Z
C,2008-11-26,51.92,54.42,44.77,45.44,51850048,7.05,7.39,6.08,6.17,381824512,2026-02-06T03:45:43Z
C,2008-11-28,61.05,62.45,54.64,54.79,34140402,8.29,8.48,7.42,7.44,251410496,2026-02-06T03:45:43Z
C,2008-12-01,47.5,58.32,46.69,58.18,42779137,6.45,7.92,6.34,7.9,315026208,2026-02-06T03:45:43Z
C,2008-12-02,53.17,54.94,43.74,50.81,44406018,7.22,7.46,5.94,6.9,327006688,2026-02-06T03:45:43Z
C,2008-12-03,57.59,57.73,49.19,50.59,42661612,7.82,7.84,6.68,6.87,314160800,2026-02-06T03:45:43Z
C,2008-12-04,54.49,59.65,53.76,56.04,35259578,7.4,8.1,7.3,7.61,259652496,2026-02-06T03:45:43Z
C,2008-12-05,56.78,61.56,52.8,53.39,29229466,7.71,8.36,7.17,7.25,215246400,2026-02-06T03:45:43Z
C,2008-12-08,62.37,63.55,59.06,60.61,31112975,8.47,8.63,8.02,8.23,229116400,2026-02-06T03:45:43Z
C,2008-12-09,62.89,66.28,60.38,61.12,29475397,8.54,9,8.2,8.3,217057296,2026-02-06T03:45:43Z
C,2008-12-10,61.12,65.02,59.28,64.29,22193818,8.3,8.83,8.05,8.73,163435808,2026-02-06T03:45:43Z
C,2008-12-11,55.75,60.02,55.52,59.58,22494150,7.57,8.15,7.54,8.09,165647296,2026-02-06T03:45:43Z
C,2008-12-12,56.7,57.81,51.33,52.06,20234081,7.7,7.85,6.97,7.07,149004304,2026-02-06T03:45:43Z
C,2008-12-15,54.49,57.29,53.24,57,13783476,7.4,7.78,7.23,7.74,101501904,2026-02-06T03:45:43Z
C,2008-12-16,60.61,61.34,54.64,55.89,27847391,8.23,8.33,7.42,7.59,205068800,2026-02-06T03:45:43Z
C,2008-12-17,57.66,60.38,57.44,59.72,21091310,7.83,8.2,7.8,8.11,155316896,2026-02-06T03:45:43Z
C,2008-12-18,54.71,59.28,54.27,58.91,15144247,7.43,8.05,7.37,8,111522600,2026-02-06T03:45:43Z
C,2008-12-19,51.7,55.3,50.88,54.79,27506086,7.02,7.51,6.91,7.44,202555296,2026-02-06T03:45:43Z
C,2008-12-22,49.71,53.39,48.16,52.65,18385011,6.75,7.25,6.54,7.15,135387504,2026-02-06T03:45:43Z
C,2008-12-23,48.01,50.96,47.94,50.74,14516189,6.52,6.92,6.51,6.89,106897504,2026-02-06T03:45:43Z
C,2008-12-24,49.93,50.08,48.09,48.23,5441670,6.78,6.8,6.53,6.55,40072600,2026-02-06T03:45:43Z
C,2008-12-26,49.56,51.77,49.12,50.37,6530707,6.73,7.03,6.67,6.84,48092300,2026-02-06T03:45:43Z
C,2008-12-29,48.38,50.44,47.94,50.3,8297317,6.57,6.85,6.51,6.83,61101600,2026-02-06T03:45:43Z
C,2008-12-30,50.08,50.22,48.09,49.04,9966819,6.8,6.82,6.53,6.66,73395800,2026-02-06T03:45:43Z
C,2008-12-31,49.41,51.84,48.75,49.49,12577837,6.71,7.04,6.62,6.72,92623504,2026-02-06T03:45:43Z
C,2009-01-02,52.58,52.73,49.71,50.59,14223848,7.14,7.16,6.75,6.87,104744704,2026-02-06T03:45:43Z
C,2009-01-05,52.14,55.23,51.77,52.43,17409364,7.08,7.5,7.03,7.12,128203000,2026-02-06T03:45:43Z
C,2009-01-06,54.94,55.82,53.61,53.68,15281935,7.46,7.58,7.28,7.29,112536496,2026-02-06T03:45:43Z
C,2009-01-07,52.65,54.79,52.14,53.17,14300502,7.15,7.44,7.08,7.22,105309104,2026-02-06T03:45:43Z
C,2009-01-08,52.73,54.05,51.4,52.28,14297362,7.16,7.34,6.98,7.1,105286096,2026-02-06T03:45:43Z
C,2009-01-09,49.71,53.68,49.04,53.54,19061734,6.75,7.29,6.66,7.27,140370896,2026-02-06T03:45:43Z
C,2009-01-12,41.24,48.23,39.55,48.16,40046689,5.6,6.55,5.37,6.54,294904512,2026-02-06T03:45:43Z
C,2009-01-13,43.45,43.89,37.26,38.15,37199531,5.9,5.96,5.06,5.18,273937984,2026-02-06T03:45:43Z
C,2009-01-14,33.36,38.29,32.7,36.97,69735659,4.53,5.2,4.44,5.02,513534688,2026-02-06T03:45:43Z
C,2009-01-15,28.2,34.17,24.74,34.17,86205271,3.83,4.64,3.36,4.64,634817472,2026-02-06T03:45:43Z
C,2009-01-16,25.77,32.99,25.33,31.08,57947811,3.5,4.48,3.44,4.22,426729312,2026-02-06T03:45:43Z
C,2009-01-20,20.62,26.36,20.62,25.41,52211691,2.8,3.58,2.8,3.45,384488800,2026-02-06T03:45:43Z
C,2009-01-21,27.03,27.03,21.87,22.98,42449184,3.67,3.67,2.97,3.12,312597184,2026-02-06T03:45:43Z
C,2009-01-22,22.9,25.92,22.17,25.18,39827368,3.11,3.52,3.01,3.42,293289504,2026-02-06T03:45:43Z
C,2009-01-23,25.55,26.36,21.95,22.09,36165886,3.47,3.58,2.98,3,266325792,2026-02-06T03:45:43Z
C,2009-01-26,24.52,27.61,24.3,27.03,28919337,3.33,3.75,3.3,3.67,212962704,2026-02-06T03:45:43Z
C,2009-01-27,26.14,26.8,24.52,25.7,24144285,3.55,3.64,3.33,3.49,177799200,2026-02-06T03:45:43Z
C,2009-01-28,31,31.89,29.75,31.59,51099481,4.21,4.33,4.04,4.29,376297312,2026-02-06T03:45:43Z
C,2009-01-29,28.79,30.19,28.79,29.45,22544478,3.9,4.09,3.9,3.99,166413504,2026-02-06T03:45:43Z
C,2009-01-30,26.2,29.45,26.2,29.45,26750751,3.55,3.99,3.55,3.99,197462000,2026-02-06T03:45:43Z
C,2009-02-02,26.94,27.46,24.51,25.02,23046316,3.65,3.72,3.32,3.39,170117792,2026-02-06T03:45:43Z
C,2009-02-03,25.54,28.42,23.03,28.42,22570240,3.46,3.85,3.12,3.85,166603600,2026-02-06T03:45:43Z
C,2009-02-04,25.76,28.2,25.47,26.2,25045412,3.49,3.82,3.45,3.55,184873904,2026-02-06T03:45:43Z
C,2009-02-05,26.06,27.46,23.62,25.54,29567889,3.53,3.72,3.2,3.46,218257104,2026-02-06T03:45:43Z
C,2009-02-06,28.86,30.04,23.47,23.47,35357186,3.91,4.07,3.18,3.18,260991200,2026-02-06T03:45:43Z
C,2009-02-09,29.16,30.26,28.57,29.97,23582828,3.95,4.1,3.87,4.06,174077696,2026-02-06T03:45:43Z
C,2009-02-10,24.73,29.75,24.06,29.6,40126118,3.35,4.03,3.26,4.01,296193088,2026-02-06T03:45:43Z
C,2009-02-11,27.24,27.24,24.95,26.35,21277618,3.69,3.69,3.38,3.57,157061696,2026-02-06T03:45:43Z
C,2009-02-12,26.65,27.02,25.17,25.91,17914011,3.61,3.66,3.41,3.51,132233200,2026-02-06T03:45:43Z
C,2009-02-13,25.76,27.46,25.76,25.98,18422128,3.49,3.72,3.49,3.52,135983808,2026-02-06T03:45:43Z
C,2009-02-17,22.59,24.43,22.59,23.99,26046006,3.06,3.31,3.06,3.25,192260400,2026-02-06T03:45:43Z
C,2009-02-18,21.48,23.62,21.04,23.47,25213999,2.91,3.2,2.85,3.18,186118304,2026-02-06T03:45:43Z
C,2009-02-19,18.53,22.22,18.45,22.14,31300606,2.51,3.01,2.5,3,231047104,2026-02-06T03:45:43Z
C,2009-02-20,14.39,17.2,11.88,16.24,83636305,1.95,2.33,1.61,2.2,617364608,2026-02-06T03:45:43Z
C,2009-02-23,15.8,18.31,15.21,17.42,52563813,2.14,2.48,2.06,2.36,388001984,2026-02-06T03:45:43Z
C,2009-02-24,19.19,19.19,15.21,16.83,49102204,2.6,2.6,2.06,2.28,362449792,2026-02-06T03:45:43Z
C,2009-02-25,18.6,21.78,15.94,19.86,59223006,2.52,2.95,2.16,2.69,437157408,2026-02-06T03:45:43Z
C,2009-02-26,18.16,20.89,17.35,20.15,35433734,2.46,2.83,2.35,2.73,261555696,2026-02-06T03:45:43Z
C,2009-02-27,11.07,14.25,10.33,11.52,253007989,1.5,1.93,1.4,1.56,1867586944,2026-02-06T03:45:43Z
C,2009-03-02,8.86,11.81,8.49,11.07,145917751,1.2,1.6,1.15,1.5,1077104000,2026-02-06T03:45:43Z
C,2009-03-03,9.01,10.26,8.93,9.74,69862033,1.22,1.39,1.21,1.32,515690592,2026-02-06T03:45:43Z
C,2009-03-04,8.34,9.67,8.19,9.6,65155073,1.13,1.31,1.11,1.3,480948192,2026-02-06T03:45:43Z
C,2009-03-05,7.53,8.19,7.16,8.12,78418861,1.02,1.11,0.97,1.1,578854272,2026-02-06T03:45:43Z
C,2009-03-06,7.6,7.97,7.38,7.82,56210879,1.03,1.08,1,1.06,414923584,2026-02-06T03:45:43Z
C,2009-03-09,7.75,7.9,7.31,7.53,32582500,1.05,1.07,0.99,1.02,240508496,2026-02-06T03:45:43Z
C,2009-03-10,10.7,10.7,7.75,9.15,150610464,1.45,1.45,1.05,1.24,1111744256,2026-02-06T03:45:43Z
C,2009-03-11,11.37,12.7,10.78,12.33,117150262,1.54,1.72,1.46,1.67,864751616,2026-02-06T03:45:43Z
C,2009-03-12,12.33,12.33,10.93,11.37,70589411,1.67,1.67,1.48,1.54,521059712,2026-02-06T03:45:43Z
C,2009-03-13,13.14,13.95,12.11,13.51,98395039,1.78,1.89,1.64,1.83,726310272,2026-02-06T03:45:43Z
C,2009-03-16,17.2,19.78,14.17,14.47,199803161,2.33,2.68,1.92,1.96,1474856064,2026-02-06T03:45:43Z
C,2009-03-17,18.53,19.64,17.05,19.04,94410493,2.51,2.66,2.31,2.58,696896128,2026-02-06T03:45:43Z
C,2009-03-18,22.74,24.8,18.6,19.19,176478557,3.08,3.36,2.52,2.6,1302686848,2026-02-06T03:45:43Z
C,2009-03-19,19.19,28.71,19.19,26.65,168829790,2.6,3.89,2.6,3.61,1246223488,2026-02-06T03:45:43Z
C,2009-03-20,19.34,20.82,17.72,20.74,82434169,2.62,2.82,2.4,2.81,608493184,2026-02-06T03:45:43Z
C,2009-03-23,23.1,24.73,20.89,24.43,110257085,3.13,3.35,2.83,3.31,813869888,2026-02-06T03:45:43Z
C,2009-03-24,22.22,23.1,21.11,22.51,70996697,3.01,3.13,2.86,3.05,524066496,2026-02-06T03:45:43Z
C,2009-03-25,21.78,23.33,19.71,22.73,86849434,2.95,3.16,2.67,3.08,641084288,2026-02-06T03:45:43Z
C,2009-03-26,20.74,22.81,20.3,22.37,58476969,2.81,3.09,2.75,3.03,431651584,2026-02-06T03:45:43Z
C,2009-03-27,19.34,20.15,18.75,19.49,58427258,2.62,2.73,2.54,2.64,431284608,2026-02-06T03:45:43Z
C,2009-03-30,17.05,17.94,16.61,17.49,60721219,2.31,2.43,2.25,2.37,448217216,2026-02-06T03:45:43Z
C,2009-03-31,18.68,18.97,18.01,18.82,41521458,2.53,2.57,2.44,2.55,306492416,2026-02-06T03:45:43Z
C,2009-04-01,19.78,20.3,17.94,18.31,52045613,2.68,2.75,2.43,2.48,384178208,2026-02-06T03:45:43Z
C,2009-04-02,20.23,22.07,19.78,21.92,71165784,2.74,2.99,2.68,2.97,525315200,2026-02-06T03:45:43Z
C,2009-04-03,21.04,21.04,19.49,20.3,37882343,2.85,2.85,2.64,2.75,279630208,2026-02-06T03:45:43Z
C,2009-04-06,20.08,20.74,19.64,20.59,26454749,2.72,2.81,2.66,2.79,195276896,2026-02-06T03:45:43Z
C,2009-04-07,20.37,21.33,19.27,19.34,49189860,2.76,2.89,2.61,2.62,363097792,2026-02-06T03:45:43Z
C,2009-04-08,19.93,20.96,19.71,20.89,30621700,2.7,2.84,2.67,2.83,226035808,2026-02-06T03:45:43Z
C,2009-04-09,22.44,22.73,21.33,22.29,73717064,3.04,3.08,2.89,3.02,544145920,2026-02-06T03:45:43Z
C,2009-04-13,28.05,28.05,23.03,23.33,112290980,3.8,3.8,3.12,3.16,828881792,2026-02-06T03:45:43Z
C,2009-04-14,29.6,33.07,28.42,31.15,165397048,4.01,4.48,3.85,4.22,1220886016,2026-02-06T03:45:43Z
C,2009-04-15,29.3,29.38,25.91,29.01,100845932,3.97,3.98,3.51,3.93,744400512,2026-02-06T03:45:43Z
C,2009-04-16,29.6,31,29.3,30.93,99265546,4.01,4.2,3.97,4.19,732733312,2026-02-06T03:45:43Z
C,2009-04-17,26.94,30.71,26.2,30.63,150929584,3.65,4.16,3.55,4.15,1114096000,2026-02-06T03:45:43Z
C,2009-04-20,21.7,25.32,20.67,25.17,112487005,2.94,3.43,2.8,3.41,830330112,2026-02-06T03:45:43Z
C,2009-04-21,23.92,24.21,19.27,19.93,96061823,3.24,3.28,2.61,2.7,709084480,2026-02-06T03:45:43Z
C,2009-04-22,23.99,24.88,22.59,23.62,66303371,3.25,3.37,3.06,3.2,489420896,2026-02-06T03:45:43Z
C,2009-04-23,23.62,24.29,22.81,24.29,48941453,3.2,3.29,3.09,3.29,361264384,2026-02-06T03:45:43Z
C,2009-04-24,23.55,24.06,22.81,23.84,44611120,3.19,3.26,3.09,3.23,329300000,2026-02-06T03:45:43Z
C,2009-04-27,22.66,23.4,22.29,22.51,26250319,3.07,3.17,3.02,3.05,193768400,2026-02-06T03:45:43Z
C,2009-04-28,21.33,22,21.04,21.41,44564254,2.89,2.98,2.85,2.9,328953600,2026-02-06T03:45:43Z
C,2009-04-29,23.03,23.25,22.14,22.59,31023102,3.12,3.15,3,3.06,228998208,2026-02-06T03:45:43Z
C,2009-04-30,22.51,24.21,22.51,24.14,35976472,3.05,3.28,3.05,3.27,265561792,2026-02-06T03:45:43Z
C,2009-05-01,21.92,23.18,21.85,22.96,34244316,2.97,3.14,2.96,3.11,252776096,2026-02-06T03:45:43Z
C,2009-05-04,23.62,23.92,22.51,22.66,43212121,3.2,3.24,3.05,3.07,318972992,2026-02-06T03:45:43Z
C,2009-05-05,24.43,25.61,24.06,24.29,58966332,3.31,3.47,3.26,3.29,435262400,2026-02-06T03:45:43Z
C,2009-05-06,28.49,29.38,25.47,25.91,117279282,3.86,3.98,3.45,3.51,865703424,2026-02-06T03:45:43Z
C,2009-05-07,28.12,32.55,25.84,32.33,139486447,3.81,4.41,3.5,4.38,1029625984,2026-02-06T03:45:43Z
C,2009-05-08,29.67,31.37,29.01,30.93,103788565,4.02,4.25,3.93,4.19,766119680,2026-02-06T03:45:43Z
C,2009-05-11,28.49,29.75,27.98,29.3,66678828,3.86,4.03,3.79,3.97,492193408,2026-02-06T03:45:43Z
C,2009-05-12,27.02,29.45,27.02,29.45,65140748,3.66,3.99,3.66,3.99,480840192,2026-02-06T03:45:43Z
C,2009-05-13,25.17,26.87,25.17,26.35,53161155,3.41,3.64,3.41,3.57,392412000,2026-02-06T03:45:43Z
C,2009-05-14,26.2,26.87,24.65,24.8,54345840,3.55,3.64,3.34,3.36,401156512,2026-02-06T03:45:43Z
C,2009-05-15,25.69,27.02,25.47,26.87,31878310,3.48,3.66,3.45,3.64,235311392,2026-02-06T03:45:43Z
C,2009-05-18,26.87,27.46,26.43,26.87,41990863,3.64,3.72,3.58,3.64,309958304,2026-02-06T03:45:43Z
C,2009-05-19,27.83,28.57,27.02,28.05,43025104,3.77,3.87,3.66,3.8,317592608,2026-02-06T03:45:43Z
C,2009-05-20,27.24,29.89,26.72,28.79,51849039,3.69,4.05,3.62,3.9,382726016,2026-02-06T03:45:43Z
C,2009-05-21,27.46,27.61,26.57,27.09,23137199,3.72,3.74,3.6,3.67,170788608,2026-02-06T03:45:43Z
C,2009-05-22,27.09,27.98,27.09,27.9,18220109,3.67,3.79,3.67,3.78,134492704,2026-02-06T03:45:43Z
C,2009-05-26,27.83,28.2,27.16,27.16,25132555,3.77,3.82,3.68,3.68,185517600,2026-02-06T03:45:43Z
C,2009-05-27,27.31,28.27,27.31,28.2,23959700,3.7,3.83,3.7,3.82,176859504,2026-02-06T03:45:43Z
C,2009-05-28,27.09,27.75,26.94,27.75,21242751,3.67,3.76,3.65,3.76,156804496,2026-02-06T03:45:43Z
C,2009-05-29,27.46,27.9,27.16,27.61,19999147,3.72,3.78,3.68,3.74,147624896,2026-02-06T03:45:43Z
C,2009-06-01,27.24,27.83,27.02,27.75,32447031,3.69,3.77,3.66,3.76,239509200,2026-02-06T03:45:43Z
C,2009-06-02,25.91,26.8,25.54,26.65,38848108,3.51,3.63,3.46,3.61,286759904,2026-02-06T03:45:43Z
C,2009-06-03,25.02,25.54,24.51,25.47,29298157,3.39,3.46,3.32,3.45,216266208,2026-02-06T03:45:43Z
C,2009-06-04,26.35,26.94,25.02,25.32,31519612,3.57,3.65,3.39,3.43,232663296,2026-02-06T03:45:43Z
C,2009-06-05,25.54,27.09,25.54,27.02,25426465,3.46,3.67,3.46,3.66,187687008,2026-02-06T03:45:43Z
C,2009-06-08,25.24,26.65,24.88,24.95,39017432,3.42,3.61,3.37,3.38,288009088,2026-02-06T03:45:43Z
C,2009-06-09,25.17,25.54,24.95,25.25,28288362,3.41,3.46,3.38,3.42,208812096,2026-02-06T03:45:43Z
C,2009-06-10,25.69,26.72,25.54,25.98,42661948,3.48,3.62,3.46,3.52,314911392,2026-02-06T03:45:43Z
C,2009-06-11,25.69,26.2,25.54,25.84,22953018,3.48,3.55,3.46,3.5,169428896,2026-02-06T03:45:43Z
C,2009-06-12,25.61,26.2,25.39,25.61,18822792,3.47,3.55,3.44,3.47,138941504,2026-02-06T03:45:43Z
C,2009-06-15,24.88,25.61,24.73,25.47,18937503,3.37,3.47,3.35,3.45,139788000,2026-02-06T03:45:43Z
C,2009-06-16,23.99,25.02,23.99,25.02,25194503,3.25,3.39,3.25,3.39,185974208,2026-02-06T03:45:43Z
C,2009-06-17,22.74,24.29,22.14,23.77,45838328,3.08,3.29,3,3.22,338358304,2026-02-06T03:45:43Z
C,2009-06-18,23.1,23.62,22.14,22.88,30574190,3.13,3.2,3,3.1,225685408,2026-02-06T03:45:43Z
C,2009-06-19,23.4,23.77,23.1,23.7,27961907,3.17,3.22,3.13,3.21,206402096,2026-02-06T03:45:43Z
C,2009-06-22,22.14,23.25,22,23.18,27713116,3,3.15,2.98,3.14,204566208,2026-02-06T03:45:43Z
C,2009-06-23,22.22,22.59,21.41,22.37,32776900,3.01,3.06,2.9,3.03,241944704,2026-02-06T03:45:43Z
C,2009-06-24,22.44,22.81,22.14,22.51,17774488,3.04,3.09,3,3.05,131203200,2026-02-06T03:45:43Z
C,2009-06-25,22.37,22.59,22.07,22.51,20830647,3.03,3.06,2.99,3.05,153762496,2026-02-06T03:45:43Z
C,2009-06-26,22.37,22.51,22,22.44,13973540,3.03,3.05,2.98,3.04,103146400,2026-02-06T03:45:43Z
C,2009-06-29,22.29,22.37,22.07,22.29,14205852,3.02,3.03,2.99,3.02,104861296,2026-02-06T03:45:43Z
C,2009-06-30,21.92,22.29,21.63,22.22,14758407,2.97,3.02,2.93,3.01,108939904,2026-02-06T03:45:43Z
C,2009-07-01,21.92,22.66,21.85,22.14,11622560,2.97,3.07,2.96,3,85792496,2026-02-06T03:45:43Z
C,2009-07-02,21.26,21.7,21.26,21.7,16032486,2.88,2.94,2.88,2.94,118344800,2026-02-06T03:45:43Z
C,2009-07-06,20.59,21.18,20.15,21.11,25734924,2.79,2.87,2.73,2.86,189963392,2026-02-06T03:45:43Z
C,2009-07-07,19.86,20.74,19.64,20.74,20821827,2.69,2.81,2.66,2.81,153697600,2026-02-06T03:45:43Z
C,2009-07-08,19.34,20,18.82,20,28474057,2.62,2.71,2.55,2.71,210183104,2026-02-06T03:45:43Z
C,2009-07-09,19.86,19.86,19.41,19.71,15493145,2.69,2.69,2.63,2.67,114363600,2026-02-06T03:45:43Z
C,2009-07-10,19.12,19.78,18.9,19.78,20360453,2.59,2.68,2.56,2.68,150291600,2026-02-06T03:45:43Z
C,2009-07-13,20.52,20.52,19.27,19.64,30207202,2.78,2.78,2.61,2.66,222975904,2026-02-06T03:45:43Z
C,2009-07-14,21.55,21.63,20.89,21.41,29705464,2.92,2.93,2.83,2.9,219272096,2026-02-06T03:45:43Z
C,2009-07-15,23.4,23.7,22,22.29,52564454,3.17,3.21,2.98,3.02,388006912,2026-02-06T03:45:43Z
C,2009-07-16,22.37,23.62,22.22,23.4,45142600,3.03,3.2,3.01,3.17,333222400,2026-02-06T03:45:43Z
C,2009-07-17,22.29,23.62,21.92,23.47,60635769,3.02,3.2,2.97,3.18,447586304,2026-02-06T03:45:43Z
C,2009-07-20,20.59,22.44,20.23,22.29,53168352,2.79,3.04,2.74,3.02,392464384,2026-02-06T03:45:43Z
C,2009-07-21,19.56,20.82,19.41,20.67,49458411,2.65,2.82,2.63,2.8,365079616,2026-02-06T03:45:43Z
C,2009-07-22,20.67,20.96,19.34,19.71,38489538,2.8,2.84,2.62,2.67,284111904,2026-02-06T03:45:43Z
C,2009-07-23,20.45,21.26,20.37,20.82,29812158,2.77,2.88,2.76,2.82,220060000,2026-02-06T03:45:43Z
C,2009-07-24,20.15,20.74,19.71,20.67,24133463,2.73,2.81,2.67,2.8,178142096,2026-02-06T03:45:43Z
C,2009-07-27,19.86,21.11,18.9,20.08,83939481,2.69,2.86,2.56,2.72,619604416,2026-02-06T03:45:43Z
C,2009-07-28,21.92,22.51,19.71,19.93,140548867,2.97,3.05,2.67,2.7,1037468288,2026-02-06T03:45:43Z
C,2009-07-29,23.77,23.77,21.78,22.14,145830978,3.22,3.22,2.95,3,1076459008,2026-02-06T03:45:43Z
C,2009-07-30,23.18,24.88,22.29,24.36,140824217,3.14,3.37,3.02,3.3,1039502592,2026-02-06T03:45:43Z
C,2009-07-31,23.4,23.47,22.07,22.59,150100001,3.17,3.18,2.99,3.06,1107969920,2026-02-06T03:45:43Z
C,2009-08-03,23.47,24.36,23.18,24.29,87039494,3.18,3.3,3.14,3.29,642485632,2026-02-06T03:45:43Z
C,2009-08-04,23.99,23.99,22.96,23.18,113220562,3.25,3.25,3.11,3.14,835741888,2026-02-06T03:45:43Z
C,2009-08-05,26.43,26.65,24.29,24.51,306038412,3.58,3.61,3.29,3.32,2259042304,2026-02-06T03:45:43Z
C,2009-08-06,28.05,28.12,26.5,28.12,174459282,3.8,3.81,3.59,3.81,1287780480,2026-02-06T03:45:43Z
C,2009-08-07,28.42,31.3,28.27,29.38,257591339,3.85,4.24,3.83,3.98,1901425664,2026-02-06T03:45:43Z
C,2009-08-10,29.08,30.34,28.86,29.53,129398529,3.94,4.11,3.91,4,955161408,2026-02-06T03:45:43Z
C,2009-08-11,27.24,29.23,26.35,29.01,124074571,3.69,3.96,3.57,3.93,915861888,2026-02-06T03:45:43Z
C,2009-08-12,29.38,29.45,27.53,27.83,133954230,3.98,3.99,3.73,3.77,988790912,2026-02-06T03:45:43Z
C,2009-08-13,29.97,30.56,29.38,30.19,102355492,4.06,4.14,3.98,4.09,755542400,2026-02-06T03:45:43Z
C,2009-08-14,29.82,33.44,28.86,30.71,151950209,4.04,4.53,3.91,4.16,1121629440,2026-02-06T03:45:43Z
C,2009-08-17,29.53,29.75,28.05,28.57,102788534,4,4.03,3.8,3.87,758738688,2026-02-06T03:45:43Z
C,2009-08-18,30.56,30.63,29.67,30.04,76655610,4.14,4.15,4.02,4.07,565836928,2026-02-06T03:45:43Z
C,2009-08-19,30.49,30.93,29.89,30.12,80423222,4.13,4.19,4.05,4.08,593648000,2026-02-06T03:45:43Z
C,2009-08-20,33.07,33.29,30.71,30.93,143525954,4.48,4.51,4.16,4.19,1059445824,2026-02-06T03:45:43Z
C,2009-08-21,34.69,35.87,33.81,34.18,185166846,4.7,4.86,4.58,4.63,1366818944,2026-02-06T03:45:43Z
C,2009-08-24,35.58,36.91,35.14,36.54,162875471,4.82,5,4.76,4.95,1202274432,2026-02-06T03:45:43Z
C,2009-08-25,35.06,36.17,34.47,36.02,131837222,4.75,4.9,4.67,4.88,973164096,2026-02-06T03:45:43Z
C,2009-08-26,34.18,35.06,33.81,34.99,97719628,4.63,4.75,4.58,4.74,721322880,2026-02-06T03:45:43Z
C,2009-08-27,37.28,37.65,34.4,34.91,164731826,5.05,5.1,4.66,4.73,1215975296,2026-02-06T03:45:43Z
C,2009-08-28,38.61,40.08,37.28,39.05,184242657,5.23,5.43,5.05,5.29,1359996160,2026-02-06T03:45:43Z
C,2009-08-31,36.91,37.72,35.73,37.13,129136889,5,5.11,4.84,5.03,953231680,2026-02-06T03:45:43Z
C,2009-09-01,33.51,37.05,33.37,36.32,171761192,4.54,5.02,4.52,4.92,1267866112,2026-02-06T03:45:43Z
C,2009-09-02,33.66,34.47,31.74,32.63,134856513,4.56,4.67,4.3,4.42,995451008,2026-02-06T03:45:43Z
C,2009-09-03,35.21,35.58,34.32,35.14,80171349,4.77,4.82,4.65,4.76,591788928,2026-02-06T03:45:43Z
C,2009-09-04,35.8,36.39,35.43,35.95,77953916,4.85,4.93,4.8,4.87,575420416,2026-02-06T03:45:43Z
C,2009-09-08,34.55,36.83,34.18,36.76,122233295,4.68,4.99,4.63,4.98,902272384,2026-02-06T03:45:43Z
C,2009-09-09,34.4,35.14,33.66,34.77,108122554,4.66,4.76,4.56,4.71,798111488,2026-02-06T03:45:43Z
C,2009-09-10,35.06,35.06,33.44,33.95,158111815,4.75,4.75,4.53,4.6,1167111552,2026-02-06T03:45:43Z
C,2009-09-11,34.03,35.06,34.03,34.99,65035549,4.61,4.75,4.61,4.74,480063904,2026-02-06T03:45:43Z
C,2009-09-14,33.36,33.73,32.18,33.51,99972175,4.52,4.57,4.36,4.54,737949504,2026-02-06T03:45:43Z
C,2009-09-15,30.41,33.29,30.34,32.77,178669746,4.12,4.51,4.11,4.44,1318860288,2026-02-06T03:45:43Z
C,2009-09-16,31,31.81,30.63,31.52,176963942,4.2,4.31,4.15,4.27,1306267776,2026-02-06T03:45:43Z
C,2009-09-17,32.63,33.66,31.67,32.18,156462097,4.42,4.56,4.29,4.36,1154934528,2026-02-06T03:45:43Z
C,2009-09-18,31.45,33.07,31.45,32.92,169329067,4.26,4.48,4.26,4.46,1249910784,2026-02-06T03:45:43Z
C,2009-09-21,32.7,32.92,30.56,31.3,64899341,4.43,4.46,4.14,4.24,479058208,2026-02-06T03:45:43Z
C,2009-09-22,34.32,34.55,33.51,33.66,91902234,4.65,4.68,4.54,4.56,678380800,2026-02-06T03:45:43Z
C,2009-09-23,33.36,34.99,33.37,34.77,81871328,4.52,4.74,4.52,4.71,604337216,2026-02-06T03:45:43Z
C,2009-09-24,32.7,34.25,31.81,34.1,90022150,4.43,4.64,4.31,4.62,664503680,2026-02-06T03:45:43Z
C,2009-09-25,32.33,33.29,32.18,32.55,62475447,4.38,4.51,4.36,4.41,461165792,2026-02-06T03:45:43Z
C,2009-09-28,33.73,33.73,32.77,32.92,42714451,4.57,4.57,4.44,4.46,315299008,2026-02-06T03:45:43Z
C,2009-09-29,34.69,35.36,34.4,35.14,67870946,4.7,4.79,4.66,4.76,500992992,2026-02-06T03:45:43Z
C,2009-09-30,35.73,35.73,33.22,35.06,111740206,4.84,4.84,4.5,4.75,824815872,2026-02-06T03:45:43Z
C,2009-10-01,33.44,35.06,33.37,35.06,65732928,4.53,4.75,4.52,4.75,485210592,2026-02-06T03:45:43Z
C,2009-10-02,33.36,33.88,31.81,32.48,79731192,4.52,4.59,4.31,4.4,588539712,2026-02-06T03:45:43Z
C,2009-10-05,34.47,34.55,33.59,33.81,41203029,4.67,4.68,4.55,4.58,304142784,2026-02-06T03:45:43Z
C,2009-10-06,34.47,35.43,34.25,35.14,64631222,4.67,4.8,4.64,4.76,477079488,2026-02-06T03:45:43Z
C,2009-10-07,34.25,34.69,33.66,34.25,50013155,4.64,4.7,4.56,4.64,369174688,2026-02-06T03:45:43Z
C,2009-10-08,34.32,34.84,34.18,34.77,46686329,4.65,4.72,4.63,4.71,344617408,2026-02-06T03:45:43Z
C,2009-10-09,34.18,34.47,33.88,34.18,39063934,4.63,4.67,4.59,4.63,288352608,2026-02-06T03:45:43Z
C,2009-10-12,35.21,35.43,34.25,34.47,49111558,4.77,4.8,4.64,4.67,362519488,2026-02-06T03:45:43Z
C,2009-10-13,35.65,36.02,34.99,35.43,61686097,4.83,4.88,4.74,4.8,455339200,2026-02-06T03:45:43Z
C,2009-10-14,36.91,36.91,36.17,36.76,79287290,5,5,4.9,4.98,585263872,2026-02-06T03:45:43Z
C,2009-10-15,35.06,35.65,34.25,35.43,112991188,4.75,4.83,4.64,4.8,834051072,2026-02-06T03:45:43Z
C,2009-10-16,33.88,34.62,32.63,34.55,55678030,4.59,4.69,4.42,4.68,410990016,2026-02-06T03:45:43Z
C,2009-10-19,33.51,34.4,33.29,34.32,41267936,4.54,4.66,4.51,4.65,304621888,2026-02-06T03:45:43Z
C,2009-10-20,32.7,34.18,32.55,33.88,71068036,4.43,4.63,4.41,4.59,524592800,2026-02-06T03:45:43Z
C,2009-10-21,32.63,33.66,32.55,32.63,53159843,4.42,4.56,4.41,4.42,392402592,2026-02-06T03:45:43Z
C,2009-10-22,32.92,33.07,32.41,32.7,41560212,4.46,4.48,4.39,4.43,306778688,2026-02-06T03:45:43Z
C,2009-10-23,32.92,33.95,32.92,33.51,45414679,4.46,4.6,4.46,4.54,335230592,2026-02-06T03:45:43Z
C,2009-10-26,31.52,33.44,31.3,33.29,86754975,4.27,4.53,4.24,4.51,640385792,2026-02-06T03:45:43Z
C,2009-10-27,31.52,31.96,31.22,31.74,45220312,4.27,4.33,4.23,4.3,333795808,2026-02-06T03:45:43Z
C,2009-10-28,30.12,31.37,29.53,31.22,87390009,4.08,4.25,4,4.23,645073216,2026-02-06T03:45:43Z
C,2009-10-29,31.81,32.11,30.78,30.93,59707608,4.31,4.35,4.17,4.19,440735008,2026-02-06T03:45:43Z
C,2009-10-30,30.19,31.74,29.67,31.59,72590610,4.09,4.3,4.02,4.28,535832288,2026-02-06T03:45:43Z
C,2009-11-02,29.45,30.34,28.12,30.26,93592196,3.99,4.11,3.81,4.1,690855872,2026-02-06T03:45:43Z
C,2009-11-03,29.82,29.89,28.34,28.64,68724638,4.04,4.05,3.84,3.88,507295008,2026-02-06T03:45:43Z
C,2009-11-04,29.3,30.78,29.23,30.34,65222225,3.97,4.17,3.96,4.11,481441888,2026-02-06T03:45:43Z
C,2009-11-05,29.97,30.12,29.53,29.89,36096689,4.06,4.08,4,4.05,266449600,2026-02-06T03:45:43Z
C,2009-11-06,29.97,29.97,29.23,29.45,34334796,4.06,4.06,3.96,3.99,253444096,2026-02-06T03:45:43Z
C,2009-11-09,30.93,30.93,30.26,30.56,31712617,4.19,4.19,4.1,4.14,234088304,2026-02-06T03:45:43Z
C,2009-11-10,30.85,31.45,30.56,30.63,33283745,4.18,4.26,4.14,4.15,245685792,2026-02-06T03:45:43Z
C,2009-11-11,30.71,31.59,30.56,31.3,43126516,4.16,4.28,4.14,4.24,318341088,2026-02-06T03:45:43Z
C,2009-11-12,29.97,30.78,29.89,30.56,28155839,4.06,4.17,4.05,4.14,207833792,2026-02-06T03:45:43Z
C,2009-11-13,29.9,30.56,29.75,30.26,26578191,4.05,4.14,4.03,4.1,196188400,2026-02-06T03:45:43Z
C,2009-11-16,30.85,31.37,30.86,31.15,48831023,4.18,4.25,4.18,4.22,360448896,2026-02-06T03:45:43Z
C,2009-11-17,31.3,31.37,30.71,30.78,27131582,4.24,4.25,4.16,4.17,200273296,2026-02-06T03:45:43Z
C,2009-11-18,31.67,31.81,31.22,31.3,41451923,4.29,4.31,4.23,4.24,305979904,2026-02-06T03:45:43Z
C,2009-11-19,31.45,31.52,31,31.45,33626096,4.26,4.27,4.2,4.26,248212704,2026-02-06T03:45:43Z
C,2009-11-20,31,31.22,30.93,30.93,16858334,4.2,4.23,4.19,4.19,124440600,2026-02-06T03:45:43Z
C,2009-11-23,31.59,31.59,31.22,31.45,30648621,4.28,4.28,4.23,4.26,226234096,2026-02-06T03:45:43Z
C,2009-11-24,31.08,31.74,31.08,31.67,26178045,4.21,4.3,4.21,4.29,193234400,2026-02-06T03:45:43Z
C,2009-11-25,30.78,31.3,30.56,31.22,27227284,4.17,4.24,4.14,4.23,200979808,2026-02-06T03:45:43Z
C,2009-11-27,29.97,30.49,29.16,29.38,34960898,4.06,4.13,3.95,3.98,258065696,2026-02-06T03:45:43Z
C,2009-11-30,30.34,30.71,29.97,30.12,33891099,4.11,4.16,4.06,4.08,250169104,2026-02-06T03:45:43Z
