ticker,tradeDate,clsPx,hiPx,loPx,open,stockVolume,unadjClsPx,unadjHiPx,unadjLoPx,unadjOpen,unadjStockVolume,updatedAt
CAT,2006-01-03,34.89,35.08,34.44,34.94,6124951,57.8,58.11,57.05,57.87,3697500,2026-01-24T03:44:57Z
CAT,2006-01-04,35.78,35.88,34.74,34.98,7582187,59.27,59.43,57.55,57.95,4577200,2026-01-24T03:44:57Z
CAT,2006-01-05,35.78,36.14,35.62,35.63,7604549,59.27,59.86,59,59.02,4590700,2026-01-24T03:44:57Z
CAT,2006-01-06,36.49,36.68,35.85,35.9,9429374,60.45,60.76,59.38,59.47,5692300,2026-01-24T03:44:57Z
CAT,2006-01-09,37.16,37.24,36.49,36.49,7304075,61.55,61.68,60.45,60.45,4409300,2026-01-24T03:44:57Z
CAT,2006-01-10,37.01,37.14,36.61,37.04,5281135,61.3,61.52,60.64,61.35,3188100,2026-01-24T03:44:57Z
CAT,2006-01-11,37.02,37.21,36.64,36.75,4564694,61.33,61.64,60.7,60.87,2755600,2026-01-24T03:44:57Z
CAT,2006-01-12,37.55,37.83,36.89,36.96,8816789,62.21,62.66,61.11,61.23,5322500,2026-01-24T03:44:57Z
CAT,2006-01-13,37.63,37.72,37.35,37.44,3208171,62.33,62.49,61.87,62.02,1936700,2026-01-24T03:44:57Z
CAT,2006-01-17,38.01,38.12,37.22,37.24,6001885,62.96,63.15,61.65,61.69,3623200,2026-01-24T03:44:57Z
CAT,2006-01-18,37.5,38.01,37.4,37.8,6032334,61.87,62.72,61.7,62.36,3656100,2026-01-24T03:44:57Z
CAT,2006-01-19,37.89,38.18,37.52,37.61,3919589,62.51,63,61.9,62.05,2375600,2026-01-24T03:44:57Z
CAT,2006-01-20,36.84,37.89,36.66,37.89,7327859,60.78,62.51,60.48,62.51,4441300,2026-01-24T03:44:57Z
CAT,2006-01-23,37,37.24,36.52,36.82,4471983,61.04,61.44,60.26,60.75,2710400,2026-01-24T03:44:57Z
CAT,2006-01-24,37.18,37.49,36.82,36.84,5430923,61.35,61.86,60.75,60.79,3291600,2026-01-24T03:44:57Z
CAT,2006-01-25,37.62,38.34,37.04,37.27,7874163,62.07,63.25,61.11,61.5,4772400,2026-01-24T03:44:57Z
CAT,2006-01-26,39.5,39.66,37.76,38.37,17024203,65.17,65.44,62.3,63.3,10318100,2026-01-24T03:44:57Z
CAT,2006-01-27,40.93,41.44,39.49,39.94,12519536,67.53,68.37,65.15,65.9,7587900,2026-01-24T03:44:57Z
CAT,2006-01-30,40.61,41.29,40.2,40.32,8377384,67.01,68.12,66.32,66.53,5077400,2026-01-24T03:44:57Z
CAT,2006-01-31,41.15,41.32,40.39,40.61,9360089,67.9,68.17,66.64,67,5673000,2026-01-24T03:44:57Z
CAT,2006-02-01,41.97,42.03,41.15,41.27,7962749,69.24,69.34,67.9,68.1,4826100,2026-01-24T03:44:57Z
CAT,2006-02-02,41.45,41.88,41.21,41.67,7598778,68.39,69.1,67.99,68.75,4605500,2026-01-24T03:44:57Z
CAT,2006-02-03,41.29,41.8,41.06,41.34,5823945,68.13,68.97,67.75,68.2,3529800,2026-01-24T03:44:57Z
CAT,2006-02-06,41.64,41.71,41.21,41.52,6180491,68.7,68.82,68,68.5,3745900,2026-01-24T03:44:57Z
CAT,2006-02-07,40.7,41.42,40.57,41.4,8099702,67.16,68.34,66.93,68.3,4909100,2026-01-24T03:44:57Z
CAT,2006-02-08,41.7,41.75,40.83,41.06,5888627,68.81,68.89,67.36,67.75,3569000,2026-01-24T03:44:57Z
CAT,2006-02-09,41.49,42.27,41.35,41.82,6628940,68.45,69.75,68.23,69,4017700,2026-01-24T03:44:57Z
CAT,2006-02-10,41.67,41.74,41.08,41.31,5226829,68.75,68.87,67.78,68.15,3167900,2026-01-24T03:44:57Z
CAT,2006-02-13,41.59,41.86,41.14,41.4,4683177,68.62,69.06,67.88,68.3,2838400,2026-01-24T03:44:57Z
CAT,2006-02-14,42.56,42.67,41.35,41.82,7478504,70.22,70.41,68.23,69,4532600,2026-01-24T03:44:57Z
CAT,2006-02-15,43.4,43.43,42.37,42.38,7253947,71.6,71.65,69.9,69.93,4396500,2026-01-24T03:44:57Z
CAT,2006-02-16,43.61,43.64,43.27,43.51,5747223,71.96,72,71.39,71.79,3483300,2026-01-24T03:44:57Z
CAT,2006-02-17,43.67,43.87,43.46,43.64,7866722,72.05,72.39,71.71,72,4767900,2026-01-24T03:44:57Z
CAT,2006-02-21,44,44.12,43.44,43.64,6528472,72.59,72.79,71.68,72,3956800,2026-01-24T03:44:57Z
CAT,2006-02-22,44.28,44.69,43.97,44,9127447,73.06,73.73,72.54,72.59,5532000,2026-01-24T03:44:57Z
CAT,2006-02-23,43.85,44.3,43.58,44.29,8206943,72.35,73.09,71.9,73.07,4974100,2026-01-24T03:44:57Z
CAT,2006-02-24,44.06,44.2,43.49,43.94,4824579,72.7,72.92,71.76,72.5,2924100,2026-01-24T03:44:57Z
CAT,2006-02-27,44.55,44.84,44.24,44.43,5309327,73.5,73.99,73,73.3,3217900,2026-01-24T03:44:57Z
CAT,2006-02-28,44.29,44.46,43.88,44.31,7332980,73.08,73.36,72.4,73.1,4444400,2026-01-24T03:44:57Z
CAT,2006-03-01,45.09,45.42,44.21,44.32,6892441,74.39,74.94,72.95,73.13,4177400,2026-01-24T03:44:57Z
CAT,2006-03-02,45.06,45.23,44.74,44.94,3708560,74.34,74.62,73.81,74.14,2247700,2026-01-24T03:44:57Z
CAT,2006-03-03,45.22,45.76,44.92,45.06,5605332,74.61,75.5,74.11,74.35,3397300,2026-01-24T03:44:57Z
CAT,2006-03-06,44.38,45.38,43.94,45.23,9069694,73.22,74.88,72.5,74.63,5497000,2026-01-24T03:44:57Z
CAT,2006-03-07,44.27,44.86,43.77,44.25,8092438,73.04,74.02,72.21,73.01,4904700,2026-01-24T03:44:57Z
CAT,2006-03-08,43.88,44.27,42.63,44.27,12747567,72.4,73.05,70.34,73.04,7726100,2026-01-24T03:44:57Z
CAT,2006-03-09,43.27,43.95,43.18,43.9,8417314,71.4,72.52,71.25,72.43,5101600,2026-01-24T03:44:57Z
CAT,2006-03-10,43,43.64,42.66,43.24,9894492,70.95,72.01,70.38,71.35,5996900,2026-01-24T03:44:57Z
CAT,2006-03-13,43.03,43.49,42.91,43.31,5612253,71,71.75,70.79,71.45,3401500,2026-01-24T03:44:57Z
CAT,2006-03-14,43.6,43.81,43.03,43.03,6679929,71.94,72.28,71,71,4048600,2026-01-24T03:44:57Z
CAT,2006-03-15,45.03,45.28,43.6,43.71,8600124,74.29,74.7,71.94,72.11,5212400,2026-01-24T03:44:57Z
CAT,2006-03-16,45.4,45.69,45.08,45.41,9574249,74.9,75.39,74.38,74.93,5802800,2026-01-24T03:44:57Z
CAT,2006-03-17,46.2,46.28,45.12,45.81,11575124,76.23,76.35,74.45,75.58,7015500,2026-01-24T03:44:57Z
CAT,2006-03-20,45.97,46.74,45.84,46.6,6959261,75.85,77.11,75.63,76.88,4217900,2026-01-24T03:44:57Z
CAT,2006-03-21,45.04,46.23,44.97,46,7580467,74.31,76.27,74.19,75.9,4594400,2026-01-24T03:44:57Z
CAT,2006-03-22,46.19,46.34,45.08,45.08,5999163,76.21,76.45,74.38,74.38,3636000,2026-01-24T03:44:57Z
CAT,2006-03-23,46.22,46.8,45.91,46.31,8043103,76.26,77.21,75.75,76.4,4874800,2026-01-24T03:44:57Z
CAT,2006-03-24,45.76,46.46,45.56,46.22,7129381,75.5,76.66,75.17,76.26,4321000,2026-01-24T03:44:57Z
CAT,2006-03-27,45.69,46.16,45.47,45.99,4255351,75.38,76.16,75.03,75.88,2579100,2026-01-24T03:44:57Z
CAT,2006-03-28,45.38,46.2,45.28,45.79,6148654,74.87,76.23,74.71,75.55,3726600,2026-01-24T03:44:57Z
CAT,2006-03-29,44.65,44.84,43.97,44.4,10869617,73.67,73.98,72.55,73.25,6587900,2026-01-24T03:44:57Z
CAT,2006-03-30,43.88,45.06,43.74,44.64,8717599,72.4,74.35,72.16,73.65,5283600,2026-01-24T03:44:57Z
CAT,2006-03-31,43.52,43.92,43.21,43.88,7122443,71.81,72.46,71.3,72.4,4316800,2026-01-24T03:44:57Z
CAT,2006-04-03,44.55,45.75,43.98,44.07,9710199,73.5,75.48,72.56,72.71,5885200,2026-01-24T03:44:57Z
CAT,2006-04-04,45.64,45.77,44.54,44.91,7599776,75.3,75.52,73.49,74.1,4606100,2026-01-24T03:44:57Z
CAT,2006-04-05,45.94,46.15,45.21,45.76,7848906,75.8,76.15,74.6,75.5,4757100,2026-01-24T03:44:57Z
CAT,2006-04-06,45.85,46.11,45.46,45.76,6070604,75.65,76.08,75.01,75.5,3679300,2026-01-24T03:44:57Z
CAT,2006-04-07,45.41,46.09,45.25,45.82,7033515,74.92,76.05,74.66,75.6,4262900,2026-01-24T03:44:57Z
CAT,2006-04-10,45.73,46.01,45.41,45.41,6646773,75.45,75.92,74.92,74.93,4028500,2026-01-24T03:44:57Z
CAT,2006-04-11,46.46,46.51,45.76,46.2,8786241,76.66,76.74,75.5,76.22,5325200,2026-01-24T03:44:57Z
CAT,2006-04-12,47.18,47.43,46.57,46.57,10580705,77.84,78.25,76.84,76.84,6412800,2026-01-24T03:44:57Z
CAT,2006-04-13,46.63,47.14,46.31,46.79,6944582,76.94,77.77,76.41,77.2,4209000,2026-01-24T03:44:57Z
CAT,2006-04-17,46.34,47.76,46.24,46.97,9021031,76.45,78.8,76.29,77.49,5467500,2026-01-24T03:44:57Z
CAT,2006-04-18,47.83,47.94,46.56,46.7,12708467,78.91,79.1,76.82,77.05,7702400,2026-01-24T03:44:57Z
CAT,2006-04-19,47.86,48.46,47.49,47.91,7668566,78.97,79.95,78.35,79.05,4647800,2026-01-24T03:44:57Z
CAT,2006-04-20,47.41,48.23,46.97,48.03,6332631,77.97,79.32,77.25,78.99,3850300,2026-01-24T03:44:57Z
CAT,2006-04-21,47.35,48.64,47.18,48.31,11334856,77.87,80,77.6,79.45,6891700,2026-01-24T03:44:57Z
CAT,2006-04-24,47.05,48.47,46.65,47.58,18463227,77.38,79.72,76.73,78.25,11225800,2026-01-24T03:44:57Z
CAT,2006-04-25,45.56,46.99,45.46,46.99,12395872,74.93,77.28,74.77,77.28,7536800,2026-01-24T03:44:57Z
CAT,2006-04-26,46.18,46.7,45.97,46.25,7587056,75.95,76.8,75.61,76.06,4613000,2026-01-24T03:44:57Z
CAT,2006-04-27,45.64,46,44.9,45.6,10101835,75.06,75.65,73.85,74.99,6142000,2026-01-24T03:44:57Z
CAT,2006-04-28,46.05,46.27,45.66,45.91,7290353,75.74,76.1,75.1,75.5,4432600,2026-01-24T03:44:57Z
CAT,2006-05-01,45.98,46.58,45.85,46.33,6966840,75.63,76.61,75.41,76.2,4235900,2026-01-24T03:44:57Z
CAT,2006-05-02,47.11,47.22,46.1,46.17,6344318,77.48,77.66,75.82,75.94,3857400,2026-01-24T03:44:57Z
CAT,2006-05-03,47.49,47.57,46.57,47.39,5986260,78.1,78.23,76.6,77.95,3639700,2026-01-24T03:44:57Z
CAT,2006-05-04,47.92,48.11,47.62,47.73,5988067,78.81,79.13,78.32,78.5,3640800,2026-01-24T03:44:57Z
CAT,2006-05-05,48.63,49.18,48.28,48.39,9905108,79.98,80.89,79.4,79.58,6022400,2026-01-24T03:44:57Z
CAT,2006-05-08,48.58,48.71,47.98,48.64,4482336,79.9,80.12,78.91,79.99,2725300,2026-01-24T03:44:57Z
CAT,2006-05-09,49.33,49.33,48.64,48.64,4883485,81.14,81.14,79.99,80,2969200,2026-01-24T03:44:57Z
CAT,2006-05-10,49.23,49.88,48.79,49.49,6528356,80.97,82.03,80.25,81.39,3969300,2026-01-24T03:44:57Z
CAT,2006-05-11,48.41,49.43,48.24,49.23,7183772,79.62,81.3,79.34,80.97,4367800,2026-01-24T03:44:57Z
CAT,2006-05-12,47.31,48.34,47.23,48.19,7481464,77.81,79.5,77.68,79.25,4548800,2026-01-24T03:44:57Z
CAT,2006-05-15,47.1,47.36,46.34,47.31,8090021,77.47,77.9,76.22,77.81,4918800,2026-01-24T03:44:57Z
CAT,2006-05-16,47.02,48.01,46.89,47.4,6178035,77.34,78.97,77.12,77.96,3756300,2026-01-24T03:44:57Z
CAT,2006-05-17,46.15,46.91,45.61,46.45,10050666,75.91,77.16,75.01,76.39,6110900,2026-01-24T03:44:57Z
CAT,2006-05-18,45.37,46.48,45.21,46.26,10296236,74.62,76.45,74.35,76.09,6260200,2026-01-24T03:44:57Z
CAT,2006-05-19,44.25,45.65,43.84,45.6,17002048,72.78,75.08,72.1,74.99,10337400,2026-01-24T03:44:57Z
CAT,2006-05-22,44.31,44.62,43.75,43.78,11984038,72.87,73.38,71.95,72,7286400,2026-01-24T03:44:57Z
CAT,2006-05-23,44.82,45.45,44.79,44.82,9381116,73.72,74.75,73.67,73.71,5703800,2026-01-24T03:44:57Z
CAT,2006-05-24,44.74,45.72,43.89,44.63,10632403,73.59,75.2,72.18,73.4,6464600,2026-01-24T03:44:57Z
CAT,2006-05-25,44.97,45.04,44.04,44.82,6185769,73.96,74.08,72.44,73.72,3761000,2026-01-24T03:44:57Z
CAT,2006-05-26,45.25,45.49,44.59,45.15,4519508,74.42,74.82,73.33,74.25,2747900,2026-01-24T03:44:57Z
CAT,2006-05-30,43.87,45.26,43.81,45.25,6792995,72.16,74.44,72.06,74.43,4130200,2026-01-24T03:44:57Z
CAT,2006-05-31,44.35,44.64,43.41,44.13,6632969,72.95,73.42,71.4,72.58,4032900,2026-01-24T03:44:57Z
CAT,2006-06-01,44.56,44.67,43.69,44.21,4786604,73.29,73.47,71.86,72.71,2910300,2026-01-24T03:44:57Z
CAT,2006-06-02,44.27,44.72,43.86,44.72,6136098,72.81,73.55,72.13,73.55,3730800,2026-01-24T03:44:57Z
CAT,2006-06-05,42.15,44.27,41.84,44.26,11289296,69.33,72.81,68.81,72.8,6864000,2026-01-24T03:44:57Z
CAT,2006-06-06,41.64,42.57,41.41,42.11,14359511,68.48,70.02,68.1,69.25,8730700,2026-01-24T03:44:57Z
CAT,2006-06-07,40.58,41.8,40.38,41.77,16087599,66.74,68.75,66.41,68.7,9781400,2026-01-24T03:44:57Z
CAT,2006-06-08,40.67,41.07,39.16,40.37,19568470,66.89,67.54,64.41,66.4,11897800,2026-01-24T03:44:57Z
CAT,2006-06-09,41.05,41.98,40.92,41.28,13063940,67.52,69.05,67.3,67.89,7943000,2026-01-24T03:44:57Z
CAT,2006-06-12,40.32,41.59,40.17,41.59,10421241,66.32,68.4,66.06,68.4,6336200,2026-01-24T03:44:57Z
CAT,2006-06-13,40.33,41.04,39.77,39.9,10308738,66.33,67.5,65.41,65.63,6267800,2026-01-24T03:44:57Z
CAT,2006-06-14,41.03,41.09,40.07,40.1,8788366,67.48,67.58,65.9,65.95,5343400,2026-01-24T03:44:57Z
CAT,2006-06-15,43.08,43.2,41.65,41.65,13881549,70.85,71.05,68.5,68.5,8440100,2026-01-24T03:44:57Z
CAT,2006-06-16,42.9,43.39,42.77,43.08,11285862,70.55,71.37,70.35,70.85,6861900,2026-01-24T03:44:57Z
CAT,2006-06-19,42.53,43.44,42.26,43.17,8784250,69.95,71.45,69.5,71,5340900,2026-01-24T03:44:57Z
CAT,2006-06-20,43.16,43.56,42.68,42.79,8830144,70.99,71.64,70.2,70.38,5368800,2026-01-24T03:44:57Z
CAT,2006-06-21,44.06,44.66,43.16,43.16,9049374,72.47,73.45,70.98,70.99,5502100,2026-01-24T03:44:57Z
CAT,2006-06-22,43.95,44.18,43.39,44.14,5527054,72.28,72.66,71.36,72.6,3360500,2026-01-24T03:44:57Z
CAT,2006-06-23,43.86,44.54,43.26,43.81,5478862,72.14,73.25,71.15,72.05,3331200,2026-01-24T03:44:57Z
CAT,2006-06-26,44.07,44.36,43.52,44.02,4154378,72.48,72.96,71.58,72.4,2525900,2026-01-24T03:44:57Z
CAT,2006-06-27,43.56,44.37,43.49,43.53,4253724,71.65,72.97,71.52,71.6,2586300,2026-01-24T03:44:57Z
CAT,2006-06-28,44.21,44.34,43.42,43.57,4806675,72.71,72.93,71.41,71.66,2922500,2026-01-24T03:44:57Z
CAT,2006-06-29,45.24,45.41,44.19,44.29,8451020,74.4,74.69,72.68,72.85,5138300,2026-01-24T03:44:57Z
CAT,2006-06-30,45.28,45.57,44.64,45.57,6448426,74.48,74.95,73.42,74.95,3920700,2026-01-24T03:44:57Z
CAT,2006-07-03,45.46,45.86,45.29,45.55,3138606,74.77,75.43,74.48,74.92,1908300,2026-01-24T03:44:57Z
CAT,2006-07-05,44.46,44.87,44.31,44.81,8282278,73.13,73.8,72.88,73.7,5035700,2026-01-24T03:44:57Z
CAT,2006-07-06,44.78,45.14,44.35,44.46,5223109,73.65,74.24,72.95,73.12,3175700,2026-01-24T03:44:57Z
CAT,2006-07-07,44.13,44.96,44,44.63,5483470,72.58,73.94,72.36,73.4,3334000,2026-01-24T03:44:57Z
CAT,2006-07-10,44.55,45.05,44.08,44.23,4291220,73.27,74.1,72.5,72.75,2609100,2026-01-24T03:44:57Z
CAT,2006-07-11,44.63,44.76,44.14,44.56,5592182,73.4,73.61,72.59,73.28,3400100,2026-01-24T03:44:57Z
CAT,2006-07-12,43.36,44.51,43.25,44.4,6376059,71.31,73.2,71.14,73.02,3876700,2026-01-24T03:44:57Z
CAT,2006-07-13,42.38,43.21,42.35,43.21,8192482,69.7,71.07,69.65,71.06,4981100,2026-01-24T03:44:57Z
CAT,2006-07-14,42.07,42.74,41.83,42.56,9139676,69.19,70.29,68.8,70,5557000,2026-01-24T03:44:57Z
CAT,2006-07-17,42.07,42.68,41.95,42.07,9364016,69.19,70.19,69,69.19,5693400,2026-01-24T03:44:57Z
CAT,2006-07-18,42.42,42.84,41.56,42.5,7945876,69.47,70.15,68.06,69.6,4852200,2026-01-24T03:44:57Z
CAT,2006-07-19,43.43,43.84,41.76,42.42,9101022,71.12,71.79,68.38,69.47,5557600,2026-01-24T03:44:57Z
CAT,2006-07-20,42.18,43.89,41.9,43.58,11819888,69.08,71.87,68.62,71.37,7217900,2026-01-24T03:44:57Z
CAT,2006-07-21,41.74,43.42,40.98,43.36,23654034,68.35,71.1,67.1,71,14444500,2026-01-24T03:44:57Z
CAT,2006-07-24,43.06,43.09,41.66,42.41,11684308,70.52,70.56,68.22,69.45,7135100,2026-01-24T03:44:57Z
CAT,2006-07-25,43.15,43.37,42.34,43.05,8949710,70.66,71.02,69.33,70.5,5465200,2026-01-24T03:44:57Z
CAT,2006-07-26,42.83,43.31,42.62,43.22,5775592,70.13,70.93,69.8,70.77,3526900,2026-01-24T03:44:57Z
CAT,2006-07-27,43.19,44.35,42.89,43.05,9960761,70.72,72.62,70.24,70.5,6082600,2026-01-24T03:44:57Z
CAT,2006-07-28,43.48,43.79,42.99,43.54,4957936,71.21,71.71,70.4,71.3,3027600,2026-01-24T03:44:57Z
CAT,2006-07-31,43.28,43.76,43.02,43.36,5600206,70.87,71.66,70.45,71,3419800,2026-01-24T03:44:57Z
CAT,2006-08-01,42.57,43.01,42.21,42.82,7399571,69.71,70.43,69.12,70.12,4518600,2026-01-24T03:44:57Z
CAT,2006-08-02,43.2,43.49,42.7,42.7,5005263,70.75,71.21,69.92,69.92,3056500,2026-01-24T03:44:57Z
CAT,2006-08-03,44.41,44.52,42.7,42.9,8023486,72.73,72.9,69.92,70.25,4899600,2026-01-24T03:44:57Z
CAT,2006-08-04,44.64,45.24,44.11,44.87,8507071,73.1,74.08,72.24,73.47,5194900,2026-01-24T03:44:57Z
CAT,2006-08-07,44.69,45.14,44.29,44.66,6342673,73.18,73.92,72.53,73.13,3873200,2026-01-24T03:44:57Z
CAT,2006-08-08,43.72,44.84,43.52,44.69,6780244,71.6,73.43,71.27,73.19,4140400,2026-01-24T03:44:57Z
CAT,2006-08-09,41.84,44.18,41.77,44.15,13621726,68.52,72.35,68.4,72.3,8318200,2026-01-24T03:44:57Z
CAT,2006-08-10,41.72,42.16,41.56,41.98,11030738,68.32,69.04,68.06,68.75,6736000,2026-01-24T03:44:57Z
CAT,2006-08-11,40.93,41.66,40.4,41.62,11521208,67.03,68.22,66.15,68.15,7035500,2026-01-24T03:44:57Z
CAT,2006-08-14,40.28,41.9,40.01,41.28,13631887,65.96,68.61,65.52,67.6,8324400,2026-01-24T03:44:57Z
CAT,2006-08-15,41.16,41.2,40.24,40.58,11277032,67.41,67.46,65.9,66.46,6886400,2026-01-24T03:44:57Z
CAT,2006-08-16,42.2,42.47,41.32,41.63,11094445,69.11,69.55,67.66,68.17,6774900,2026-01-24T03:44:57Z
CAT,2006-08-17,42.36,42.77,41.98,42.2,6122432,69.36,70.04,68.75,69.11,3738700,2026-01-24T03:44:57Z
CAT,2006-08-18,41.71,42.59,41.34,42.59,9523835,68.31,69.75,67.69,69.75,5815800,2026-01-24T03:44:57Z
CAT,2006-08-21,41.68,41.79,41.29,41.68,6427673,68.25,68.43,67.61,68.25,3925100,2026-01-24T03:44:57Z
CAT,2006-08-22,41.83,42.2,41.59,41.78,6053316,68.5,69.1,68.11,68.42,3696500,2026-01-24T03:44:57Z
CAT,2006-08-23,41.04,42.26,40.96,41.98,7487192,67.21,69.21,67.08,68.75,4572100,2026-01-24T03:44:57Z
CAT,2006-08-24,40,41.05,39.54,41.04,14594292,65.5,67.22,64.75,67.21,8912100,2026-01-24T03:44:57Z
CAT,2006-08-25,40.3,40.58,39.85,40,6492196,65.99,66.46,65.25,65.5,3964500,2026-01-24T03:44:57Z
CAT,2006-08-28,40.35,40.91,40.19,40.38,6289129,66.07,66.99,65.82,66.13,3840500,2026-01-24T03:44:57Z
CAT,2006-08-29,39.97,40.59,39.76,40.47,8045105,65.45,66.47,65.11,66.27,4912800,2026-01-24T03:44:57Z
CAT,2006-08-30,39.73,40.14,39.58,39.75,6962508,65.06,65.73,64.82,65.1,4251700,2026-01-24T03:44:57Z
CAT,2006-08-31,40.52,40.65,39.66,39.88,10497051,66.35,66.56,64.95,65.3,6410100,2026-01-24T03:44:57Z
CAT,2006-09-01,41.08,41.4,40.27,40.71,9353858,67.27,67.8,65.95,66.67,5712000,2026-01-24T03:44:57Z
CAT,2006-09-05,42.55,42.67,41.5,42.04,13927452,69.68,69.87,67.96,68.85,8504900,2026-01-24T03:44:57Z
CAT,2006-09-06,42.21,42.99,42.14,42.14,9153751,69.13,70.4,69.01,69.01,5589800,2026-01-24T03:44:57Z
CAT,2006-09-07,41.38,41.92,41.34,41.8,8509363,67.76,68.65,67.7,68.45,5196300,2026-01-24T03:44:57Z
CAT,2006-09-08,41.11,41.65,41.08,41.59,7063380,67.32,68.2,67.27,68.1,4313300,2026-01-24T03:44:57Z
CAT,2006-09-11,40,40.92,39.9,40.92,12928875,65.51,67.01,65.34,67.01,7895100,2026-01-24T03:44:57Z
CAT,2006-09-12,39.78,40.33,39.45,40.15,19782957,65.15,66.04,64.6,65.75,12080600,2026-01-24T03:44:57Z
CAT,2006-09-13,40.5,41,39.78,39.79,11680364,66.33,67.14,65.14,65.16,7132700,2026-01-24T03:44:57Z
CAT,2006-09-14,40,40.71,39.97,40.51,5729572,65.51,66.67,65.45,66.33,3498800,2026-01-24T03:44:57Z
CAT,2006-09-15,39.96,40.49,39.87,40.49,10495250,65.43,66.3,65.29,66.3,6409000,2026-01-24T03:44:57Z
CAT,2006-09-18,40.91,41.28,40,40,9292288,66.99,67.6,65.5,65.51,5674400,2026-01-24T03:44:57Z
CAT,2006-09-19,40.65,41.28,40.24,41.25,6546723,66.56,67.6,65.89,67.55,3997800,2026-01-24T03:44:57Z
CAT,2006-09-20,40.23,41.07,40.21,40.88,8029708,65.88,67.25,65.85,66.95,4903400,2026-01-24T03:44:57Z
CAT,2006-09-21,39.41,40.54,39.22,40.53,14663060,64.54,66.39,64.23,66.37,8954100,2026-01-24T03:44:57Z
CAT,2006-09-22,38.33,39.49,37.92,39.41,18232022,62.77,64.67,62.09,64.54,11133500,2026-01-24T03:44:57Z
CAT,2006-09-25,39.28,39.63,38.33,38.45,12577785,64.33,64.9,62.76,62.97,7680700,2026-01-24T03:44:57Z
CAT,2006-09-26,40.24,40.64,39.26,39.3,12482456,65.9,66.55,64.29,64.36,7622500,2026-01-24T03:44:57Z
CAT,2006-09-27,40.11,40.82,39.78,40.24,8241626,65.68,66.85,65.14,65.9,5032800,2026-01-24T03:44:57Z
CAT,2006-09-28,40.66,40.66,39.8,40.08,9622270,66.59,66.59,65.17,65.64,5875900,2026-01-24T03:44:57Z
CAT,2006-09-29,40.18,40.95,40.15,40.91,7008686,65.8,67.06,65.75,67,4279900,2026-01-24T03:44:57Z
CAT,2006-10-02,39.91,40.6,39.88,39.97,6996897,65.36,66.48,65.3,65.45,4272700,2026-01-24T03:44:57Z
CAT,2006-10-03,39.76,40.13,39.38,39.92,9220392,65.11,65.71,64.49,65.37,5630500,2026-01-24T03:44:57Z
CAT,2006-10-04,40.02,40.02,38.78,38.97,11638957,65.54,65.54,63.5,63.81,7107400,2026-01-24T03:44:57Z
CAT,2006-10-05,41.67,42.02,39.88,39.94,20004208,68.24,68.81,65.3,65.4,12215700,2026-01-24T03:44:57Z
CAT,2006-10-06,41.56,41.59,40.63,41.23,10788055,68.05,68.11,66.54,67.51,6587800,2026-01-24T03:44:57Z
CAT,2006-10-09,42.07,42.72,41.39,41.4,11200413,68.9,69.95,67.78,67.8,6839600,2026-01-24T03:44:57Z
CAT,2006-10-10,42.17,42.39,41.82,42.32,7693693,69.06,69.41,68.49,69.3,4698200,2026-01-24T03:44:57Z
CAT,2006-10-11,41.72,42.02,41.23,42.01,5641790,68.32,68.81,67.52,68.8,3445200,2026-01-24T03:44:57Z
CAT,2006-10-12,42.29,42.54,41.87,41.95,7081225,69.25,69.67,68.56,68.7,4324200,2026-01-24T03:44:57Z
CAT,2006-10-13,42.18,42.41,41.94,42.41,5708767,69.08,69.45,68.68,69.45,3486100,2026-01-24T03:44:57Z
CAT,2006-10-16,42.7,42.9,42.14,42.34,10949202,69.93,70.25,69,69.33,6686200,2026-01-24T03:44:57Z
CAT,2006-10-17,42.68,42.82,41.87,42.55,9889354,69.9,70.12,68.57,69.68,6039000,2026-01-24T03:44:57Z
CAT,2006-10-18,42.18,43.31,41.95,43.21,10774129,69.08,70.92,68.7,70.76,6579300,2026-01-24T03:44:57Z
CAT,2006-10-19,42.33,42.41,41.76,42.13,8052555,69.02,69.15,68.09,68.69,4938800,2026-01-24T03:44:57Z
CAT,2006-10-20,36.19,38.2,36.08,38,110542877,59,62.28,58.82,61.96,67798200,2026-01-24T03:44:57Z
CAT,2006-10-23,37.06,37.19,36.28,36.8,36094200,60.42,60.63,59.16,60,22137300,2026-01-24T03:44:57Z
CAT,2006-10-24,37.37,37.9,37.25,37.6,19000026,60.93,61.8,60.73,61.3,11653100,2026-01-24T03:44:57Z
CAT,2006-10-25,37.97,38.08,37.28,37.56,18844293,61.91,62.09,60.78,61.24,11557600,2026-01-24T03:44:57Z
CAT,2006-10-26,38.24,38.5,38.09,38.46,17194939,62.35,62.78,62.11,62.7,10546000,2026-01-24T03:44:57Z
CAT,2006-10-27,37.58,38.24,37.55,38.24,14747936,61.27,62.35,61.22,62.35,9045200,2026-01-24T03:44:57Z
CAT,2006-10-30,37.27,37.53,37.1,37.52,8748944,60.76,61.19,60.49,61.17,5365900,2026-01-24T03:44:57Z
CAT,2006-10-31,37.23,37.49,37.01,37.41,11347407,60.71,61.13,60.34,61,6959600,2026-01-24T03:44:57Z
CAT,2006-11-01,37.11,37.42,36.84,37.24,14850144,60.5,61.02,60.06,60.71,9107900,2026-01-24T03:44:57Z
CAT,2006-11-02,37.14,37.49,36.95,37.11,12847928,60.56,61.12,60.25,60.5,7879900,2026-01-24T03:44:57Z
CAT,2006-11-03,37.06,37.37,36.95,37.19,10622521,60.43,60.93,60.25,60.63,6515000,2026-01-24T03:44:57Z
CAT,2006-11-06,36.71,37.16,36.6,37.04,15619742,59.85,60.59,59.68,60.4,9579900,2026-01-24T03:44:57Z
CAT,2006-11-07,36.75,37.04,36.71,36.78,12489413,59.92,60.4,59.86,59.97,7660000,2026-01-24T03:44:57Z
CAT,2006-11-08,36.86,37.04,36.52,36.75,18766238,60.1,60.4,59.54,59.92,11509700,2026-01-24T03:44:57Z
CAT,2006-11-09,36.31,37.04,36.19,36.99,12684549,59.2,60.4,59,60.31,7779700,2026-01-24T03:44:57Z
CAT,2006-11-10,36.55,36.61,36.18,36.46,9728844,59.6,59.69,58.99,59.45,5966900,2026-01-24T03:44:57Z
CAT,2006-11-13,36.5,36.93,36.33,36.35,8379477,59.52,60.21,59.24,59.26,5139300,2026-01-24T03:44:57Z
CAT,2006-11-14,37.02,37.07,36.59,36.74,10120001,60.36,60.44,59.66,59.9,6206800,2026-01-24T03:44:57Z
CAT,2006-11-15,37.69,37.82,37.03,37.11,14049278,61.45,61.66,60.37,60.5,8616700,2026-01-24T03:44:57Z
CAT,2006-11-16,37.64,38.09,37.6,37.81,7881681,61.37,62.11,61.31,61.65,4834000,2026-01-24T03:44:57Z
CAT,2006-11-17,37.38,37.64,37.08,37.64,12929145,60.94,61.37,60.45,61.37,7929700,2026-01-24T03:44:57Z
CAT,2006-11-20,37.36,37.46,37.11,37.11,6129104,60.91,61.08,60.5,60.51,3759100,2026-01-24T03:44:57Z
CAT,2006-11-21,38.14,38.27,36.92,37.14,14709276,62.19,62.4,60.2,60.55,9021500,2026-01-24T03:44:57Z
CAT,2006-11-22,38.51,38.7,37.95,38.6,11760896,62.79,63.1,61.88,62.93,7213200,2026-01-24T03:44:57Z
CAT,2006-11-24,38.56,38.84,38.1,38.3,4835815,62.87,63.33,62.12,62.45,2965900,2026-01-24T03:44:57Z
CAT,2006-11-27,38.01,38.76,37.93,38.39,9485760,61.97,63.19,61.85,62.6,5817800,2026-01-24T03:44:57Z
CAT,2006-11-28,37.78,38,37.17,37.87,10903936,61.6,61.96,60.6,61.75,6687600,2026-01-24T03:44:57Z
CAT,2006-11-29,38.06,38.31,37.84,38.06,5857292,62.06,62.46,61.7,62.05,3592400,2026-01-24T03:44:57Z
CAT,2006-11-30,38.04,38.46,37.79,38.12,6516995,62.03,62.7,61.61,62.15,3997000,2026-01-24T03:44:57Z
CAT,2006-12-01,37.53,38.3,36.98,38.3,11729424,61.19,62.44,60.3,62.44,7193900,2026-01-24T03:44:57Z
CAT,2006-12-04,37.71,37.9,37.38,37.65,8078316,61.49,61.79,60.95,61.39,4954600,2026-01-24T03:44:57Z
CAT,2006-12-05,38.12,38.33,37.65,37.72,7351145,62.15,62.5,61.39,61.5,4508600,2026-01-24T03:44:57Z
CAT,2006-12-06,38.67,38.7,38.05,38.21,9891091,63.05,63.1,62.04,62.3,6066400,2026-01-24T03:44:57Z
CAT,2006-12-07,38.64,39.22,38.49,38.79,8792464,63,63.95,62.75,63.25,5392600,2026-01-24T03:44:57Z
CAT,2006-12-08,38.88,39.18,38.64,38.64,6682806,63.4,63.88,63,63,4098700,2026-01-24T03:44:57Z
CAT,2006-12-11,38.68,39.04,38.43,39.01,7662719,63.07,63.66,62.66,63.6,4699700,2026-01-24T03:44:57Z
CAT,2006-12-12,38.2,38.82,37.76,38.64,10921532,62.28,63.3,61.56,63,6698400,2026-01-24T03:44:57Z
CAT,2006-12-13,37.71,38.33,37.59,38.32,8331691,61.49,62.5,61.29,62.48,5110000,2026-01-24T03:44:57Z
CAT,2006-12-14,38.1,38.31,37.73,37.84,8727589,62.12,62.47,61.51,61.69,5352800,2026-01-24T03:44:57Z
CAT,2006-12-15,37.92,38.48,37.87,38.42,9397689,61.82,62.74,61.75,62.64,5763800,2026-01-24T03:44:57Z
CAT,2006-12-18,37.98,38.39,37.82,38.13,8654040,61.92,62.59,61.66,62.17,5307700,2026-01-24T03:44:57Z
CAT,2006-12-19,37.73,38.03,37.51,37.7,7019001,61.52,62,61.15,61.47,4304900,2026-01-24T03:44:57Z
CAT,2006-12-20,37.64,37.96,37.35,37.66,9140566,61.37,61.89,60.9,61.4,5606100,2026-01-24T03:44:57Z
CAT,2006-12-21,37.3,37.74,37.03,37.51,5474628,60.81,61.53,60.38,61.15,3357700,2026-01-24T03:44:57Z
CAT,2006-12-22,37.16,37.35,37.01,37.3,4545583,60.59,60.89,60.35,60.81,2787900,2026-01-24T03:44:57Z
CAT,2006-12-26,37.35,37.49,37.1,37.11,3151861,60.9,61.13,60.49,60.5,1933100,2026-01-24T03:44:57Z
CAT,2006-12-27,37.7,37.77,37.35,37.41,4522595,61.47,61.58,60.9,61,2773800,2026-01-24T03:44:57Z
CAT,2006-12-28,37.6,37.93,37.58,37.65,3917199,61.31,61.85,61.27,61.38,2402500,2026-01-24T03:44:57Z
CAT,2006-12-29,37.61,37.81,37.45,37.49,3853781,61.33,61.65,61.06,61.12,2363600,2026-01-24T03:44:57Z
CAT,2007-01-03,37.51,38.22,37.23,37.85,10009280,61.16,62.31,60.7,61.71,6138900,2026-01-24T03:44:57Z
CAT,2007-01-04,37.41,37.58,37.01,37.57,6620038,61,61.28,60.34,61.25,4060200,2026-01-24T03:44:57Z
CAT,2007-01-05,36.93,37.36,36.77,37.27,10218328,60.22,60.92,59.95,60.77,6267100,2026-01-24T03:44:57Z
CAT,2007-01-08,36.98,37.15,36.71,36.85,6428937,60.29,60.57,59.86,60.09,3943000,2026-01-24T03:44:57Z
CAT,2007-01-09,37.18,37.23,36.8,37.08,6406273,60.62,60.7,60,60.46,3929100,2026-01-24T03:44:57Z
CAT,2007-01-10,37,37.04,36.71,36.92,11128111,60.32,60.39,59.85,60.19,6825100,2026-01-24T03:44:57Z
CAT,2007-01-11,36.8,37.16,36.74,36.89,12132166,60,60.58,59.9,60.14,7440900,2026-01-24T03:44:57Z
CAT,2007-01-12,36.64,36.74,36.31,36.59,10697199,59.74,59.9,59.2,59.66,6560800,2026-01-24T03:44:57Z
CAT,2007-01-16,36.33,36.76,36.25,36.72,11155833,59.24,59.93,59.1,59.87,6842100,2026-01-24T03:44:57Z
CAT,2007-01-17,36.74,37.22,36.34,36.41,11830040,59.91,60.68,59.25,59.36,7255600,2026-01-24T03:44:57Z
CAT,2007-01-18,36.92,37.17,36.74,36.74,11401065,59.9,60.3,59.6,59.6,7027700,2026-01-24T03:44:57Z
CAT,2007-01-19,36.6,37.11,36.54,37.05,9022767,59.37,60.2,59.28,60.1,5561700,2026-01-24T03:44:57Z
CAT,2007-01-22,35.86,36.7,35.74,36.6,16030477,58.17,59.53,57.98,59.37,9881300,2026-01-24T03:44:57Z
CAT,2007-01-23,36.71,36.71,35.86,36.02,13932191,59.56,59.56,58.17,58.43,8587900,2026-01-24T03:44:57Z
CAT,2007-01-24,36.82,37.06,36.4,36.85,13004066,59.73,60.12,59.05,59.79,8015800,2026-01-24T03:44:57Z
CAT,2007-01-25,36.76,37.06,36.6,36.89,12138424,59.63,60.12,59.38,59.85,7482200,2026-01-24T03:44:57Z
CAT,2007-01-26,37.66,37.86,37.29,37.76,20198506,61.09,61.42,60.5,61.26,12450500,2026-01-24T03:44:57Z
CAT,2007-01-29,38.03,38.4,37.64,37.78,15588407,61.7,62.29,61.07,61.29,9608800,2026-01-24T03:44:57Z
CAT,2007-01-30,38.76,38.93,38.19,38.31,14522861,62.88,63.16,61.96,62.15,8952000,2026-01-24T03:44:57Z
CAT,2007-01-31,39.49,39.66,38.82,38.92,15636259,64.07,64.34,62.98,63.14,9638300,2026-01-24T03:44:57Z
CAT,2007-02-01,40.06,40.22,39.73,39.94,16665932,64.99,65.25,64.45,64.8,10273000,2026-01-24T03:44:57Z
CAT,2007-02-02,40.22,40.29,39.79,40.07,9687931,65.25,65.37,64.55,65,5971700,2026-01-24T03:44:57Z
CAT,2007-02-05,39.75,40.25,39.64,40.22,8522774,64.49,65.3,64.31,65.25,5253500,2026-01-24T03:44:57Z
CAT,2007-02-06,39.71,40.04,39.65,39.76,7905660,64.42,64.95,64.32,64.5,4873100,2026-01-24T03:44:57Z
CAT,2007-02-07,40.46,40.62,39.85,40.01,10620108,65.64,65.9,64.65,64.9,6546300,2026-01-24T03:44:57Z
CAT,2007-02-08,40.45,40.59,39.98,40.42,7346767,65.63,65.85,64.86,65.58,4528600,2026-01-24T03:44:57Z
CAT,2007-02-09,39.94,40.68,39.88,40.68,9046290,64.8,65.99,64.69,65.99,5576200,2026-01-24T03:44:57Z
CAT,2007-02-12,39.82,40.18,39.62,39.91,8075182,64.6,65.18,64.28,64.75,4977600,2026-01-24T03:44:57Z
CAT,2007-02-13,39.9,40.18,39.64,39.88,8054910,64.73,65.18,64.31,64.7,4965100,2026-01-24T03:44:57Z
CAT,2007-02-14,40.78,40.98,40.17,40.34,12206217,66.16,66.48,65.17,65.45,7524000,2026-01-24T03:44:57Z
CAT,2007-02-15,41.68,42.04,41.3,41.92,15520442,67.62,68.2,67,68,9566900,2026-01-24T03:44:57Z
CAT,2007-02-16,41.71,41.94,41.48,41.79,6895129,67.67,68.04,67.3,67.79,4250200,2026-01-24T03:44:57Z
CAT,2007-02-20,41.87,41.92,41.31,41.63,11298223,67.93,68,67.01,67.54,6964300,2026-01-24T03:44:57Z
CAT,2007-02-21,42.05,42.14,41.5,41.66,11721643,68.21,68.36,67.33,67.59,7225300,2026-01-24T03:44:57Z
CAT,2007-02-22,41.78,42.18,41.5,42.07,8094320,67.78,68.43,67.33,68.25,4989400,2026-01-24T03:44:57Z
CAT,2007-02-23,41.46,41.71,41.34,41.61,6127774,67.26,67.66,67.07,67.51,3777200,2026-01-24T03:44:57Z
CAT,2007-02-26,41.46,41.77,41.34,41.67,6473488,67.26,67.77,67.07,67.6,3990300,2026-01-24T03:44:57Z
CAT,2007-02-27,39.96,40.79,39.15,40.71,17518280,64.83,66.17,63.51,66.05,10798400,2026-01-24T03:44:57Z
CAT,2007-02-28,39.72,40.1,38.84,39.86,15506314,64.43,65.06,63.01,64.67,9558200,2026-01-24T03:44:57Z
CAT,2007-03-01,39.39,39.63,38.68,39.39,12968868,63.9,64.29,62.75,63.9,7994100,2026-01-24T03:44:57Z
CAT,2007-03-02,38.86,39.55,38.8,39.08,9794664,63.04,64.16,62.94,63.4,6037500,2026-01-24T03:44:57Z
CAT,2007-03-05,38.94,39.33,38.43,38.54,10891188,63.17,63.8,62.34,62.52,6713400,2026-01-24T03:44:57Z
CAT,2007-03-06,39.22,39.53,38.95,39.18,8696529,63.62,64.13,63.19,63.56,5360600,2026-01-24T03:44:57Z
CAT,2007-03-07,39.59,39.85,39.22,39.28,8572749,64.23,64.65,63.63,63.73,5284300,2026-01-24T03:44:57Z
CAT,2007-03-08,39.64,40.06,39.45,39.8,6823734,64.3,64.99,64,64.56,4206200,2026-01-24T03:44:57Z
CAT,2007-03-09,39.7,39.94,39.46,39.73,5301044,64.4,64.8,64.01,64.46,3267600,2026-01-24T03:44:57Z
CAT,2007-03-12,39.8,40,39.22,39.64,8028948,64.57,64.89,63.63,64.3,4949100,2026-01-24T03:44:57Z
CAT,2007-03-13,39.04,39.85,38.95,39.52,10212088,63.34,64.65,63.18,64.11,6294800,2026-01-24T03:44:57Z
CAT,2007-03-14,39.23,39.31,38.58,38.96,10726528,63.64,63.78,62.58,63.21,6611900,2026-01-24T03:44:57Z
CAT,2007-03-15,39.12,39.4,38.94,39.14,7377428,63.46,63.91,63.17,63.49,4547500,2026-01-24T03:44:57Z
CAT,2007-03-16,38.93,39.52,38.77,39.28,8504438,63.16,64.11,62.9,63.72,5242200,2026-01-24T03:44:57Z
CAT,2007-03-19,39.55,39.91,39.38,39.85,8234988,64.17,64.75,63.89,64.65,5076100,2026-01-24T03:44:57Z
CAT,2007-03-20,39.98,40.18,39.46,39.56,7674810,64.86,65.18,64.01,64.17,4730800,2026-01-24T03:44:57Z
CAT,2007-03-21,40.81,40.96,40.06,40.13,9515467,66.21,66.45,64.99,65.1,5865400,2026-01-24T03:44:57Z
CAT,2007-03-22,41.02,41.22,40.65,41.07,7804587,66.54,66.87,65.94,66.62,4810800,2026-01-24T03:44:57Z
CAT,2007-03-23,41.23,41.56,41.05,41.08,6695089,66.88,67.43,66.6,66.65,4126900,2026-01-24T03:44:57Z
CAT,2007-03-26,41.2,41.74,40.84,41.58,12403830,66.84,67.72,66.26,67.45,7645800,2026-01-24T03:44:57Z
CAT,2007-03-27,41.23,41.32,40.77,40.87,6922049,66.88,67.04,66.14,66.31,4266800,2026-01-24T03:44:57Z
CAT,2007-03-28,40.83,41.14,40.53,41.02,7184701,66.24,66.74,65.75,66.55,4428700,2026-01-24T03:44:57Z
CAT,2007-03-29,40.8,41.24,40.46,41.1,6087858,66.19,66.91,65.63,66.67,3752600,2026-01-24T03:44:57Z
CAT,2007-03-30,41.32,41.73,41.08,41.11,10085072,67.03,67.69,66.65,66.7,6216500,2026-01-24T03:44:57Z
CAT,2007-04-02,41.15,41.39,40.7,41.32,7977190,66.75,67.15,66.02,67.04,4917200,2026-01-24T03:44:57Z
CAT,2007-04-03,41.45,41.73,41.2,41.43,8217460,67.24,67.7,66.84,67.21,5065300,2026-01-24T03:44:57Z
CAT,2007-04-04,41.6,41.77,41.26,41.45,5284338,67.48,67.76,66.93,67.24,3257300,2026-01-24T03:44:57Z
CAT,2007-04-05,41.69,41.92,41.55,41.6,5893347,67.63,68,67.4,67.48,3632700,2026-01-24T03:44:57Z
CAT,2007-04-09,41.51,42.03,41.35,41.77,6133291,67.34,68.19,67.08,67.76,3780600,2026-01-24T03:44:57Z
CAT,2007-04-10,41.27,41.64,40.93,41.42,6002372,66.95,67.55,66.4,67.2,3699900,2026-01-24T03:44:57Z
CAT,2007-04-11,40.9,41.4,40.71,41.3,6131825,66.35,67.17,66.05,67,3779700,2026-01-24T03:44:57Z
CAT,2007-04-12,41.08,41.15,40.6,40.74,6518105,66.64,66.75,65.86,66.1,4017800,2026-01-24T03:44:57Z
CAT,2007-04-13,41.17,41.32,40.89,41.27,5596305,66.79,67.03,66.33,66.95,3449600,2026-01-24T03:44:57Z
CAT,2007-04-16,41.24,41.5,40.97,41.32,8316426,66.9,67.33,66.47,67.03,5126300,2026-01-24T03:44:57Z
CAT,2007-04-17,41.71,41.77,41.18,41.3,12847031,67.66,67.76,66.8,67,7919000,2026-01-24T03:44:57Z
CAT,2007-04-18,42.76,43.06,42.17,42.17,15362434,69.37,69.86,68.41,68.41,9469500,2026-01-24T03:44:57Z
CAT,2007-04-19,42.48,42.67,42.15,42.54,11248862,68.62,68.93,68.08,68.71,6964000,2026-01-24T03:44:57Z
CAT,2007-04-20,44.46,45.09,43.78,44.59,30714581,71.82,72.83,70.71,72.03,19014900,2026-01-24T03:44:57Z
CAT,2007-04-23,44.48,45.19,44.41,44.7,17378894,71.85,73,71.74,72.2,10759000,2026-01-24T03:44:57Z
CAT,2007-04-24,45.08,45.16,44.47,44.51,11060697,72.81,72.94,71.83,71.9,6847500,2026-01-24T03:44:57Z
CAT,2007-04-25,45.34,45.5,44.58,45.19,9378538,73.23,73.49,72.01,73,5806100,2026-01-24T03:44:57Z
CAT,2007-04-26,45.19,45.4,44.95,45.22,7286738,73,73.34,72.61,73.05,4511100,2026-01-24T03:44:57Z
CAT,2007-04-27,45.66,45.87,44.88,44.95,10518290,73.76,74.1,72.5,72.6,6511700,2026-01-24T03:44:57Z
CAT,2007-04-30,44.96,45.76,44.89,45.54,8434069,72.62,73.92,72.51,73.56,5221400,2026-01-24T03:44:57Z
CAT,2007-05-01,45.34,45.39,44.44,44.95,8536323,73.24,73.31,71.78,72.6,5284700,2026-01-24T03:44:57Z
CAT,2007-05-02,45.44,45.99,45.29,45.39,7034904,73.4,74.29,73.15,73.31,4355200,2026-01-24T03:44:57Z
CAT,2007-05-03,45.42,45.62,45.13,45.39,7025541,73.36,73.69,72.89,73.31,4349400,2026-01-24T03:44:57Z
CAT,2007-05-04,45.26,45.92,45.09,45.69,5602798,73.1,74.18,72.83,73.8,3468600,2026-01-24T03:44:57Z
CAT,2007-05-07,44.99,45.45,44.81,45.16,5867220,72.67,73.42,72.38,72.95,3632300,2026-01-24T03:44:57Z
CAT,2007-05-08,45.46,45.72,44.72,44.88,7347151,73.43,73.85,72.24,72.5,4548500,2026-01-24T03:44:57Z
CAT,2007-05-09,46.28,46.28,45.38,45.44,9129300,74.75,74.76,73.3,73.4,5651800,2026-01-24T03:44:57Z
CAT,2007-05-10,45.69,46.37,45.45,46.13,7328890,73.81,74.9,73.41,74.51,4537200,2026-01-24T03:44:57Z
CAT,2007-05-11,46.36,46.43,45.72,45.87,8963244,74.88,75,73.85,74.1,5549000,2026-01-24T03:44:57Z
CAT,2007-05-14,47.24,47.34,46.18,46.43,12992262,76.3,76.46,74.6,75,8043300,2026-01-24T03:44:57Z
CAT,2007-05-15,47.06,47.57,46.92,47.07,9068232,76.01,76.84,75.79,76.03,5614000,2026-01-24T03:44:57Z
CAT,2007-05-16,47.02,47.54,46.51,47.36,9526014,75.95,76.79,75.13,76.5,5897400,2026-01-24T03:44:57Z
CAT,2007-05-17,46.33,46.56,45.72,46.54,11995611,74.84,75.2,73.85,75.18,7426300,2026-01-24T03:44:57Z
CAT,2007-05-18,46.29,46.59,46.1,46.44,8398539,74.77,75.25,74.47,75.01,5199400,2026-01-24T03:44:57Z
CAT,2007-05-21,46.34,46.59,46.01,46.29,7181098,74.85,75.26,74.32,74.77,4445700,2026-01-24T03:44:57Z
CAT,2007-05-22,46.75,46.88,46.3,46.34,8352668,75.51,75.73,74.78,74.85,5171000,2026-01-24T03:44:57Z
CAT,2007-05-23,47.07,47.82,46.93,46.98,9179036,76.03,77.25,75.81,75.88,5682600,2026-01-24T03:44:57Z
CAT,2007-05-24,46.7,47.66,46.48,47.07,10202494,75.43,76.98,75.08,76.03,6316200,2026-01-24T03:44:57Z
CAT,2007-05-25,46.87,47.42,46.65,46.66,5390861,75.71,76.59,75.35,75.37,3337400,2026-01-24T03:44:57Z
CAT,2007-05-29,46.9,47.24,46.61,46.94,6164432,75.75,76.31,75.28,75.82,3816300,2026-01-24T03:44:57Z
CAT,2007-05-30,48.59,48.69,46.62,46.68,13833828,78.48,78.64,75.3,75.4,8564300,2026-01-24T03:44:57Z
CAT,2007-05-31,48.65,48.84,48.21,48.66,9268698,78.58,78.89,77.88,78.6,5738100,2026-01-24T03:44:57Z
CAT,2007-06-01,48.38,49.19,48.13,48.87,10551077,78.14,79.46,77.74,78.94,6532000,2026-01-24T03:44:57Z
CAT,2007-06-04,48.47,48.54,47.99,48.28,5213184,78.29,78.41,77.51,77.99,3227400,2026-01-24T03:44:57Z
CAT,2007-06-05,48.69,48.83,48.17,48.36,5622495,78.65,78.88,77.8,78.12,3480800,2026-01-24T03:44:57Z
CAT,2007-06-06,48.71,48.98,48.29,48.36,8714654,78.68,79.12,78,78.12,5395100,2026-01-24T03:44:57Z
CAT,2007-06-07,47.86,49.08,47.73,48.56,10286484,77.31,79.28,77.1,78.43,6368200,2026-01-24T03:44:57Z
CAT,2007-06-08,48.61,48.65,47.7,47.82,8507564,78.52,78.58,77.05,77.24,5266900,2026-01-24T03:44:57Z
CAT,2007-06-11,48.75,49.19,48.33,48.49,5966875,78.75,79.46,78.06,78.32,3694000,2026-01-24T03:44:57Z
CAT,2007-06-12,48.34,49.11,48.3,48.47,7396246,78.08,79.33,78.02,78.3,4578900,2026-01-24T03:44:57Z
CAT,2007-06-13,49.48,49.51,48.3,48.57,12860609,79.93,79.97,78.01,78.46,7961800,2026-01-24T03:44:57Z
CAT,2007-06-14,49.98,50.15,49.21,49.21,9997826,80.73,81,79.48,79.48,6189500,2026-01-24T03:44:57Z
CAT,2007-06-15,50.21,50.52,50.15,50.49,9531824,81.11,81.6,81,81.55,5901000,2026-01-24T03:44:57Z
CAT,2007-06-18,50.67,50.85,50.18,50.21,7346986,81.85,82.13,81.06,81.11,4548400,2026-01-24T03:44:57Z
CAT,2007-06-19,51.07,51.26,50.51,50.67,6545630,82.49,82.8,81.58,81.85,4052300,2026-01-24T03:44:57Z
CAT,2007-06-20,50.38,51.32,50.31,51.31,6723475,81.38,82.89,81.26,82.88,4162400,2026-01-24T03:44:57Z
CAT,2007-06-21,50.44,50.54,49.66,50.15,8741620,81.47,81.63,80.22,81.01,5411800,2026-01-24T03:44:57Z
CAT,2007-06-22,50.08,50.76,50,50.44,8293865,80.9,81.99,80.77,81.47,5134600,2026-01-24T03:44:57Z
CAT,2007-06-25,49.96,50.51,49.62,49.93,7085465,80.7,81.58,80.15,80.65,4386500,2026-01-24T03:44:57Z
CAT,2007-06-26,49.71,50.23,49.65,50.12,8945143,80.29,81.14,80.2,80.95,5537800,2026-01-24T03:44:57Z
CAT,2007-06-27,49.22,49.71,48.56,49.54,12687769,79.51,80.29,78.44,80.02,7854800,2026-01-24T03:44:57Z
CAT,2007-06-28,48.96,49.3,48.69,49.25,7650972,79.09,79.63,78.65,79.55,4736600,2026-01-24T03:44:57Z
CAT,2007-06-29,48.47,49.12,48,48.92,12136473,78.3,79.35,77.53,79.02,7513500,2026-01-24T03:44:57Z
CAT,2007-07-02,49.81,50.07,48.6,48.66,7861615,80.45,80.87,78.51,78.6,4867000,2026-01-24T03:44:57Z
CAT,2007-07-03,48.28,49.03,48.04,49.03,10122850,77.99,79.19,77.6,79.19,6266900,2026-01-24T03:44:57Z
CAT,2007-07-05,47.97,48.52,47.77,48.29,7123914,77.49,78.38,77.16,78,4410300,2026-01-24T03:44:57Z
CAT,2007-07-06,48.79,48.99,48.04,48.14,7643390,78.81,79.14,77.6,77.76,4731900,2026-01-24T03:44:57Z
CAT,2007-07-09,49.42,50.02,48.96,49.06,10487424,79.83,80.79,79.08,79.24,6492600,2026-01-24T03:44:57Z
CAT,2007-07-10,50.28,50.67,49.53,49.54,16175673,81.22,81.84,80,80.02,10014100,2026-01-24T03:44:57Z
CAT,2007-07-11,50.87,51.12,50.28,50.39,10739906,82.17,82.58,81.22,81.4,6648900,2026-01-24T03:44:57Z
CAT,2007-07-12,52.06,52.1,50.87,51.37,11571444,84.09,84.15,82.17,82.98,7163700,2026-01-24T03:44:57Z
CAT,2007-07-13,52.7,53.18,52.42,52.56,10242393,85.13,85.9,84.67,84.9,6340900,2026-01-24T03:44:57Z
CAT,2007-07-16,53.18,53.55,52.78,53.22,9744561,85.9,86.49,85.26,85.97,6032700,2026-01-24T03:44:57Z
CAT,2007-07-17,53.53,53.86,53.24,53.4,9173875,86.47,87,85.99,86.25,5679400,2026-01-24T03:44:57Z
CAT,2007-07-18,53.61,54.07,52.74,53.45,11281346,86.23,86.98,84.83,85.98,7013300,2026-01-24T03:44:57Z
CAT,2007-07-19,54.07,54.09,53.23,53.94,10065262,86.98,87,85.63,86.76,6257300,2026-01-24T03:44:57Z
CAT,2007-07-20,51.72,51.72,48.65,49.58,62285913,83.2,83.2,78.26,79.75,38721400,2026-01-24T03:44:57Z
CAT,2007-07-23,50.98,51.59,50.6,51.27,16200665,82,82.99,81.39,82.47,10071500,2026-01-24T03:44:57Z
CAT,2007-07-24,50.77,51.21,50.3,50.87,13308287,81.66,82.37,80.91,81.82,8273400,2026-01-24T03:44:57Z
CAT,2007-07-25,50.04,51.01,49.46,50.99,15136275,80.5,82.06,79.56,82.02,9409800,2026-01-24T03:44:57Z
CAT,2007-07-26,48.67,50.25,47.74,49.41,18825523,78.29,80.83,76.8,79.48,11703300,2026-01-24T03:44:57Z
CAT,2007-07-27,47.26,49.72,46.78,48.93,20248782,76.02,79.98,75.25,78.7,12588100,2026-01-24T03:44:57Z
CAT,2007-07-30,47.89,48.34,47.04,47.86,10884680,77.04,77.75,75.67,76.99,6766700,2026-01-24T03:44:57Z
CAT,2007-07-31,48.99,49.55,48.41,48.56,17740689,78.8,79.7,77.87,78.11,11028900,2026-01-24T03:44:57Z
CAT,2007-08-01,49.81,49.91,48.54,48.87,16414917,80.13,80.28,78.08,78.61,10204700,2026-01-24T03:44:57Z
CAT,2007-08-02,50.15,50.23,49.11,49.89,10672504,80.67,80.8,79,80.25,6634800,2026-01-24T03:44:57Z
CAT,2007-08-03,49.09,50.62,49.06,49.8,12573998,78.96,81.42,78.92,80.11,7816900,2026-01-24T03:44:57Z
CAT,2007-08-06,50.36,50.42,48.27,49.11,11313828,81,81.11,77.65,79,7033500,2026-01-24T03:44:57Z
CAT,2007-08-07,50.01,50.7,49.4,49.97,10374762,80.44,81.56,79.46,80.38,6449700,2026-01-24T03:44:57Z
CAT,2007-08-08,50.29,51.06,49.54,49.92,11033784,80.9,82.13,79.69,80.3,6859400,2026-01-24T03:44:57Z
CAT,2007-08-09,48.79,50.03,48.75,49.5,13092762,78.48,80.48,78.41,79.62,8139400,2026-01-24T03:44:57Z
CAT,2007-08-10,48.21,48.8,47.8,48.29,13582876,77.55,78.5,76.89,77.68,8444100,2026-01-24T03:44:57Z
CAT,2007-08-13,48.43,49.3,48.37,48.56,6219672,77.9,79.3,77.81,78.11,3866600,2026-01-24T03:44:57Z
CAT,2007-08-14,47.73,48.62,47.61,48.43,8349894,76.77,78.21,76.59,77.91,5190900,2026-01-24T03:44:57Z
CAT,2007-08-15,46.59,48.07,46.33,47.56,11992822,74.95,77.32,74.53,76.5,7455600,2026-01-24T03:44:57Z
CAT,2007-08-16,45.38,46.07,43.88,45.38,25821950,73,74.11,70.59,73,16052800,2026-01-24T03:44:57Z
CAT,2007-08-17,45.16,47.06,44.64,46.78,17312166,72.64,75.7,71.81,75.24,10762500,2026-01-24T03:44:57Z
CAT,2007-08-20,46.03,46.5,44.9,45.36,10906397,74.05,74.8,72.23,72.97,6780200,2026-01-24T03:44:57Z
CAT,2007-08-21,46.18,46.63,45.57,46.2,7620899,74.28,75,73.3,74.31,4737700,2026-01-24T03:44:57Z
CAT,2007-08-22,46.81,47.4,46.55,46.78,8423413,75.3,76.24,74.88,75.25,5236600,2026-01-24T03:44:57Z
CAT,2007-08-23,46.73,47.56,46.2,47.24,8925282,75.17,76.5,74.32,75.98,5548600,2026-01-24T03:44:57Z
CAT,2007-08-24,47.45,47.5,46.5,46.99,5603277,76.32,76.41,74.8,75.58,3483400,2026-01-24T03:44:57Z
CAT,2007-08-27,47.25,47.8,46.94,47.17,5044940,76,76.89,75.51,75.87,3136300,2026-01-24T03:44:57Z
CAT,2007-08-28,46.1,47.4,46.06,47.24,7484654,74.16,76.24,74.09,75.98,4653000,2026-01-24T03:44:57Z
CAT,2007-08-29,46.65,46.69,45.6,46.15,7079612,75.04,75.1,73.35,74.23,4401200,2026-01-24T03:44:57Z
CAT,2007-08-30,46.41,47.06,46.13,46.3,5758172,74.66,75.7,74.2,74.47,3579700,2026-01-24T03:44:57Z
CAT,2007-08-31,47.1,47.42,46.76,47.04,5374375,75.77,76.28,75.21,75.66,3341100,2026-01-24T03:44:57Z
CAT,2007-09-04,47.78,48.1,46.92,47.12,7193341,76.85,77.37,75.47,75.8,4471900,2026-01-24T03:44:57Z
CAT,2007-09-05,46.96,47.84,46.66,47.4,7521330,75.54,76.95,75.06,76.25,4675800,2026-01-24T03:44:57Z
CAT,2007-09-06,47.09,47.76,46.43,47.06,7427382,75.75,76.82,74.68,75.7,4617400,2026-01-24T03:44:57Z
CAT,2007-09-07,45.66,46.32,45.44,46.13,10291437,73.44,74.5,73.1,74.2,6397900,2026-01-24T03:44:57Z
CAT,2007-09-10,45.84,46.3,45.16,45.72,7660147,73.74,74.47,72.64,73.55,4762100,2026-01-24T03:44:57Z
CAT,2007-09-11,45.94,46.49,45.69,46.07,7542553,73.89,74.78,73.5,74.1,4689000,2026-01-24T03:44:57Z
CAT,2007-09-12,45.24,46,45.07,45.84,9139056,72.77,74,72.5,73.74,5681500,2026-01-24T03:44:57Z
CAT,2007-09-13,45.38,45.63,45.15,45.49,7507163,72.99,73.4,72.62,73.17,4667000,2026-01-24T03:44:57Z
CAT,2007-09-14,45.48,45.88,44.89,44.94,6480591,73.16,73.8,72.2,72.29,4028800,2026-01-24T03:44:57Z
CAT,2007-09-17,45.81,46.38,45.38,45.38,7497042,73.69,74.6,73,73,4660700,2026-01-24T03:44:57Z
CAT,2007-09-18,48.15,48.47,46.12,46.13,12000703,77.46,77.96,74.18,74.2,7460500,2026-01-24T03:44:57Z
CAT,2007-09-19,48.43,49.84,48.27,48.9,12221870,77.91,80.17,77.65,78.66,7598000,2026-01-24T03:44:57Z
CAT,2007-09-20,48.1,48.44,47.63,48.43,7263792,77.37,77.92,76.61,77.9,4515700,2026-01-24T03:44:57Z
CAT,2007-09-21,48.59,48.71,48.1,48.58,9571282,78.16,78.36,77.37,78.14,5950200,2026-01-24T03:44:57Z
CAT,2007-09-24,48.32,49.58,48.15,48.89,9140984,77.72,79.75,77.45,78.64,5682700,2026-01-24T03:44:57Z
CAT,2007-09-25,47.48,48.06,47.23,47.83,10872291,76.37,77.31,75.97,76.94,6759000,2026-01-24T03:44:57Z
CAT,2007-09-26,47.66,47.73,46.86,47.73,9703826,76.66,76.78,75.38,76.78,6032600,2026-01-24T03:44:57Z
CAT,2007-09-27,48.16,48.51,47.71,47.89,7678314,77.47,78.03,76.75,77.03,4773400,2026-01-24T03:44:57Z
CAT,2007-09-28,48.76,49.11,48.14,48.18,9079051,78.43,79,77.44,77.5,5644200,2026-01-24T03:44:57Z
CAT,2007-10-01,49.46,49.76,48.76,49.06,7206361,79.56,80.04,78.43,78.91,4480000,2026-01-24T03:44:57Z
CAT,2007-10-02,49.51,49.84,48.76,49.72,8122604,79.64,80.17,78.43,79.97,5049600,2026-01-24T03:44:57Z
CAT,2007-10-03,48.84,49.52,48.52,49.51,7415960,78.56,79.65,78.05,79.64,4610300,2026-01-24T03:44:57Z
CAT,2007-10-04,48.89,49.11,47.97,48.85,6926318,78.64,78.99,77.17,78.57,4305900,2026-01-24T03:44:57Z
CAT,2007-10-05,49.94,50.36,49.12,49.12,10708543,80.33,81,79.01,79.01,6657200,2026-01-24T03:44:57Z
CAT,2007-10-08,50.57,50.74,50.03,50.19,5843917,81.34,81.61,80.48,80.74,3633000,2026-01-24T03:44:57Z
CAT,2007-10-09,51.29,51.44,50.41,50.78,7881159,82.51,82.74,81.08,81.69,4899500,2026-01-24T03:44:57Z
CAT,2007-10-10,50.45,51.23,49.93,51.23,8312422,81.16,82.41,80.31,82.4,5167600,2026-01-24T03:44:57Z
CAT,2007-10-11,49.39,50.83,48.88,50.69,10912329,79.44,81.76,78.62,81.53,6783900,2026-01-24T03:44:57Z
CAT,2007-10-12,49.92,50.01,49.03,49.67,7210388,80.3,80.45,78.86,79.9,4482500,2026-01-24T03:44:57Z
CAT,2007-10-15,49.01,49.8,48.34,49.8,10569082,78.84,80.1,77.75,80.1,6570500,2026-01-24T03:44:57Z
CAT,2007-10-16,48.34,49.11,48.06,48.8,10166293,77.75,78.99,77.3,78.5,6320100,2026-01-24T03:44:57Z
CAT,2007-10-17,47.95,49.03,47.4,48.71,11751042,77.13,78.86,76.25,78.35,7305300,2026-01-24T03:44:57Z
CAT,2007-10-18,48.51,48.56,47,47.97,12473983,77.66,77.75,75.25,76.8,7791100,2026-01-24T03:44:57Z
CAT,2007-10-19,45.95,47.28,45.47,46.6,31561632,73.57,75.7,72.8,74.61,19713000,2026-01-24T03:44:57Z
CAT,2007-10-22,45.91,46.29,44.74,45.38,16473906,73.5,74.11,71.63,72.65,10289400,2026-01-24T03:44:57Z
CAT,2007-10-23,46.48,46.59,45.65,46.1,11448836,74.42,74.6,73.09,73.8,7150800,2026-01-24T03:44:57Z
CAT,2007-10-24,47.34,47.46,46.22,46.22,14655428,75.79,75.98,74,74,9153600,2026-01-24T03:44:57Z
CAT,2007-10-25,46.64,47.38,45.96,46.99,10549190,74.67,75.85,73.58,75.24,6588900,2026-01-24T03:44:57Z
CAT,2007-10-26,46.87,46.91,46.06,46.59,7756150,75.04,75.1,73.75,74.6,4844400,2026-01-24T03:44:57Z
CAT,2007-10-29,46.16,47.07,46.1,46.85,10314491,73.9,75.36,73.8,75.01,6442300,2026-01-24T03:44:57Z
CAT,2007-10-30,45.88,46.4,45.74,46.13,6548641,73.46,74.29,73.23,73.85,4090200,2026-01-24T03:44:57Z
CAT,2007-10-31,46.6,46.94,45.75,45.85,9955845,74.61,75.16,73.25,73.41,6218300,2026-01-24T03:44:57Z
CAT,2007-11-01,45.79,46.4,45.5,46.4,9890689,73.31,74.29,72.84,74.29,6177600,2026-01-24T03:44:57Z
CAT,2007-11-02,46.69,46.93,45.33,45.91,9556539,74.76,75.13,72.57,73.51,5968900,2026-01-24T03:44:57Z
CAT,2007-11-05,45.91,46.29,45.67,46.08,9585362,73.5,74.12,73.12,73.77,5986900,2026-01-24T03:44:57Z
CAT,2007-11-06,46.79,46.84,45.91,45.95,8154820,74.92,75,73.5,73.56,5093400,2026-01-24T03:44:57Z
CAT,2007-11-07,45.97,46.83,45.97,46.24,7482224,73.6,74.98,73.6,74.03,4673300,2026-01-24T03:44:57Z
CAT,2007-11-08,45.24,46.11,44.86,45.66,15449868,72.43,73.83,71.82,73.11,9649800,2026-01-24T03:44:57Z
CAT,2007-11-09,43.98,45.03,43.52,44.93,14074892,70.41,72.09,69.67,71.94,8791000,2026-01-24T03:44:57Z
CAT,2007-11-12,43.47,44.07,43.4,43.88,12150416,69.6,70.55,69.48,70.25,7589000,2026-01-24T03:44:57Z
CAT,2007-11-13,44.39,44.53,43.12,43.78,11596302,71.07,71.3,69.03,70.09,7242900,2026-01-24T03:44:57Z
CAT,2007-11-14,43.74,44.97,43.63,44.75,12016561,70.03,72,69.85,71.64,7505400,2026-01-24T03:44:57Z
CAT,2007-11-15,43.55,44.13,43.28,43.65,12327331,69.73,70.65,69.29,69.89,7699500,2026-01-24T03:44:57Z
CAT,2007-11-16,43.37,43.88,42.81,43.76,12232382,69.44,70.25,68.54,70.06,7640200,2026-01-24T03:44:57Z
CAT,2007-11-19,42.6,43.41,42.1,43.35,11824594,68.2,69.5,67.41,69.4,7385500,2026-01-24T03:44:57Z
CAT,2007-11-20,42.65,43.24,41.95,42.58,11988401,68.28,69.23,67.16,68.17,7487800,2026-01-24T03:44:57Z
CAT,2007-11-21,42.43,42.93,41.85,42.21,10104423,67.94,68.73,67,67.58,6311100,2026-01-24T03:44:57Z
CAT,2007-11-23,42.87,42.93,42.25,42.8,3938282,68.63,68.73,67.64,68.53,2459800,2026-01-24T03:44:57Z
CAT,2007-11-26,42.37,43.54,42.32,42.95,7236611,67.83,69.71,67.75,68.76,4519900,2026-01-24T03:44:57Z
CAT,2007-11-27,42.98,43.37,42.41,42.5,11365584,68.82,69.43,67.9,68.05,7098800,2026-01-24T03:44:57Z
CAT,2007-11-28,44.46,44.56,42.98,43.4,10626529,71.19,71.35,68.82,69.48,6637200,2026-01-24T03:44:57Z
CAT,2007-11-29,44.8,45.18,44.19,44.41,8440934,71.72,72.34,70.75,71.1,5272100,2026-01-24T03:44:57Z
CAT,2007-11-30,44.91,45.79,44.55,45.28,9053824,71.9,73.31,71.33,72.5,5654900,2026-01-24T03:44:57Z
CAT,2007-12-03,45.01,45.4,44.36,44.6,8814452,72.06,72.68,71.03,71.41,5505400,2026-01-24T03:44:57Z
CAT,2007-12-04,44.98,45.13,44.53,44.83,8138321,72.01,72.26,71.3,71.77,5083100,2026-01-24T03:44:57Z
CAT,2007-12-05,45.41,45.61,45.1,45.35,7073782,72.71,73.03,72.21,72.6,4418200,2026-01-24T03:44:57Z
CAT,2007-12-06,46.44,46.47,45.2,45.4,7459800,74.35,74.4,72.37,72.68,4659300,2026-01-24T03:44:57Z
CAT,2007-12-07,46.34,46.7,46.04,46.43,6091058,74.2,74.77,73.71,74.34,3804400,2026-01-24T03:44:57Z
CAT,2007-12-10,47.83,48.23,46.34,46.53,12119521,76.58,77.22,74.2,74.5,7569700,2026-01-24T03:44:57Z
CAT,2007-12-11,46.04,48.26,46.01,48,14070722,73.72,77.26,73.66,76.85,8788400,2026-01-24T03:44:57Z
CAT,2007-12-12,46.11,47.39,45.7,47,10954097,73.82,75.87,73.16,75.25,6841800,2026-01-24T03:44:57Z
CAT,2007-12-13,46.36,46.54,45.78,45.91,7537932,74.22,74.51,73.29,73.5,4708100,2026-01-24T03:44:57Z
CAT,2007-12-14,45.84,46.54,45.78,45.93,6537110,73.39,74.52,73.3,73.54,4083000,2026-01-24T03:44:57Z
CAT,2007-12-17,44.45,45.06,44.29,44.97,14958174,71.16,72.15,70.91,72,9342700,2026-01-24T03:44:57Z
CAT,2007-12-18,44.38,44.95,43.77,44.68,11810206,71.05,71.97,70.07,71.53,7376500,2026-01-24T03:44:57Z
CAT,2007-12-19,44.25,44.77,43.83,44.3,6794720,70.84,71.68,70.17,70.92,4243900,2026-01-24T03:44:57Z
CAT,2007-12-20,44.66,44.87,44.17,44.48,5261867,71.51,71.84,70.71,71.21,3286500,2026-01-24T03:44:57Z
CAT,2007-12-21,45.43,45.82,44.58,45,11742777,72.73,73.36,71.37,72.05,7334400,2026-01-24T03:44:57Z
CAT,2007-12-24,45.41,45.73,45.03,45.6,3483900,72.7,73.21,72.1,73,2176000,2026-01-24T03:44:57Z
CAT,2007-12-26,46.03,46.18,45.25,45.58,5549897,73.69,73.93,72.45,72.97,3466400,2026-01-24T03:44:57Z
CAT,2007-12-27,45.43,46.14,45.23,45.52,5344481,72.73,73.87,72.42,72.88,3338100,2026-01-24T03:44:57Z
CAT,2007-12-28,45.69,46,45.53,45.6,4880343,73.16,73.65,72.9,73.01,3048200,2026-01-24T03:44:57Z
CAT,2007-12-31,45.32,46.04,45.21,45.6,4225986,72.56,73.71,72.39,73,2639500,2026-01-24T03:44:57Z
CAT,2008-01-02,44.11,45.39,43.75,45.32,10147020,70.63,72.67,70.05,72.56,6337700,2026-01-24T03:44:57Z
CAT,2008-01-03,43.96,44.65,43.68,44.35,7022229,70.38,71.49,69.94,71.01,4386000,2026-01-24T03:44:57Z
CAT,2008-01-04,42.8,43.68,42.53,43.5,12323487,68.53,69.94,68.1,69.65,7697100,2026-01-24T03:44:57Z
CAT,2008-01-07,42.93,43.18,42.35,43.1,14073929,68.73,69.13,67.8,69,8790400,2026-01-24T03:44:57Z
CAT,2008-01-08,41.94,43.4,41.87,43.06,12268402,67.15,69.49,67.04,68.94,7662700,2026-01-24T03:44:57Z
CAT,2008-01-09,41.99,42.01,40.75,41.92,15763211,67.23,67.26,65.25,67.12,9845500,2026-01-24T03:44:57Z
CAT,2008-01-10,42.1,42.6,40.94,41.6,11070518,67.41,68.2,65.54,66.6,6914500,2026-01-24T03:44:57Z
CAT,2008-01-11,41.23,42.68,41.22,42.35,14805940,66.01,68.33,66,67.8,9247600,2026-01-24T03:44:57Z
CAT,2008-01-14,42.02,42.16,41.12,41.68,12979285,67.27,67.5,65.84,66.73,8106700,2026-01-24T03:44:57Z
CAT,2008-01-15,40.85,41.68,40.74,41.45,14976293,65.4,66.73,65.22,66.36,9354000,2026-01-24T03:44:57Z
CAT,2008-01-16,40.14,41.35,39.91,40.73,20941039,64.27,66.2,63.9,65.21,13079500,2026-01-24T03:44:57Z
CAT,2008-01-17,39.24,40.72,39.03,40.41,17530949,62.47,64.83,62.14,64.33,11011300,2026-01-24T03:44:57Z
CAT,2008-01-18,39.45,40.86,39.13,39.59,14687502,62.81,65.05,62.3,63.03,9225300,2026-01-24T03:44:57Z
CAT,2008-01-22,40.09,40.48,37.44,37.44,15714395,63.82,64.45,59.6,59.6,9870300,2026-01-24T03:44:57Z
CAT,2008-01-23,40.88,40.95,38.43,39.29,17347088,65.08,65.19,61.19,62.56,10895800,2026-01-24T03:44:57Z
CAT,2008-01-24,40.98,41.44,40.33,41.02,12995424,65.25,65.97,64.21,65.3,8162500,2026-01-24T03:44:57Z
CAT,2008-01-25,41.41,42.55,40.9,42.49,14785094,65.93,67.75,65.11,67.65,9286600,2026-01-24T03:44:57Z
CAT,2008-01-28,42.84,43.11,40.81,41.89,17487179,68.21,68.63,64.97,66.69,10983800,2026-01-24T03:44:57Z
CAT,2008-01-29,43.33,43.73,43.02,43.2,13188229,68.99,69.62,68.49,68.78,8283600,2026-01-24T03:44:57Z
CAT,2008-01-30,42.99,44.26,42.89,43.23,12584971,68.44,70.47,68.29,68.83,7904700,2026-01-24T03:44:57Z
CAT,2008-01-31,44.59,45,42.4,42.4,14054170,70.99,71.64,67.5,67.51,8827500,2026-01-24T03:44:57Z
CAT,2008-02-01,45.07,45.33,44.34,44.69,10390440,71.76,72.17,70.6,71.15,6526300,2026-01-24T03:44:57Z
CAT,2008-02-04,44.56,45.21,44.34,45.09,7268203,70.95,71.98,70.6,71.78,4565200,2026-01-24T03:44:57Z
CAT,2008-02-05,42.41,44.03,42.41,43.87,18642242,67.52,70.1,67.52,69.84,11709300,2026-01-24T03:44:57Z
CAT,2008-02-06,42.7,43.37,42.43,42.79,11630056,67.98,69.05,67.55,68.12,7304900,2026-01-24T03:44:57Z
CAT,2008-02-07,42.91,43.28,42.28,42.43,10357964,68.32,68.9,67.32,67.55,6505900,2026-01-24T03:44:57Z
CAT,2008-02-08,42.72,43.15,42.47,42.77,7157867,68.01,68.69,67.62,68.09,4495900,2026-01-24T03:44:57Z
CAT,2008-02-11,43.6,43.61,42.44,42.79,7927327,69.42,69.43,67.56,68.12,4979200,2026-01-24T03:44:57Z
CAT,2008-02-12,43.97,44.76,43.72,43.96,10672407,70,71.26,69.61,69.98,6703400,2026-01-24T03:44:57Z
CAT,2008-02-13,45,45.17,44.06,44.35,11943843,71.65,71.91,70.15,70.61,7502000,2026-01-24T03:44:57Z
CAT,2008-02-14,44.24,45.22,44.09,44.93,8627044,70.44,71.99,70.19,71.53,5418700,2026-01-24T03:44:57Z
CAT,2008-02-15,43.94,44.18,43.45,43.97,8526747,69.95,70.34,69.18,70,5355700,2026-01-24T03:44:57Z
CAT,2008-02-19,44.22,44.67,43.88,44.23,8621467,70.4,71.11,69.86,70.42,5415200,2026-01-24T03:44:57Z
CAT,2008-02-20,44.75,44.91,43.63,43.92,7510843,71.25,71.5,69.46,69.93,4717600,2026-01-24T03:44:57Z
CAT,2008-02-21,44.46,45.34,44.31,45.22,8551267,70.79,72.18,70.55,71.99,5371100,2026-01-24T03:44:57Z
CAT,2008-02-22,44.71,45,43.85,44.56,8331234,71.18,71.65,69.82,70.95,5232900,2026-01-24T03:44:57Z
CAT,2008-02-25,45.38,45.43,44.36,44.75,8262947,72.25,72.33,70.63,71.25,5190000,2026-01-24T03:44:57Z
CAT,2008-02-26,46.04,46.33,45.09,45.22,9877626,73.3,73.76,71.78,72,6204200,2026-01-24T03:44:57Z
CAT,2008-02-27,46.62,47.23,45.56,45.85,11404451,74.22,75.19,72.53,73,7163200,2026-01-24T03:44:57Z
CAT,2008-02-28,46.72,46.92,45.95,46.37,9591375,74.39,74.7,73.15,73.83,6024400,2026-01-24T03:44:57Z
CAT,2008-02-29,45.43,46.69,45.22,46.34,14047631,72.33,74.34,72,73.77,8823400,2026-01-24T03:44:57Z
CAT,2008-03-03,45.98,46.24,45.29,45.29,9719868,73.2,73.61,72.1,72.1,6105100,2026-01-24T03:44:57Z
CAT,2008-03-04,45.06,45.78,44.26,45.64,12734003,71.74,72.88,70.47,72.67,7998300,2026-01-24T03:44:57Z
CAT,2008-03-05,45.13,45.71,44.53,45.24,11556811,71.85,72.77,70.89,72.02,7258900,2026-01-24T03:44:57Z
CAT,2008-03-06,44.44,45.12,44.37,45,8664938,70.75,71.84,70.64,71.64,5442500,2026-01-24T03:44:57Z
CAT,2008-03-07,43.87,44.67,43.28,43.99,11082529,69.84,71.11,68.9,70.04,6961000,2026-01-24T03:44:57Z
CAT,2008-03-10,43.16,44.16,42.9,43.97,11376913,68.72,70.31,68.3,70,7145900,2026-01-24T03:44:57Z
CAT,2008-03-11,45.61,45.68,43.67,43.67,12385642,72.61,72.73,69.52,69.52,7779500,2026-01-24T03:44:57Z
CAT,2008-03-12,47.27,48.14,46.32,46.35,22840242,75.25,76.64,73.75,73.8,14346100,2026-01-24T03:44:57Z
CAT,2008-03-13,47.53,47.77,46.06,46.65,13627629,75.67,76.05,73.33,74.27,8559600,2026-01-24T03:44:57Z
CAT,2008-03-14,46.98,48.24,46.15,48.05,13645799,74.79,76.8,73.48,76.5,8571000,2026-01-24T03:44:57Z
CAT,2008-03-17,46.77,47.25,45.54,45.77,14191067,74.46,75.22,72.51,72.87,8913500,2026-01-24T03:44:57Z
CAT,2008-03-18,48.28,48.28,46.88,47.56,14973430,76.87,76.87,74.63,75.72,9404900,2026-01-24T03:44:57Z
CAT,2008-03-19,46.31,48.36,46.31,48.13,11745484,73.73,77,73.73,76.62,7377400,2026-01-24T03:44:57Z
CAT,2008-03-20,46.37,46.66,45.73,46.55,14743207,73.82,74.28,72.8,74.11,9260300,2026-01-24T03:44:57Z
CAT,2008-03-24,47.75,48.05,46.52,46.52,8555720,76.03,76.5,74.06,74.06,5373900,2026-01-24T03:44:57Z
CAT,2008-03-25,48.14,48.33,47.31,47.98,8297173,76.64,76.94,75.32,76.39,5211500,2026-01-24T03:44:57Z
CAT,2008-03-26,48.59,48.75,47.65,47.76,11939380,77.36,77.61,75.87,76.04,7499200,2026-01-24T03:44:57Z
CAT,2008-03-27,48.38,48.99,48.18,48.79,11253197,77.03,78,76.71,77.68,7068200,2026-01-24T03:44:57Z
CAT,2008-03-28,48.42,48.99,48.01,48.6,7038937,77.09,78,76.44,77.37,4421200,2026-01-24T03:44:57Z
CAT,2008-03-31,49.17,49.39,48.36,48.36,9661748,78.29,78.63,77,77,6068600,2026-01-24T03:44:57Z
CAT,2008-04-01,50.24,50.24,49.49,49.55,14875042,79.98,79.99,78.79,78.89,9343100,2026-01-24T03:44:57Z
CAT,2008-04-02,49.31,50.24,49.05,50.15,12991598,78.51,79.98,78.09,79.85,8160100,2026-01-24T03:44:57Z
CAT,2008-04-03,48.41,49.22,48.23,49.11,12691177,77.07,78.36,76.78,78.19,7971400,2026-01-24T03:44:57Z
CAT,2008-04-04,48.89,49.35,48.27,48.28,7777506,77.83,78.57,76.85,76.86,4885100,2026-01-24T03:44:57Z
CAT,2008-04-07,48.52,49.28,48.35,49.15,8471180,77.25,78.45,76.97,78.25,5320800,2026-01-24T03:44:57Z
CAT,2008-04-08,48.73,48.94,48.03,48.27,6398607,77.59,77.92,76.47,76.85,4019000,2026-01-24T03:44:57Z
CAT,2008-04-09,47.84,48.83,47.52,48.83,7296229,76.16,77.74,75.65,77.74,4582800,2026-01-24T03:44:57Z
CAT,2008-04-10,47.55,48.32,47.42,47.75,11135860,75.71,76.93,75.5,76.02,6994500,2026-01-24T03:44:57Z
CAT,2008-04-11,46.98,47.64,46.72,47.18,14400126,74.8,75.85,74.38,75.12,9044800,2026-01-24T03:44:57Z
CAT,2008-04-14,47.45,47.75,46.92,46.98,7079859,75.54,76.02,74.7,74.79,4446900,2026-01-24T03:44:57Z
CAT,2008-04-15,47.7,48.21,47.05,47.79,8690261,75.95,76.75,74.91,76.09,5458400,2026-01-24T03:44:57Z
CAT,2008-04-16,49.63,49.73,48.06,48.21,12163720,79.02,79.17,76.52,76.75,7640100,2026-01-24T03:44:57Z
CAT,2008-04-17,49.59,50.48,48.97,49.12,15795878,78.59,80,77.61,77.85,9966900,2026-01-24T03:44:57Z
CAT,2008-04-18,53.81,53.92,51.11,51.13,31885146,85.28,85.45,81,81.03,20118900,2026-01-24T03:44:57Z
CAT,2008-04-21,52.58,53.29,51.77,52.93,15558643,83.33,84.45,82.05,83.89,9817200,2026-01-24T03:44:57Z
CAT,2008-04-22,51.75,52.59,51.33,52.46,9065258,82.01,83.34,81.35,83.14,5720000,2026-01-24T03:44:57Z
CAT,2008-04-23,51.54,52.23,51.34,52.06,7564892,81.69,82.77,81.37,82.5,4773300,2026-01-24T03:44:57Z
CAT,2008-04-24,51.63,52.06,50.81,51.54,8408504,81.82,82.5,80.52,81.68,5305600,2026-01-24T03:44:57Z
CAT,2008-04-25,51.9,52.3,51.24,52.08,6480079,82.25,82.89,81.21,82.53,4088800,2026-01-24T03:44:57Z
CAT,2008-04-28,52.39,52.75,51.93,52.12,7423685,83.03,83.6,82.3,82.6,4684200,2026-01-24T03:44:57Z
CAT,2008-04-29,51.43,52.43,51.36,52.22,7147450,81.51,83.09,81.4,82.76,4509900,2026-01-24T03:44:57Z
CAT,2008-04-30,51.66,52.57,51.52,51.96,9560672,81.88,83.31,81.65,82.35,6032600,2026-01-24T03:44:57Z
CAT,2008-05-01,51.96,52.16,50.83,51.6,8510253,82.35,82.67,80.55,81.78,5369800,2026-01-24T03:44:57Z
CAT,2008-05-02,52.25,52.78,51.82,52.69,7149664,82.8,83.64,82.12,83.51,4511300,2026-01-24T03:44:57Z
CAT,2008-05-05,52.21,52.39,51.74,52.39,6251227,82.75,83.03,82,83.03,3944400,2026-01-24T03:44:57Z
CAT,2008-05-06,52.52,52.68,51.6,51.6,6597669,83.23,83.49,81.78,81.78,4163000,2026-01-24T03:44:57Z
CAT,2008-05-07,51.51,52.78,51.41,52.21,7816253,81.63,83.64,81.47,82.75,4931900,2026-01-24T03:44:57Z
CAT,2008-05-08,52.01,52.2,51.43,51.8,4851497,82.42,82.73,81.51,82.1,3061200,2026-01-24T03:44:57Z
CAT,2008-05-09,51.59,51.99,51.32,51.72,6052797,81.76,82.39,81.33,81.97,3819200,2026-01-24T03:44:57Z
CAT,2008-05-12,52.89,53.14,51.56,51.89,8189156,83.82,84.22,81.71,82.23,5167200,2026-01-24T03:44:57Z
CAT,2008-05-13,53.05,53.32,52.18,53.14,7277407,84.07,84.5,82.7,84.21,4591900,2026-01-24T03:44:57Z
CAT,2008-05-14,52.21,53.07,51.85,52.4,10871500,82.75,84.1,82.17,83.04,6859700,2026-01-24T03:44:57Z
CAT,2008-05-15,52.69,53.09,51.99,52.22,7342853,83.5,84.14,82.4,82.76,4633200,2026-01-24T03:44:57Z
CAT,2008-05-16,52.81,52.98,52.11,52.86,8307541,83.7,83.97,82.59,83.77,5241900,2026-01-24T03:44:57Z
CAT,2008-05-19,53.18,54.24,52.77,52.94,10945829,84.28,85.96,83.63,83.9,6906600,2026-01-24T03:44:57Z
CAT,2008-05-20,52.9,53.03,52.21,52.74,8827848,83.84,84.05,82.75,83.59,5570200,2026-01-24T03:44:57Z
CAT,2008-05-21,52.62,54.1,52.4,52.9,11442820,83.4,85.74,83.04,83.83,7220200,2026-01-24T03:44:57Z
CAT,2008-05-22,51.88,52.83,51.7,52.78,7966651,82.22,83.72,81.94,83.65,5026800,2026-01-24T03:44:57Z
CAT,2008-05-23,51.46,52.37,50.86,51.72,8993615,81.55,82.99,80.6,81.96,5674800,2026-01-24T03:44:57Z
CAT,2008-05-27,51.71,51.89,51.01,51.38,7720372,81.95,82.23,80.84,81.43,4871400,2026-01-24T03:44:57Z
CAT,2008-05-28,52.49,52.61,51.81,51.95,7565364,83.19,83.37,82.11,82.33,4773600,2026-01-24T03:44:57Z
CAT,2008-05-29,52.23,52.95,52.11,52.5,6649646,82.78,83.91,82.59,83.2,4195800,2026-01-24T03:44:57Z
CAT,2008-05-30,52.14,52.49,51.89,52.49,7799928,82.64,83.19,82.23,83.19,4921600,2026-01-24T03:44:57Z
CAT,2008-06-02,51.95,52.45,51.61,52.02,9323272,82.33,83.12,81.79,82.44,5882800,2026-01-24T03:44:57Z
CAT,2008-06-03,52.01,52.56,51.53,52.2,7860941,82.42,83.3,81.66,82.72,4960100,2026-01-24T03:44:57Z
CAT,2008-06-04,52.03,52.78,51.74,51.92,9097912,82.46,83.65,82,82.29,5740600,2026-01-24T03:44:57Z
CAT,2008-06-05,52.2,52.25,51.11,51.66,11043292,82.73,82.8,81,81.87,6968100,2026-01-24T03:44:57Z
CAT,2008-06-06,50.47,51.9,50.47,51.56,14968775,79.99,82.26,79.99,81.71,9445000,2026-01-24T03:44:57Z
CAT,2008-06-09,50.99,51.15,50.26,50.67,9237692,80.81,81.06,79.66,80.3,5828800,2026-01-24T03:44:57Z
CAT,2008-06-10,50.54,51.14,50.37,50.52,9487463,80.1,81.04,79.83,80.06,5986400,2026-01-24T03:44:57Z
CAT,2008-06-11,49.8,50.55,49.55,50.39,14897605,78.93,80.11,78.52,79.86,9400100,2026-01-24T03:44:57Z
CAT,2008-06-12,50.79,51.61,50.19,50.27,12763317,80.5,81.79,79.54,79.67,8053400,2026-01-24T03:44:57Z
CAT,2008-06-13,51.42,51.96,50.89,51.38,9084910,81.5,82.35,80.65,81.43,5732400,2026-01-24T03:44:57Z
CAT,2008-06-16,51.05,51.43,50.83,51.2,7191352,80.91,81.51,80.55,81.15,4537600,2026-01-24T03:44:57Z
CAT,2008-06-17,50.91,51.48,50.86,51.41,7156958,80.69,81.58,80.61,81.48,4515900,2026-01-24T03:44:57Z
CAT,2008-06-18,50.29,50.95,50.14,50.69,9095534,79.7,80.75,79.47,80.34,5739100,2026-01-24T03:44:57Z
CAT,2008-06-19,50.15,50.69,49.68,50.21,9586673,79.48,80.34,78.73,79.57,6049000,2026-01-24T03:44:57Z
CAT,2008-06-20,49.9,50.25,49.55,49.85,14365748,79.08,79.64,78.52,79,9064500,2026-01-24T03:44:57Z
CAT,2008-06-23,50.48,50.63,49.92,50.11,9732162,80,80.24,79.11,79.42,6140800,2026-01-24T03:44:57Z
CAT,2008-06-24,48.36,50.28,48.32,50.19,20721896,76.64,79.68,76.58,79.54,13075100,2026-01-24T03:44:57Z
CAT,2008-06-25,48.32,48.85,47.96,48.64,12797698,76.58,77.42,76,77.08,8075100,2026-01-24T03:44:57Z
CAT,2008-06-26,46.87,47.84,46.62,47.43,22957460,74.28,75.82,73.89,75.17,14485700,2026-01-24T03:44:57Z
CAT,2008-06-27,46.53,47.23,45.87,46.83,17451732,73.75,74.85,72.69,74.22,11011700,2026-01-24T03:44:57Z
CAT,2008-06-30,46.58,46.86,45.78,46.54,10562446,73.82,74.26,72.56,73.76,6664700,2026-01-24T03:44:57Z
CAT,2008-07-01,46.75,46.83,45.49,46.05,14585092,74.09,74.21,72.09,72.98,9202900,2026-01-24T03:44:57Z
CAT,2008-07-02,44.43,46.81,44.38,46.7,18246383,70.42,74.19,70.34,74.01,11513100,2026-01-24T03:44:57Z
CAT,2008-07-03,44.36,44.64,43.49,44.19,11538559,70.31,70.75,68.93,70.03,7280600,2026-01-24T03:44:57Z
CAT,2008-07-07,44.68,45.27,44.17,44.62,18518491,70.81,71.75,70,70.72,11684800,2026-01-24T03:44:57Z
CAT,2008-07-08,43.86,45.08,43.39,44.81,16637106,69.51,71.44,68.76,71.02,10497700,2026-01-24T03:44:57Z
CAT,2008-07-09,43.18,44.66,43.12,44.37,11187665,68.43,70.78,68.33,70.32,7059200,2026-01-24T03:44:57Z
CAT,2008-07-10,43.17,43.53,42.07,43.24,15648973,68.42,68.99,66.68,68.52,9874200,2026-01-24T03:44:57Z
CAT,2008-07-11,44.05,44.55,42.28,42.6,18260014,69.81,70.61,67,67.51,11521700,2026-01-24T03:44:57Z
CAT,2008-07-14,43.96,44.67,43.51,44.67,10152138,69.67,70.79,68.95,70.79,6405800,2026-01-24T03:44:57Z
CAT,2008-07-15,42.3,43.7,41.55,43.52,17499128,67.04,69.25,65.85,68.97,11041600,2026-01-24T03:44:57Z
CAT,2008-07-16,44.5,44.64,41.98,42.35,16932715,70.53,70.74,66.53,67.11,10684200,2026-01-24T03:44:57Z
CAT,2008-07-17,45.59,45.8,44.4,44.4,14322110,71.83,72.15,69.95,69.95,9091100,2026-01-24T03:44:57Z
CAT,2008-07-18,45,45.79,44.67,45.75,12119997,70.89,72.13,70.37,72.07,7693300,2026-01-24T03:44:57Z
CAT,2008-07-21,46.48,46.74,44.78,45.31,16044953,73.23,73.64,70.55,71.38,10184700,2026-01-24T03:44:57Z
CAT,2008-07-22,47.59,48.16,46.81,47.69,19587878,74.98,75.87,73.75,75.13,12433600,2026-01-24T03:44:57Z
CAT,2008-07-23,45.97,47.13,45.49,46.95,14644280,72.42,74.25,71.67,73.97,9295600,2026-01-24T03:44:57Z
CAT,2008-07-24,44.29,46.16,44.17,46.11,12774106,69.78,72.72,69.59,72.64,8108500,2026-01-24T03:44:57Z
CAT,2008-07-25,44.74,45.12,44.31,44.41,7447221,70.48,71.08,69.8,69.96,4727200,2026-01-24T03:44:57Z
CAT,2008-07-28,43.92,44.92,43.87,44.67,9043406,69.19,70.77,69.11,70.38,5740400,2026-01-24T03:44:57Z
CAT,2008-07-29,45.06,45.26,44.07,44.18,8246583,70.99,71.3,69.42,69.6,5234600,2026-01-24T03:44:57Z
CAT,2008-07-30,45.75,45.87,44.83,45.4,7594043,72.07,72.27,70.62,71.52,4820400,2026-01-24T03:44:57Z
CAT,2008-07-31,44.13,45.47,44.03,45.47,11319871,69.52,71.63,69.37,71.63,7185400,2026-01-24T03:44:57Z
CAT,2008-08-01,43.25,44.43,43.09,44.22,10592336,68.14,70,67.88,69.67,6723600,2026-01-24T03:44:57Z
CAT,2008-08-04,42.8,43.63,42.65,43.29,11682517,67.43,68.74,67.19,68.2,7415600,2026-01-24T03:44:57Z
CAT,2008-08-05,43.28,43.41,42.75,43.27,9466083,68.18,68.38,67.34,68.16,6008700,2026-01-24T03:44:57Z
CAT,2008-08-06,44.76,45.42,42.76,43.02,11643279,70.51,71.56,67.36,67.78,7390700,2026-01-24T03:44:57Z
CAT,2008-08-07,43.75,44.82,43.61,44.48,11150199,68.93,70.61,68.7,70.07,7077700,2026-01-24T03:44:57Z
CAT,2008-08-08,45,45.67,43.41,43.88,10309877,70.9,71.94,68.39,69.12,6544300,2026-01-24T03:44:57Z
CAT,2008-08-11,44.94,45.3,44.47,44.83,5902704,70.8,71.37,70.05,70.63,3746800,2026-01-24T03:44:57Z
CAT,2008-08-12,45.58,45.75,44.71,44.94,9000255,71.81,72.08,70.44,70.79,5713000,2026-01-24T03:44:57Z
CAT,2008-08-13,44.33,44.47,42.99,44.17,14807484,69.83,70.05,67.72,69.59,9399200,2026-01-24T03:44:57Z
CAT,2008-08-14,44.62,45.3,43.33,43.75,8934239,70.29,71.36,68.26,68.93,5671100,2026-01-24T03:44:57Z
CAT,2008-08-15,44.66,45.3,44.31,45.04,7972613,70.35,71.36,69.8,70.95,5060700,2026-01-24T03:44:57Z
CAT,2008-08-18,43.94,45.1,43.6,44.95,8707698,69.22,71.05,68.69,70.82,5527300,2026-01-24T03:44:57Z
CAT,2008-08-19,43.6,44,43.32,43.77,6773735,68.69,69.31,68.25,68.95,4299700,2026-01-24T03:44:57Z
CAT,2008-08-20,43.67,44,43.1,43.49,10085384,68.8,69.32,67.9,68.52,6401800,2026-01-24T03:44:57Z
CAT,2008-08-21,43.61,43.96,42.92,43.27,8035479,68.7,69.25,67.61,68.16,5100600,2026-01-24T03:44:57Z
CAT,2008-08-22,44.6,44.82,43.86,43.94,6708044,70.27,70.61,69.09,69.22,4258000,2026-01-24T03:44:57Z
CAT,2008-08-25,43.52,44.53,43.25,44.44,7167581,68.56,70.15,68.14,70.01,4549700,2026-01-24T03:44:57Z
CAT,2008-08-26,43.6,43.82,43.12,43.58,5342809,68.68,69.04,67.93,68.65,3391400,2026-01-24T03:44:57Z
CAT,2008-08-27,44.15,44.34,43.56,43.57,4954628,69.56,69.86,68.62,68.64,3145000,2026-01-24T03:44:57Z
CAT,2008-08-28,45.5,45.58,44.52,44.59,8697144,71.68,71.81,70.14,70.25,5520600,2026-01-24T03:44:57Z
CAT,2008-08-29,44.9,45.68,44.73,45.28,7727641,70.73,71.97,70.46,71.34,4905200,2026-01-24T03:44:57Z
CAT,2008-09-02,43.85,45.7,43.58,45.39,10985416,69.08,72,68.65,71.5,6973100,2026-01-24T03:44:57Z
CAT,2008-09-03,42.99,43.87,42.65,43.77,13285177,67.73,69.11,67.19,68.96,8432900,2026-01-24T03:44:57Z
CAT,2008-09-04,40.59,41.89,39.99,41.89,21559934,63.94,66,63,66,13685400,2026-01-24T03:44:57Z
CAT,2008-09-05,40.67,40.9,39.94,40.49,14594166,64.07,64.44,62.92,63.79,9263800,2026-01-24T03:44:57Z
CAT,2008-09-08,40.99,42.57,40.17,42.02,11371227,64.58,67.07,63.28,66.19,7218000,2026-01-24T03:44:57Z
CAT,2008-09-09,38.96,41.26,38.96,41.19,15842667,61.38,65,61.38,64.89,10056300,2026-01-24T03:44:57Z
CAT,2008-09-10,39.88,40.62,39.17,39.32,12471933,62.82,63.99,61.71,61.95,7916700,2026-01-24T03:44:57Z
CAT,2008-09-11,41.14,41.14,38.85,39.62,14191503,64.81,64.81,61.21,62.41,9008200,2026-01-24T03:44:57Z
CAT,2008-09-12,41.55,41.69,40.09,40.61,10977059,65.46,65.68,63.16,63.98,6967800,2026-01-24T03:44:57Z
CAT,2008-09-15,40.12,41.16,40,40.19,12316301,63.21,64.85,63.02,63.31,7817900,2026-01-24T03:44:57Z
CAT,2008-09-16,41.09,41.46,39.26,39.27,15645603,64.73,65.32,61.85,61.87,9931200,2026-01-24T03:44:57Z
CAT,2008-09-17,40.09,41.55,39.86,40.93,14598745,63.15,65.45,62.8,64.48,9266700,2026-01-24T03:44:57Z
CAT,2008-09-18,41.46,41.58,38.11,40.54,20453883,65.32,65.5,60.04,63.87,12983300,2026-01-24T03:44:57Z
CAT,2008-09-19,42.21,47.29,41.87,45,24826071,66.49,74.5,65.96,70.89,15758600,2026-01-24T03:44:57Z
CAT,2008-09-22,41.01,42.43,41.01,42.15,9328090,64.6,66.84,64.6,66.41,5921100,2026-01-24T03:44:57Z
CAT,2008-09-23,40.33,41.72,40,41.04,10356500,63.54,65.73,63.01,64.66,6573900,2026-01-24T03:44:57Z
CAT,2008-09-24,39.19,40.83,38.87,40.56,10487896,61.74,64.33,61.24,63.9,6657300,2026-01-24T03:44:57Z
CAT,2008-09-25,39.33,40.13,38.56,39.6,12217981,61.96,63.22,60.75,62.38,7755500,2026-01-24T03:44:57Z
CAT,2008-09-26,40.71,40.75,38.51,38.68,13019395,64.13,64.2,60.67,60.93,8264200,2026-01-24T03:44:57Z
CAT,2008-09-29,38.02,40.23,36.89,39.7,19244111,59.89,63.38,58.11,62.55,12215400,2026-01-24T03:44:57Z
CAT,2008-09-30,37.83,39.01,36.94,38.89,16015342,59.6,61.46,58.2,61.27,10165900,2026-01-24T03:44:57Z
CAT,2008-10-01,36.15,37.47,34.84,37.27,24598259,56.95,59.03,54.89,58.71,15614000,2026-01-24T03:44:57Z
CAT,2008-10-02,33.15,35.71,32.95,35.71,23649544,52.22,56.25,51.91,56.25,15011800,2026-01-24T03:44:57Z
CAT,2008-10-03,32.51,35.32,32.36,34.09,18268929,51.21,55.65,50.98,53.7,11596400,2026-01-24T03:44:57Z
CAT,2008-10-06,31.23,32.23,29.05,31.85,28124639,49.2,50.78,45.77,50.18,17852400,2026-01-24T03:44:57Z
CAT,2008-10-07,30.04,33.49,29.88,32.18,21297491,47.33,52.76,47.08,50.69,13518800,2026-01-24T03:44:57Z
CAT,2008-10-08,30.25,31.87,29.09,29.44,24983785,47.65,50.21,45.82,46.38,15858700,2026-01-24T03:44:57Z
CAT,2008-10-09,28.44,31.27,28.1,30.84,17680981,44.8,49.26,44.26,48.59,11223200,2026-01-24T03:44:57Z
CAT,2008-10-10,27.38,29.08,23.53,26.67,31098209,43.13,45.81,37.07,42.02,19739900,2026-01-24T03:44:57Z
CAT,2008-10-13,31.41,31.42,28.48,28.56,16656702,49.48,49.5,44.86,45,10573000,2026-01-24T03:44:57Z
CAT,2008-10-14,30.14,33.64,29.59,32.87,18999907,47.49,53,46.61,51.79,12060400,2026-01-24T03:44:57Z
CAT,2008-10-15,26.7,29.39,26.65,28.98,20336825,42.06,46.3,41.98,45.66,12909000,2026-01-24T03:44:57Z
CAT,2008-10-16,27.17,27.61,25.38,27.03,25082835,42.37,43.06,39.58,42.16,16082200,2026-01-24T03:44:57Z
CAT,2008-10-17,25.21,27.51,25.01,26.47,28509631,39.32,42.91,39.01,41.28,18279300,2026-01-24T03:44:57Z
CAT,2008-10-20,26.22,26.67,25.01,25.48,20877816,40.9,41.6,39,39.74,13386100,2026-01-24T03:44:57Z
CAT,2008-10-21,24.9,26.51,24.7,25.9,22335314,38.83,41.35,38.52,40.4,14320600,2026-01-24T03:44:57Z
CAT,2008-10-22,23.42,24.58,22.88,24.42,21589492,36.52,38.34,35.68,38.08,13842400,2026-01-24T03:44:57Z
CAT,2008-10-23,22.67,23.67,21.71,23.43,27527662,35.36,36.92,33.86,36.55,17649700,2026-01-24T03:44:57Z
CAT,2008-10-24,21.35,22.11,20.49,20.53,20886602,33.3,34.49,31.95,32.02,13391700,2026-01-24T03:44:57Z
CAT,2008-10-27,21.02,22.38,20.74,20.88,19964524,32.78,34.9,32.35,32.56,12800500,2026-01-24T03:44:57Z
CAT,2008-10-28,22.41,22.67,20.52,21.89,19986068,34.95,35.36,32,34.14,12814300,2026-01-24T03:44:57Z
CAT,2008-10-29,23.17,24.65,22.12,22.67,25068386,36.14,38.44,34.5,35.35,16072900,2026-01-24T03:44:57Z
CAT,2008-10-30,23.96,24.33,23.24,23.95,13553941,37.37,37.94,36.25,37.35,8690300,2026-01-24T03:44:57Z
CAT,2008-10-31,24.49,25.13,23.15,23.86,15392514,38.2,39.19,36.1,37.21,9869100,2026-01-24T03:44:57Z
CAT,2008-11-03,25.01,25.27,24.36,24.89,11881830,39.01,39.41,38,38.82,7618200,2026-01-24T03:44:57Z
CAT,2008-11-04,27.09,27.2,25.54,25.88,17965971,42.25,42.43,39.83,40.36,11519100,2026-01-24T03:44:57Z
CAT,2008-11-05,25.9,27.94,25.71,27.34,21911109,40.4,43.58,40.1,42.64,14048600,2026-01-24T03:44:57Z
CAT,2008-11-06,24.11,26.03,23.94,25.47,20729541,37.6,40.6,37.34,39.73,13291000,2026-01-24T03:44:57Z
CAT,2008-11-07,24.65,25.26,23.95,24.65,14437368,38.45,39.4,37.35,38.45,9256700,2026-01-24T03:44:57Z
CAT,2008-11-10,23.99,26.21,23.61,25.81,21653313,37.41,40.88,36.82,40.25,13883300,2026-01-24T03:44:57Z
CAT,2008-11-11,23.64,24.56,23.45,23.53,19816627,36.87,38.3,36.57,36.7,12705700,2026-01-24T03:44:57Z
CAT,2008-11-12,22.49,23.54,22.47,23.4,16769369,35.08,36.71,35.05,36.5,10751900,2026-01-24T03:44:57Z
CAT,2008-11-13,25.27,25.35,22.06,22.81,27077862,39.41,39.54,34.4,35.57,17361300,2026-01-24T03:44:57Z
CAT,2008-11-14,23.7,25.26,23.54,24.79,18701629,36.96,39.39,36.71,38.67,11990800,2026-01-24T03:44:57Z
CAT,2008-11-17,22.89,24.2,22.63,23.54,14634980,35.7,37.75,35.3,36.71,9383400,2026-01-24T03:44:57Z
CAT,2008-11-18,23.2,23.27,22.27,22.65,19147695,36.19,36.3,34.73,35.33,12276800,2026-01-24T03:44:57Z
CAT,2008-11-19,21.72,23.35,21.67,23.09,16526991,33.87,36.42,33.8,36.01,10596500,2026-01-24T03:44:57Z
CAT,2008-11-20,21.06,22.8,20.67,21.38,30921300,32.84,35.56,32.23,33.35,19825600,2026-01-24T03:44:57Z
CAT,2008-11-21,22.23,22.34,20.58,21.51,26258715,34.67,34.85,32.1,33.55,16836100,2026-01-24T03:44:57Z
CAT,2008-11-24,23.3,23.69,22.18,23.08,26310117,36.34,36.94,34.6,36,16869100,2026-01-24T03:44:57Z
CAT,2008-11-25,23.9,24.12,22.86,23.64,20144058,37.27,37.62,35.66,36.87,12915600,2026-01-24T03:44:57Z
CAT,2008-11-26,25.22,25.23,22.89,23.08,17329319,39.33,39.35,35.7,36,11110900,2026-01-24T03:44:57Z
CAT,2008-11-28,26.28,26.4,25.13,25.22,8468820,40.99,41.18,39.2,39.33,5429900,2026-01-24T03:44:57Z
CAT,2008-12-01,23.45,24.95,23.32,24.74,20515259,36.58,38.92,36.37,38.59,13153600,2026-01-24T03:44:57Z
CAT,2008-12-02,24.36,24.52,23.42,23.92,16283062,38,38.24,36.53,37.3,10440100,2026-01-24T03:44:57Z
CAT,2008-12-03,25.42,25.69,23.68,23.97,22286544,39.65,40.06,36.93,37.39,14289300,2026-01-24T03:44:57Z
CAT,2008-12-04,24.06,25.26,23.67,25.07,17747619,37.52,39.39,36.91,39.1,11379100,2026-01-24T03:44:57Z
CAT,2008-12-05,24.53,24.78,23.52,23.76,22241921,38.26,38.65,36.69,37.05,14260700,2026-01-24T03:44:57Z
CAT,2008-12-08,27.2,28.24,25.9,26.18,39774803,42.42,44.04,40.4,40.83,25502100,2026-01-24T03:44:57Z
CAT,2008-12-09,27.17,28.31,26.45,26.96,23990767,42.38,44.16,41.26,42.05,15382000,2026-01-24T03:44:57Z
CAT,2008-12-10,28,28.82,27.51,27.73,24066879,43.67,44.95,42.9,43.25,15430800,2026-01-24T03:44:57Z
CAT,2008-12-11,27.06,28.78,26.74,27.58,18922318,42.2,44.89,41.7,43.01,12132300,2026-01-24T03:44:57Z
CAT,2008-12-12,26.98,27.23,25.65,25.68,16218208,42.08,42.47,40,40.05,10398500,2026-01-24T03:44:57Z
CAT,2008-12-15,27.06,27.61,26.61,27.29,12578856,42.21,43.06,41.5,42.57,8065100,2026-01-24T03:44:57Z
CAT,2008-12-16,28.08,28.15,26.37,27.4,18173719,43.8,43.9,41.12,42.73,11652300,2026-01-24T03:44:57Z
CAT,2008-12-17,28.63,29.3,27.58,27.79,15237170,44.65,45.7,43.01,43.35,9769500,2026-01-24T03:44:57Z
CAT,2008-12-18,27.03,29.17,26.94,29.13,19799355,42.16,45.49,42.01,45.43,12694600,2026-01-24T03:44:57Z
CAT,2008-12-19,27.37,27.68,26.87,27.39,20699764,42.69,43.17,41.91,42.72,13271900,2026-01-24T03:44:57Z
CAT,2008-12-22,26.79,27.88,26.17,27.65,14268596,41.78,43.49,40.82,43.12,9148500,2026-01-24T03:44:57Z
CAT,2008-12-23,26.37,27.1,26.06,26.98,10080133,41.13,42.27,40.65,42.08,6463000,2026-01-24T03:44:57Z
CAT,2008-12-24,26.87,27.01,26.29,26.46,3299478,41.91,42.12,41,41.27,2115500,2026-01-24T03:44:57Z
CAT,2008-12-26,27.39,27.51,26.87,26.92,4460641,42.72,42.91,41.9,41.98,2860000,2026-01-24T03:44:57Z
CAT,2008-12-29,27.15,27.76,26.74,27.38,7756854,42.34,43.3,41.71,42.71,4973400,2026-01-24T03:44:57Z
CAT,2008-12-30,27.99,28.05,26.94,27.29,7892681,43.66,43.75,42.01,42.57,5060500,2026-01-24T03:44:57Z
CAT,2008-12-31,28.64,28.92,28.02,28.02,9790507,44.67,45.1,43.7,43.7,6277300,2026-01-24T03:44:57Z
CAT,2009-01-02,30.08,30.12,28.67,28.8,11121061,46.91,46.98,44.71,44.91,7130400,2026-01-24T03:44:57Z
CAT,2009-01-05,29.54,30.21,29.37,30.07,17310414,46.08,47.12,45.81,46.9,11098800,2026-01-24T03:44:57Z
CAT,2009-01-06,29.37,30.01,29.12,30,16947152,45.8,46.8,45.41,46.79,10865900,2026-01-24T03:44:57Z
CAT,2009-01-07,28,29.24,27.7,28.99,14092822,43.67,45.6,43.2,45.22,9035800,2026-01-24T03:44:57Z
CAT,2009-01-08,28.22,28.28,27.26,27.53,14630754,44.02,44.11,42.52,42.93,9380700,2026-01-24T03:44:57Z
CAT,2009-01-09,27.7,28.25,27.09,28.15,13837999,43.2,44.06,42.25,43.91,8872400,2026-01-24T03:44:57Z
CAT,2009-01-12,26.41,27.63,26.05,27.57,14947215,41.19,43.1,40.63,43,9583600,2026-01-24T03:44:57Z
CAT,2009-01-13,26.54,26.86,26,26.36,14476377,41.4,41.89,40.55,41.11,9281700,2026-01-24T03:44:57Z
CAT,2009-01-14,25.23,25.86,24.52,25.65,26942096,39.35,40.34,38.25,40,17274300,2026-01-24T03:44:57Z
CAT,2009-01-15,25.53,25.91,24.17,25.38,23838232,39.39,39.98,37.29,39.16,15449100,2026-01-24T03:44:57Z
CAT,2009-01-16,25.63,26.31,24.67,26.31,19889491,39.55,40.59,38.06,40.59,12890000,2026-01-24T03:44:57Z
CAT,2009-01-20,24.83,25.68,24.63,25.37,18346673,38.32,39.63,38,39.15,11890100,2026-01-24T03:44:57Z
CAT,2009-01-21,25.63,25.74,24.45,25.45,15877647,39.55,39.71,37.72,39.27,10290000,2026-01-24T03:44:57Z
CAT,2009-01-22,24.13,25.28,23.55,25.2,29744498,37.23,39,36.33,38.89,19276800,2026-01-24T03:44:57Z
CAT,2009-01-23,23.11,24.13,22.69,23.32,34987704,35.66,37.23,35.01,35.99,22674800,2026-01-24T03:44:57Z
CAT,2009-01-26,21.17,22.19,20.54,21.78,73199969,32.67,34.24,31.7,33.6,47439500,2026-01-24T03:44:57Z
CAT,2009-01-27,20.95,21.66,20.8,21.54,31433537,32.32,33.42,32.1,33.24,20371500,2026-01-24T03:44:57Z
CAT,2009-01-28,21.39,21.72,21.14,21.56,20805803,33,33.51,32.62,33.26,13483800,2026-01-24T03:44:57Z
CAT,2009-01-29,20.64,21.17,20.5,21.13,22505190,31.85,32.66,31.63,32.61,14585200,2026-01-24T03:44:57Z
CAT,2009-01-30,19.99,20.56,19.48,20.47,32340399,30.85,31.73,30.06,31.58,20959200,2026-01-24T03:44:57Z
CAT,2009-02-02,19.63,19.96,19.18,19.51,26180158,30.29,30.8,29.6,30.1,16966800,2026-01-24T03:44:57Z
CAT,2009-02-03,19.44,20.11,19.32,19.32,29136091,29.99,31.03,29.81,29.81,18882500,2026-01-24T03:44:57Z
CAT,2009-02-04,19.83,20.46,19.57,19.73,26876704,30.6,31.57,30.2,30.44,17418300,2026-01-24T03:44:57Z
CAT,2009-02-05,20.49,20.8,19.57,19.67,27455265,31.61,32.09,30.2,30.35,17793200,2026-01-24T03:44:57Z
CAT,2009-02-06,21.57,21.94,20.88,20.99,26244910,33.28,33.85,32.21,32.38,17008800,2026-01-24T03:44:57Z
CAT,2009-02-09,21.21,21.78,21,21.69,13988690,32.72,33.6,32.4,33.47,9065800,2026-01-24T03:44:57Z
CAT,2009-02-10,20.04,21.59,19.84,21.3,26552475,30.92,33.31,30.61,32.86,17208100,2026-01-24T03:44:57Z
CAT,2009-02-11,20.17,20.69,19.86,20.32,16274866,31.13,31.93,30.65,31.35,10547400,2026-01-24T03:44:57Z
CAT,2009-02-12,20.1,20.15,19.46,19.93,21084170,31.02,31.09,30.03,30.75,13664200,2026-01-24T03:44:57Z
CAT,2009-02-13,20.05,20.64,19.99,20.36,15712099,30.94,31.84,30.85,31.41,10182700,2026-01-24T03:44:57Z
CAT,2009-02-17,18.78,19.77,18.48,19.64,34246619,28.98,30.5,28.52,30.3,22194600,2026-01-24T03:44:57Z
CAT,2009-02-18,18.43,18.94,18,18.9,27564645,28.44,29.22,27.77,29.16,17864100,2026-01-24T03:44:57Z
CAT,2009-02-19,17.51,18.78,17.41,18.76,27524413,27.02,28.98,26.86,28.95,17838000,2026-01-24T03:44:57Z
CAT,2009-02-20,17.28,17.67,16.86,16.94,30451664,26.66,27.27,26.02,26.14,19735100,2026-01-24T03:44:57Z
CAT,2009-02-23,16.28,17.67,16.24,17.67,25144534,25.12,27.26,25.06,27.26,16295700,2026-01-24T03:44:57Z
CAT,2009-02-24,16.88,17.06,15.83,16.36,34491120,26.04,26.32,24.42,25.25,22353000,2026-01-24T03:44:57Z
CAT,2009-02-25,16.22,16.88,15.79,16.88,27367990,25.03,26.05,24.36,26.04,17736600,2026-01-24T03:44:57Z
CAT,2009-02-26,15.7,16.67,15.65,16.46,22065918,24.23,25.72,24.15,25.4,14300500,2026-01-24T03:44:57Z
CAT,2009-02-27,15.95,16.35,15.23,15.39,26038832,24.61,25.23,23.5,23.75,16875300,2026-01-24T03:44:57Z
CAT,2009-03-02,14.37,15.68,14.28,15.6,32424314,22.17,24.2,22.03,24.07,21013500,2026-01-24T03:44:57Z
CAT,2009-03-03,14.56,15.09,14.07,14.68,34572174,22.47,23.29,21.71,22.65,22405600,2026-01-24T03:44:57Z
CAT,2009-03-04,16.49,17.1,15.33,15.43,57483799,25.44,26.39,23.66,23.81,37254200,2026-01-24T03:44:57Z
CAT,2009-03-05,15.22,16.01,15.02,16.01,33014595,23.49,24.7,23.18,24.7,21396100,2026-01-24T03:44:57Z
CAT,2009-03-06,15.05,16.14,14.6,15.49,30857297,23.23,24.91,22.52,23.9,19998000,2026-01-24T03:44:57Z
CAT,2009-03-09,15.5,16.11,14.72,14.83,30106570,23.92,24.86,22.72,22.88,19511500,2026-01-24T03:44:57Z
CAT,2009-03-10,17.18,17.48,15.9,16.05,34669025,26.51,26.97,24.53,24.76,22468300,2026-01-24T03:44:57Z
CAT,2009-03-11,17.05,17.58,16.63,17.48,24349902,26.31,27.13,25.66,26.97,15780700,2026-01-24T03:44:57Z
CAT,2009-03-12,17.51,17.61,16.38,16.99,21269159,27.02,27.17,25.27,26.21,13784100,2026-01-24T03:44:57Z
CAT,2009-03-13,17.36,17.89,16.86,17.78,16759025,26.78,27.61,26.02,27.44,10861200,2026-01-24T03:44:57Z
CAT,2009-03-16,17.12,17.76,17.03,17.54,20393130,26.42,27.4,26.28,27.07,13216400,2026-01-24T03:44:57Z
CAT,2009-03-17,17.39,17.4,16.64,17.18,22003593,26.83,26.85,25.67,26.51,14260100,2026-01-24T03:44:57Z
CAT,2009-03-18,17.8,18.1,16.66,17.01,27742188,27.47,27.93,25.7,26.24,17979200,2026-01-24T03:44:57Z
CAT,2009-03-19,18.41,18.7,18,18.13,27069581,28.41,28.85,27.77,27.97,17543300,2026-01-24T03:44:57Z
CAT,2009-03-20,17.54,18.73,17.32,18.56,25512780,27.07,28.9,26.73,28.63,16534300,2026-01-24T03:44:57Z
CAT,2009-03-23,19.2,19.22,17.84,18.24,22317472,29.63,29.65,27.53,28.14,14463500,2026-01-24T03:44:57Z
CAT,2009-03-24,19.05,19.66,18.5,19.16,21128664,29.4,30.33,28.54,29.57,13693100,2026-01-24T03:44:57Z
CAT,2009-03-25,18.74,20.08,17.95,19.53,31942339,28.91,30.99,27.69,30.14,20701200,2026-01-24T03:44:57Z
CAT,2009-03-26,19.95,20.08,19.09,19.16,24937202,30.78,30.98,29.45,29.57,16161300,2026-01-24T03:44:57Z
CAT,2009-03-27,19.67,19.92,19.28,19.57,17401425,30.35,30.74,29.75,30.2,11277500,2026-01-24T03:44:57Z
CAT,2009-03-30,17.84,19.12,17.53,19.02,24422661,27.53,29.5,27.05,29.34,15827800,2026-01-24T03:44:57Z
CAT,2009-03-31,18.12,18.44,17.78,18.25,20678638,27.96,28.45,27.44,28.16,13401400,2026-01-24T03:44:57Z
CAT,2009-04-01,18.79,19.13,17.78,17.82,23620898,28.99,29.52,27.44,27.5,15308200,2026-01-24T03:44:57Z
CAT,2009-04-02,20.44,20.73,19.44,19.63,33398574,31.54,31.98,30,30.29,21644900,2026-01-24T03:44:57Z
CAT,2009-04-03,20.84,21.19,20.04,20.48,21099220,32.15,32.7,30.92,31.6,13674000,2026-01-24T03:44:57Z
CAT,2009-04-06,20.29,20.74,19.59,20.56,17077353,31.31,32,30.23,31.72,11067500,2026-01-24T03:44:57Z
CAT,2009-04-07,19.09,19.77,19.04,19.7,20303464,29.45,30.5,29.38,30.39,13158300,2026-01-24T03:44:57Z
CAT,2009-04-08,19.16,19.67,18.72,19.29,19772276,29.57,30.35,28.88,29.77,12814000,2026-01-24T03:44:57Z
CAT,2009-04-09,21.08,21.19,19.77,19.77,28040777,32.52,32.7,30.51,30.51,18172700,2026-01-24T03:44:57Z
CAT,2009-04-13,21.49,21.75,20.4,20.9,19223582,33.16,33.56,31.48,32.25,12458400,2026-01-24T03:44:57Z
CAT,2009-04-14,21.19,22,21,21.17,17026924,32.7,33.94,32.41,32.67,11034800,2026-01-24T03:44:57Z
CAT,2009-04-15,21.4,21.52,20.78,21.13,17320548,33.02,33.2,32.07,32.6,11225100,2026-01-24T03:44:57Z
CAT,2009-04-16,21.47,21.74,20.57,21.33,24718430,32.71,33.12,31.33,32.5,16225900,2026-01-24T03:44:57Z
CAT,2009-04-17,21.2,21.48,20.49,21.45,22431511,32.29,32.72,31.21,32.68,14724700,2026-01-24T03:44:57Z
CAT,2009-04-20,20.01,20.76,19.81,20.76,21877718,30.48,31.62,30.17,31.62,14361200,2026-01-24T03:44:57Z
CAT,2009-04-21,20.61,20.81,18.71,19.02,44981723,31.39,31.7,28.5,28.98,29527300,2026-01-24T03:44:57Z
CAT,2009-04-22,21.3,22.92,20.61,20.72,45193661,32.45,34.92,31.4,31.56,29666400,2026-01-24T03:44:57Z
CAT,2009-04-23,21.3,21.49,20.66,21.49,24815047,32.45,32.74,31.47,32.73,16289300,2026-01-24T03:44:57Z
CAT,2009-04-24,22.08,22.44,21.16,21.43,24079078,33.63,34.19,32.24,32.64,15806200,2026-01-24T03:44:57Z
CAT,2009-04-27,21.92,22.38,21.46,21.49,14698595,33.39,34.1,32.69,32.73,9648600,2026-01-24T03:44:57Z
CAT,2009-04-28,21.52,22.02,21.27,21.66,12919260,32.78,33.55,32.4,33,8480600,2026-01-24T03:44:57Z
CAT,2009-04-29,22.12,22.42,21.66,21.77,18252994,33.69,34.15,33,33.17,11981800,2026-01-24T03:44:57Z
CAT,2009-04-30,23.36,23.89,22.55,22.59,30632029,35.58,36.4,34.35,34.42,20107800,2026-01-24T03:44:57Z
CAT,2009-05-01,24.46,24.75,23.4,23.55,21500067,37.26,37.71,35.65,35.87,14113300,2026-01-24T03:44:57Z
CAT,2009-05-04,25.26,25.55,24.68,24.9,21937319,38.48,38.92,37.6,37.93,14400300,2026-01-24T03:44:57Z
CAT,2009-05-05,25.87,25.98,25.11,25.17,20733518,39.41,39.58,38.25,38.35,13610100,2026-01-24T03:44:57Z
CAT,2009-05-06,26.26,26.68,25.21,26.22,22488612,40,40.64,38.41,39.94,14762200,2026-01-24T03:44:57Z
CAT,2009-05-07,24.89,26.89,24.43,26.61,25855942,37.92,40.96,37.21,40.54,16972600,2026-01-24T03:44:57Z
CAT,2009-05-08,26.02,26.21,25.13,25.27,23698018,39.64,39.92,38.28,38.49,15556100,2026-01-24T03:44:57Z
CAT,2009-05-11,25.23,25.65,24.99,25.44,14451658,38.43,39.08,38.07,38.75,9486500,2026-01-24T03:44:57Z
CAT,2009-05-12,24.98,25.6,24.37,25.43,18158391,38.06,39,37.13,38.74,11919700,2026-01-24T03:44:57Z
CAT,2009-05-13,23.68,24.31,23.49,24.27,20441932,36.08,37.03,35.78,36.97,13418700,2026-01-24T03:44:57Z
CAT,2009-05-14,23.68,24.14,23.22,23.55,18366947,36.07,36.78,35.38,35.87,12056600,2026-01-24T03:44:57Z
CAT,2009-05-15,23.46,24.26,23.07,23.67,21337698,35.74,36.95,35.15,36.06,14006700,2026-01-24T03:44:57Z
CAT,2009-05-18,24.8,24.83,23.7,23.98,16782461,37.78,37.82,36.11,36.53,11016500,2026-01-24T03:44:57Z
CAT,2009-05-19,24.73,25.27,24.64,25.14,16060672,37.67,38.5,37.54,38.29,10542700,2026-01-24T03:44:57Z
CAT,2009-05-20,24.48,25.8,24.4,25,21031977,37.3,39.3,37.17,38.09,13806000,2026-01-24T03:44:57Z
CAT,2009-05-21,23.33,24.29,23.22,24.13,21492792,35.54,37.01,35.37,36.76,14108500,2026-01-24T03:44:57Z
CAT,2009-05-22,22.52,23.7,22.44,23.66,21774612,34.31,36.1,34.18,36.05,14293500,2026-01-24T03:44:57Z
CAT,2009-05-26,22.98,23.53,22.34,22.57,21012187,35,35.84,34.03,34.38,13793000,2026-01-24T03:44:57Z
CAT,2009-05-27,23.01,23.36,22.88,23.3,20594096,35.05,35.59,34.85,35.5,13518600,2026-01-24T03:44:57Z
CAT,2009-05-28,22.71,22.84,21.95,22.84,23034000,34.59,34.8,33.44,34.79,15120200,2026-01-24T03:44:57Z
CAT,2009-05-29,23.28,23.38,22.84,22.95,16874005,35.46,35.62,34.79,34.96,11076600,2026-01-24T03:44:57Z
CAT,2009-06-01,24.65,24.77,23.86,23.87,21840602,37.55,37.73,36.35,36.37,14336800,2026-01-24T03:44:57Z
CAT,2009-06-02,24.58,24.91,24.41,24.62,11783131,37.45,37.95,37.19,37.51,7734800,2026-01-24T03:44:57Z
CAT,2009-06-03,24.06,24.43,23.78,24.29,14070516,36.66,37.21,36.23,37,9236300,2026-01-24T03:44:57Z
CAT,2009-06-04,24.96,25.09,23.82,24.2,17241572,38.02,38.22,36.28,36.86,11317900,2026-01-24T03:44:57Z
CAT,2009-06-05,25.25,25.44,24.51,25.29,24099050,38.47,38.76,37.34,38.52,15819300,2026-01-24T03:44:57Z
CAT,2009-06-08,25.32,25.52,24.22,24.96,20908859,38.57,38.88,36.9,38.03,13725200,2026-01-24T03:44:57Z
CAT,2009-06-09,25.1,25.54,24.88,25.27,15965135,38.24,38.9,37.9,38.5,10480000,2026-01-24T03:44:57Z
CAT,2009-06-10,24.69,25.44,24.24,25.43,22739054,37.62,38.75,36.93,38.74,14926600,2026-01-24T03:44:57Z
CAT,2009-06-11,24.69,25.14,24.45,24.81,15648148,37.61,38.29,37.25,37.79,10271900,2026-01-24T03:44:57Z
CAT,2009-06-12,24.77,24.79,24.3,24.6,13051355,37.73,37.77,37.02,37.47,8567300,2026-01-24T03:44:57Z
CAT,2009-06-15,23.71,24.35,23.55,24.29,15930445,36.12,37.09,35.87,37.01,10457200,2026-01-24T03:44:57Z
CAT,2009-06-16,23.34,24.27,23.23,23.93,19044722,35.56,36.97,35.39,36.46,12501500,2026-01-24T03:44:57Z
CAT,2009-06-17,22.84,23.15,22.15,23.11,23430946,34.8,35.27,33.75,35.2,15380800,2026-01-24T03:44:57Z
CAT,2009-06-18,22.37,22.93,22.02,22.92,24751955,34.08,34.93,33.55,34.92,16247900,2026-01-24T03:44:57Z
CAT,2009-06-19,22.09,22.71,21.96,22.57,22069650,33.65,34.6,33.45,34.38,14487200,2026-01-24T03:44:57Z
CAT,2009-06-22,21.24,21.98,21.01,21.96,21629851,32.36,33.49,32.01,33.46,14198500,2026-01-24T03:44:57Z
CAT,2009-06-23,21.66,21.76,21.1,21.31,16659498,33,33.15,32.14,32.47,10935800,2026-01-24T03:44:57Z
CAT,2009-06-24,21.92,22.56,21.75,22,15765857,33.4,34.36,33.13,33.52,10349200,2026-01-24T03:44:57Z
CAT,2009-06-25,22.64,22.84,21.78,22.27,17734694,34.49,34.79,33.18,33.92,11641600,2026-01-24T03:44:57Z
CAT,2009-06-26,22.69,23.11,22.38,22.67,19174341,34.56,35.2,34.1,34.54,12586600,2026-01-24T03:44:57Z
CAT,2009-06-29,22.8,23.17,22.42,22.88,10407040,34.74,35.3,34.15,34.86,6831500,2026-01-24T03:44:57Z
CAT,2009-06-30,21.69,22.8,21.66,22.77,25714907,33.04,34.74,32.99,34.69,16880000,2026-01-24T03:44:57Z
CAT,2009-07-01,21.79,22.42,21.76,21.98,17650938,33.19,34.15,33.15,33.48,11586600,2026-01-24T03:44:57Z
CAT,2009-07-02,20.84,21.52,20.84,21.52,20663425,31.74,32.79,31.74,32.79,13564100,2026-01-24T03:44:57Z
CAT,2009-07-06,20.81,20.89,20.32,20.72,16585191,31.7,31.83,30.96,31.57,10887000,2026-01-24T03:44:57Z
CAT,2009-07-07,19.88,20.86,19.85,20.85,22265853,30.29,31.77,30.24,31.76,14616000,2026-01-24T03:44:57Z
CAT,2009-07-08,20.07,20.16,19.7,20.02,24172756,30.58,30.71,30.01,30.49,15867700,2026-01-24T03:44:57Z
CAT,2009-07-09,20.12,20.57,20.07,20.45,15515575,30.65,31.34,30.58,31.15,10184900,2026-01-24T03:44:57Z
CAT,2009-07-10,20.04,20.12,19.71,19.96,15929503,30.53,30.65,30.03,30.4,10456600,2026-01-24T03:44:57Z
CAT,2009-07-13,20.87,20.88,19.86,20.23,16910691,31.8,31.8,30.25,30.81,11100700,2026-01-24T03:44:57Z
CAT,2009-07-14,20.96,20.98,20.49,20.68,15434707,31.93,31.96,31.22,31.5,10131800,2026-01-24T03:44:57Z
CAT,2009-07-15,22.21,22.3,21.26,21.26,27526609,33.84,33.97,32.39,32.39,18069300,2026-01-24T03:44:57Z
CAT,2009-07-16,22.7,22.77,22.03,22.33,15386969,34.15,34.26,33.14,33.6,10227400,2026-01-24T03:44:57Z
CAT,2009-07-17,22.59,22.8,22.46,22.59,13261613,33.99,34.3,33.79,33.98,8814700,2026-01-24T03:44:57Z
CAT,2009-07-20,24.36,24.43,23.43,23.48,33067671,36.65,36.75,35.25,35.32,21979400,2026-01-24T03:44:57Z
CAT,2009-07-21,26.23,27.55,25.28,27.13,94465413,39.46,41.45,38.04,40.81,62789100,2026-01-24T03:44:57Z
CAT,2009-07-22,25.7,26.18,25.32,25.57,25064719,38.66,39.39,38.1,38.47,16660000,2026-01-24T03:44:57Z
CAT,2009-07-23,27.42,27.58,25.66,25.76,29149662,41.26,41.5,38.6,38.76,19375200,2026-01-24T03:44:57Z
CAT,2009-07-24,27.92,27.97,26.75,27.21,25601999,42,42.08,40.25,40.93,17017100,2026-01-24T03:44:57Z
CAT,2009-07-27,28.49,28.58,27.62,27.82,21571122,42.86,42.99,41.55,41.85,14337900,2026-01-24T03:44:57Z
CAT,2009-07-28,28.51,28.97,27.85,28.14,25122830,42.9,43.58,41.9,42.34,16698600,2026-01-24T03:44:57Z
CAT,2009-07-29,27.8,28.28,27.45,28.28,18638787,41.83,42.55,41.3,42.54,12388800,2026-01-24T03:44:57Z
CAT,2009-07-30,28.85,29.16,28.32,28.35,22447388,43.41,43.87,42.61,42.65,14920300,2026-01-24T03:44:57Z
CAT,2009-07-31,29.29,29.56,28.58,28.75,17650448,44.06,44.47,43,43.26,11731900,2026-01-24T03:44:57Z
CAT,2009-08-03,29.99,30.24,29.47,29.7,18444251,45.12,45.49,44.34,44.68,12259500,2026-01-24T03:44:57Z
CAT,2009-08-04,31.83,31.87,30.14,30.21,38113560,47.89,47.95,45.35,45.45,25333300,2026-01-24T03:44:57Z
CAT,2009-08-05,31,31.96,30.86,31.75,23467740,46.64,48.08,46.43,47.76,15598500,2026-01-24T03:44:57Z
CAT,2009-08-06,31.33,31.77,30.95,31.32,18426319,47.14,47.8,46.56,47.12,12247600,2026-01-24T03:44:57Z
CAT,2009-08-07,31.76,32.05,31.52,31.87,23100746,47.78,48.22,47.42,47.95,15354600,2026-01-24T03:44:57Z
CAT,2009-08-10,31.34,32.04,30.97,31.63,17388854,47.15,48.2,46.59,47.59,11558000,2026-01-24T03:44:57Z
CAT,2009-08-11,30.76,31.11,29.93,31.09,19695937,46.28,46.8,45.03,46.77,13091500,2026-01-24T03:44:57Z
CAT,2009-08-12,31.63,31.94,30.31,30.51,17250146,47.58,48.05,45.6,45.9,11465800,2026-01-24T03:44:57Z
CAT,2009-08-13,31.35,31.95,31,31.92,14455552,47.17,48.06,46.64,48.02,9608300,2026-01-24T03:44:57Z
CAT,2009-08-14,30.58,31.41,30.2,31.35,13701968,46,47.25,45.44,47.17,9107400,2026-01-24T03:44:57Z
CAT,2009-08-17,29.21,29.74,28.77,29.74,17134854,43.95,44.75,43.28,44.75,11389200,2026-01-24T03:44:57Z
CAT,2009-08-18,29.98,30.1,29.29,29.38,13388705,45.11,45.28,44.06,44.2,8899200,2026-01-24T03:44:57Z
CAT,2009-08-19,30.02,30.41,28.98,29.25,13617076,45.17,45.75,43.6,44,9051000,2026-01-24T03:44:57Z
CAT,2009-08-20,30.24,30.34,29.69,29.86,10363797,45.5,45.64,44.66,44.93,6888600,2026-01-24T03:44:57Z
CAT,2009-08-21,31.44,31.46,30.32,30.6,18550167,47.3,47.33,45.62,46.03,12329900,2026-01-24T03:44:57Z
CAT,2009-08-24,31.61,32.52,31.47,31.84,14703805,47.56,48.93,47.34,47.9,9773300,2026-01-24T03:44:57Z
CAT,2009-08-25,31.79,32.12,31.48,31.77,14407254,47.83,48.33,47.36,47.79,9576200,2026-01-24T03:44:57Z
CAT,2009-08-26,31.41,31.75,31.07,31.71,11891147,47.25,47.76,46.75,47.71,7903800,2026-01-24T03:44:57Z
CAT,2009-08-27,31.29,31.48,30.52,31.24,12500916,47.08,47.36,45.92,47,8309100,2026-01-24T03:44:57Z
CAT,2009-08-28,31.05,31.91,30.75,31.63,11386533,46.71,48,46.26,47.58,7568400,2026-01-24T03:44:57Z
CAT,2009-08-31,30.12,30.51,29.84,30.42,15759791,45.31,45.9,44.9,45.77,10475200,2026-01-24T03:44:57Z
CAT,2009-09-01,29.14,30.91,29.07,29.84,20920795,43.84,46.51,43.74,44.9,13905600,2026-01-24T03:44:57Z
CAT,2009-09-02,28.92,29.27,28.71,29.14,13370505,43.51,44.04,43.19,43.84,8887100,2026-01-24T03:44:57Z
CAT,2009-09-03,29.94,29.99,29,29.45,13220040,45.04,45.12,43.63,44.31,8787100,2026-01-24T03:44:57Z
CAT,2009-09-04,30.65,30.79,29.8,29.93,11138290,46.11,46.32,44.84,45.03,7403400,2026-01-24T03:44:57Z
CAT,2009-09-08,31.22,31.42,30.81,31.17,11205700,46.97,47.27,46.36,46.9,7448200,2026-01-24T03:44:57Z
CAT,2009-09-09,32.18,32.4,30.91,31.27,18599059,48.41,48.75,46.5,47.04,12362400,2026-01-24T03:44:57Z
CAT,2009-09-10,32.36,32.4,31.66,31.99,12332426,48.69,48.75,47.63,48.13,8197100,2026-01-24T03:44:57Z
CAT,2009-09-11,32.26,32.64,31.78,32.38,14684067,48.53,49.11,47.81,48.72,9760200,2026-01-24T03:44:57Z
CAT,2009-09-14,32.42,32.64,31.74,31.92,10396595,48.77,49.1,47.75,48.02,6910400,2026-01-24T03:44:57Z
CAT,2009-09-15,34.36,34.64,32.34,32.64,30984585,51.7,52.12,48.65,49.11,20594800,2026-01-24T03:44:57Z
CAT,2009-09-16,34.98,35.19,34.52,34.77,19231543,52.62,52.94,51.94,52.31,12782800,2026-01-24T03:44:57Z
CAT,2009-09-17,35.82,36.21,34.9,34.96,22999041,53.89,54.47,52.51,52.59,15287000,2026-01-24T03:44:57Z
CAT,2009-09-18,35.51,36.22,35.19,35.97,18652587,53.42,54.49,52.94,54.11,12398000,2026-01-24T03:44:57Z
CAT,2009-09-21,34.87,35.51,34.44,35.02,15209730,52.46,53.43,51.82,52.68,10109600,2026-01-24T03:44:57Z
CAT,2009-09-22,36.12,36.18,35.14,35.22,16821785,54.34,54.43,52.86,52.99,11181100,2026-01-24T03:44:57Z
CAT,2009-09-23,35.32,36.37,35.3,36.18,14469367,53.14,54.71,53.11,54.43,9617500,2026-01-24T03:44:57Z
CAT,2009-09-24,34.46,35.76,33.97,35.41,17757897,51.85,53.8,51.1,53.28,11803300,2026-01-24T03:44:57Z
CAT,2009-09-25,34.03,35.04,33.93,34.68,16230373,51.2,52.72,51.05,52.17,10788000,2026-01-24T03:44:57Z
CAT,2009-09-28,34.68,34.83,34.07,34.4,9089938,52.18,52.4,51.25,51.75,6041900,2026-01-24T03:44:57Z
CAT,2009-09-29,34.3,35.16,34.22,34.72,11346690,51.6,52.89,51.49,52.23,7541900,2026-01-24T03:44:57Z
CAT,2009-09-30,34.12,34.88,33.48,34.7,16025618,51.33,52.47,50.37,52.2,10651900,2026-01-24T03:44:57Z
CAT,2009-10-01,32.87,33.96,32.77,33.78,19310962,49.45,51.09,49.3,50.82,12835600,2026-01-24T03:44:57Z
CAT,2009-10-02,32.46,32.87,31.57,32.36,16070001,48.83,49.45,47.5,48.68,10681400,2026-01-24T03:44:57Z
CAT,2009-10-05,33.73,33.77,32.6,32.7,13044778,50.75,50.8,49.05,49.2,8670600,2026-01-24T03:44:57Z
CAT,2009-10-06,34.36,34.82,33.69,34.16,14712667,51.7,52.39,50.69,51.4,9779200,2026-01-24T03:44:57Z
CAT,2009-10-07,34.5,34.62,34.07,34.07,11192150,51.9,52.08,51.25,51.25,7439200,2026-01-24T03:44:57Z
CAT,2009-10-08,35.29,35.4,34.4,34.92,16849339,53.09,53.26,51.76,52.53,11199400,2026-01-24T03:44:57Z
CAT,2009-10-09,35.65,35.69,34.77,34.9,12111553,53.64,53.7,52.31,52.51,8050300,2026-01-24T03:44:57Z
CAT,2009-10-12,35.26,35.89,35.1,35.89,10061855,53.05,54,52.81,53.99,6687900,2026-01-24T03:44:57Z
CAT,2009-10-13,35.06,35.35,34.62,35.16,9803671,52.74,53.19,52.08,52.9,6516300,2026-01-24T03:44:57Z
CAT,2009-10-14,36.23,36.23,35.26,35.57,13831168,54.51,54.51,53.05,53.52,9193300,2026-01-24T03:44:57Z
CAT,2009-10-15,36.4,36.42,35.57,35.89,11084589,54.77,54.79,53.51,54,7367700,2026-01-24T03:44:57Z
CAT,2009-10-16,36.27,36.39,35.64,35.97,13299063,54.57,54.75,53.62,54.11,8839600,2026-01-24T03:44:57Z
CAT,2009-10-19,38.45,38.68,36.46,36.48,28263704,57.85,58.2,54.86,54.89,18786300,2026-01-24T03:44:57Z
CAT,2009-10-20,39.62,40.73,38.8,40.66,51005845,59.61,61.28,58.37,61.17,33902500,2026-01-24T03:44:57Z
CAT,2009-10-21,38.82,39.96,38.7,39.25,25672814,58.4,60.12,58.23,59.05,17064200,2026-01-24T03:44:57Z
CAT,2009-10-22,39.33,39.43,37.69,38.7,17005669,58.74,58.9,56.3,57.8,11385200,2026-01-24T03:44:57Z
CAT,2009-10-23,38.56,39.9,38.45,39.24,13108242,57.6,59.59,57.43,58.61,8775900,2026-01-24T03:44:57Z
CAT,2009-10-26,38.21,39.55,38.05,38.82,14631356,57.07,59.08,56.83,57.99,9795600,2026-01-24T03:44:57Z
CAT,2009-10-27,37.95,38.56,37.75,38.09,16355043,56.69,57.6,56.39,56.9,10949600,2026-01-24T03:44:57Z
CAT,2009-10-28,36.44,38.2,36.43,37.64,18057795,54.43,57.06,54.42,56.22,12089600,2026-01-24T03:44:57Z
CAT,2009-10-29,38.33,38.39,36.84,37.02,14740996,57.25,57.34,55.02,55.3,9869000,2026-01-24T03:44:57Z
CAT,2009-10-30,36.86,38.76,36.58,38.22,17997791,55.06,57.9,54.64,57.09,12049400,2026-01-24T03:44:57Z
CAT,2009-11-02,37.15,37.97,36.33,37.29,14893047,55.49,56.72,54.26,55.7,9970800,2026-01-24T03:44:57Z
CAT,2009-11-03,37.8,37.98,36.58,36.81,11565610,56.46,56.73,54.64,54.98,7743100,2026-01-24T03:44:57Z
CAT,2009-11-04,37.64,38.72,37.56,38.11,12912123,56.22,57.83,56.1,56.93,8644600,2026-01-24T03:44:57Z
CAT,2009-11-05,38.82,38.89,37.89,37.99,10227563,57.99,58.09,56.59,56.74,6847300,2026-01-24T03:44:57Z
CAT,2009-11-06,38.56,38.97,37.85,38.42,9203208,57.6,58.2,56.54,57.38,6161500,2026-01-24T03:44:57Z
CAT,2009-11-09,40.17,40.23,38.99,39.09,18302198,60,60.09,58.24,58.38,12253200,2026-01-24T03:44:57Z
CAT,2009-11-10,40.14,40.39,39.55,40.06,13254923,59.96,60.33,59.07,59.83,8874100,2026-01-24T03:44:57Z
CAT,2009-11-11,40.21,40.72,39.82,40.68,11198907,60.06,60.82,59.47,60.76,7497600,2026-01-24T03:44:57Z
CAT,2009-11-12,39.21,40.25,38.95,40.06,11335565,58.57,60.12,58.18,59.83,7589100,2026-01-24T03:44:57Z
CAT,2009-11-13,39.35,39.67,38.97,39.4,9626214,58.78,59.25,58.2,58.85,6444700,2026-01-24T03:44:57Z
CAT,2009-11-16,40.44,40.77,39.67,39.84,12448965,60.4,60.9,59.25,59.5,8334500,2026-01-24T03:44:57Z
CAT,2009-11-17,40.09,40.28,39.53,40.2,10598900,59.88,60.17,59.05,60.05,7095900,2026-01-24T03:44:57Z
CAT,2009-11-18,39.77,40.26,39.5,40.14,9898081,59.41,60.14,59,59.96,6626700,2026-01-24T03:44:57Z
CAT,2009-11-19,39.24,39.33,38.56,39.31,12303335,58.61,58.74,57.6,58.72,8237000,2026-01-24T03:44:57Z
CAT,2009-11-20,38.8,38.99,38.19,38.9,12992491,57.95,58.24,57.04,58.1,8698400,2026-01-24T03:44:57Z
CAT,2009-11-23,38.92,40.06,38.8,39.47,14166363,58.14,59.83,57.96,58.96,9484300,2026-01-24T03:44:57Z
CAT,2009-11-24,38.83,39.08,38.32,38.9,9902391,58,58.37,57.24,58.11,6629600,2026-01-24T03:44:57Z
CAT,2009-11-25,39.53,39.73,38.46,38.84,9328394,59.04,59.34,57.45,58.02,6245300,2026-01-24T03:44:57Z
CAT,2009-11-27,38.46,39.05,37.99,38.19,7751382,57.45,58.33,56.75,57.04,5189500,2026-01-24T03:44:57Z
CAT,2009-11-30,39.09,39.17,38.37,38.71,14494661,58.39,58.51,57.31,57.82,9704100,2026-01-24T03:44:57Z
CAT,2009-12-01,39.96,40.34,39.53,39.66,14674069,59.68,60.25,59.05,59.24,9824200,2026-01-24T03:44:57Z
CAT,2009-12-02,39.46,40.22,39.2,40.07,11769926,58.94,60.08,58.55,59.85,7879900,2026-01-24T03:44:57Z
CAT,2009-12-03,38.96,40.17,38.83,39.58,11345270,58.2,60,58,59.12,7595600,2026-01-24T03:44:57Z
CAT,2009-12-04,39.03,39.92,38.34,39.59,15606710,58.3,59.62,57.26,59.13,10448600,2026-01-24T03:44:57Z
CAT,2009-12-07,38.54,39.11,38.38,39.11,10209943,57.56,58.42,57.32,58.42,6835500,2026-01-24T03:44:57Z
CAT,2009-12-08,37.75,38.29,37.66,38.26,9683126,56.38,57.19,56.25,57.14,6482800,2026-01-24T03:44:57Z
CAT,2009-12-09,37.61,37.89,37.09,37.73,12775310,56.18,56.59,55.4,56.36,8553000,2026-01-24T03:44:57Z
CAT,2009-12-10,38.12,38.34,37.83,38.1,9416959,56.94,57.27,56.51,56.91,6304600,2026-01-24T03:44:57Z
CAT,2009-12-11,38.5,38.6,37.92,38.32,8020982,57.51,57.65,56.64,57.24,5370000,2026-01-24T03:44:57Z
CAT,2009-12-14,39.03,39.13,38.66,38.83,6848903,58.3,58.45,57.75,58,4585300,2026-01-24T03:44:57Z
