ticker,tradeDate,clsPx,hiPx,loPx,open,stockVolume,unadjClsPx,unadjHiPx,unadjLoPx,unadjOpen,unadjStockVolume,updatedAt
CCI,2006-01-03,16.64,16.68,16.34,16.65,1484305,26.9,26.97,26.41,26.91,918200,2025-12-19T03:45:16Z
CCI,2006-01-04,16.99,17.07,16.68,16.68,2432730,27.46,27.59,26.96,26.97,1504900,2025-12-19T03:45:16Z
CCI,2006-01-05,17.19,17.2,16.94,16.96,2588732,27.79,27.8,27.38,27.41,1601400,2025-12-19T03:45:16Z
CCI,2006-01-06,17.4,17.45,17.19,17.19,2298878,28.12,28.2,27.79,27.79,1422100,2025-12-19T03:45:16Z
CCI,2006-01-09,17.95,17.98,17.38,17.38,5743254,29.01,29.06,28.1,28.1,3552800,2025-12-19T03:45:16Z
CCI,2006-01-10,17.8,17.94,17.52,17.94,2193801,28.78,29,28.33,29,1357100,2025-12-19T03:45:16Z
CCI,2006-01-11,18.06,18.09,17.83,17.83,1758632,29.19,29.25,28.83,28.83,1087900,2025-12-19T03:45:16Z
CCI,2006-01-12,18.03,18.15,17.94,18.06,1852388,29.14,29.34,29,29.2,1145900,2025-12-19T03:45:16Z
CCI,2006-01-13,18.01,18.09,17.94,18,1475414,29.12,29.25,29,29.1,912700,2025-12-19T03:45:16Z
CCI,2006-01-17,17.66,17.91,17.56,17.88,1894745,28.54,28.95,28.38,28.9,1172100,2025-12-19T03:45:16Z
CCI,2006-01-18,18.26,18.3,17.45,17.6,2877121,29.52,29.59,28.2,28.45,1779800,2025-12-19T03:45:16Z
CCI,2006-01-19,18.47,18.54,18.25,18.26,1480916,29.86,29.97,29.51,29.52,916100,2025-12-19T03:45:16Z
CCI,2006-01-20,18.37,18.58,18.32,18.56,1997557,29.69,30.03,29.61,30,1235700,2025-12-19T03:45:16Z
CCI,2006-01-23,18.23,18.45,18.18,18.43,1384727,29.47,29.82,29.39,29.8,856600,2025-12-19T03:45:16Z
CCI,2006-01-24,18.87,19.01,18.21,18.23,2056234,30.5,30.73,29.44,29.47,1272000,2025-12-19T03:45:16Z
CCI,2006-01-25,18.62,18.96,18.53,18.91,1268014,30.1,30.65,29.96,30.56,784400,2025-12-19T03:45:16Z
CCI,2006-01-26,18.63,18.66,18.39,18.52,1280783,30.12,30.17,29.72,29.94,792300,2025-12-19T03:45:16Z
CCI,2006-01-27,18.64,18.69,18.56,18.63,688482,30.14,30.22,30,30.12,425900,2025-12-19T03:45:16Z
CCI,2006-01-30,18.84,18.87,18.55,18.56,892492,30.46,30.5,29.99,30,552100,2025-12-19T03:45:16Z
CCI,2006-01-31,19.57,19.61,19,19,2689596,31.63,31.7,30.71,30.71,1663800,2025-12-19T03:45:16Z
CCI,2006-02-01,19.99,20.04,19.45,19.57,2235355,32.31,32.39,31.45,31.63,1382800,2025-12-19T03:45:16Z
CCI,2006-02-02,19.72,19.99,19.67,19.99,1290971,31.88,32.31,31.79,32.31,798600,2025-12-19T03:45:16Z
CCI,2006-02-03,19.28,19.71,19.23,19.67,1397986,31.16,31.86,31.08,31.8,864800,2025-12-19T03:45:16Z
CCI,2006-02-06,19.64,19.83,19.34,19.34,1462323,31.75,32.06,31.26,31.26,904600,2025-12-19T03:45:16Z
CCI,2006-02-07,19.8,20.27,19.64,19.8,1595198,32,32.77,31.75,32,986800,2025-12-19T03:45:16Z
CCI,2006-02-08,19.8,19.94,19.49,19.73,2037483,32,32.23,31.5,31.9,1260400,2025-12-19T03:45:16Z
CCI,2006-02-09,19.18,19.83,19.09,19.83,1333481,31,32.05,30.86,32.05,824900,2025-12-19T03:45:16Z
CCI,2006-02-10,19.08,19.27,18.99,19.2,2047668,30.85,31.15,30.7,31.04,1266700,2025-12-19T03:45:16Z
CCI,2006-02-13,18.68,19.11,18.68,18.99,1838488,30.2,30.9,30.2,30.7,1137300,2025-12-19T03:45:16Z
CCI,2006-02-14,18.19,18.91,18.04,18.77,3474910,29.41,30.57,29.16,30.35,2149600,2025-12-19T03:45:16Z
CCI,2006-02-15,18.32,18.48,18.28,18.31,1416088,29.61,29.88,29.55,29.6,876000,2025-12-19T03:45:16Z
CCI,2006-02-16,18.87,18.87,18.23,18.32,1788705,30.51,30.51,29.47,29.62,1106500,2025-12-19T03:45:16Z
CCI,2006-02-17,18.77,18.93,18.74,18.87,1511301,30.34,30.6,30.3,30.51,934900,2025-12-19T03:45:16Z
CCI,2006-02-21,18.87,18.95,18.76,18.77,2877758,30.5,30.63,30.33,30.35,1780200,2025-12-19T03:45:16Z
CCI,2006-02-22,19.03,19.03,18.64,18.87,2179903,30.76,30.76,30.13,30.5,1348500,2025-12-19T03:45:16Z
CCI,2006-02-23,19.11,19.13,18.83,18.98,1153078,30.89,30.93,30.44,30.69,713300,2025-12-19T03:45:16Z
CCI,2006-02-24,19.36,19.45,19.08,19.08,1722419,31.29,31.45,30.84,30.84,1065500,2025-12-19T03:45:16Z
CCI,2006-02-27,19.53,19.67,19.35,19.36,1547672,31.57,31.8,31.28,31.29,957400,2025-12-19T03:45:16Z
CCI,2006-02-28,19.39,19.61,19.15,19.55,1234226,31.35,31.7,30.95,31.6,763500,2025-12-19T03:45:16Z
CCI,2006-03-01,18.49,19.42,18.45,19.39,5181982,29.89,31.39,29.83,31.35,3205600,2025-12-19T03:45:16Z
CCI,2006-03-02,19.07,19.1,18.5,18.55,1632058,30.83,30.87,29.9,29.98,1009600,2025-12-19T03:45:16Z
CCI,2006-03-03,19.02,19.32,18.88,19.07,1179104,30.75,31.23,30.52,30.83,729400,2025-12-19T03:45:16Z
CCI,2006-03-06,19.14,19.33,18.97,19.02,1475257,30.94,31.25,30.67,30.74,912600,2025-12-19T03:45:16Z
CCI,2006-03-07,18.68,19.11,18.56,19.11,1628339,30.19,30.9,30,30.9,1007300,2025-12-19T03:45:16Z
CCI,2006-03-08,18.74,18.79,18.28,18.61,2098274,30.29,30.37,29.55,30.09,1298000,2025-12-19T03:45:16Z
CCI,2006-03-09,18.77,19.2,18.64,18.74,1534578,30.35,31.04,30.14,30.3,949300,2025-12-19T03:45:16Z
CCI,2006-03-10,18.68,18.87,18.65,18.65,1518253,30.19,30.5,30.15,30.15,939200,2025-12-19T03:45:16Z
CCI,2006-03-13,18.38,18.74,18.36,18.71,2185072,29.71,30.29,29.68,30.25,1351700,2025-12-19T03:45:16Z
CCI,2006-03-14,18.68,18.71,18.33,18.37,1634158,30.2,30.24,29.63,29.7,1010900,2025-12-19T03:45:16Z
CCI,2006-03-15,18.16,19.27,18.12,19.27,2940170,29.36,31.15,29.3,31.15,1818800,2025-12-19T03:45:16Z
CCI,2006-03-16,18.09,18.48,18.05,18.19,1908972,29.25,29.88,29.18,29.4,1180900,2025-12-19T03:45:16Z
CCI,2006-03-17,18,18.21,17.99,18.19,1576612,29.1,29.44,29.08,29.4,975300,2025-12-19T03:45:16Z
CCI,2006-03-20,18.41,18.43,17.98,18.04,1606516,29.76,29.8,29.06,29.16,993800,2025-12-19T03:45:16Z
CCI,2006-03-21,18.09,18.54,18.08,18.31,1320551,29.25,29.97,29.22,29.6,816900,2025-12-19T03:45:16Z
CCI,2006-03-22,18.01,18.37,18,18.19,1550583,29.12,29.7,29.1,29.4,959200,2025-12-19T03:45:16Z
CCI,2006-03-23,17.82,18,17.72,17.95,3355457,28.8,29.1,28.65,29.02,2075700,2025-12-19T03:45:16Z
CCI,2006-03-24,18.25,18.36,17.79,17.79,2668254,29.5,29.68,28.75,28.75,1650600,2025-12-19T03:45:16Z
CCI,2006-03-27,18.11,18.21,18.03,18.19,855795,29.27,29.43,29.15,29.4,529400,2025-12-19T03:45:16Z
CCI,2006-03-28,17.68,18.04,17.66,17.94,1265106,28.58,29.16,28.54,29,782600,2025-12-19T03:45:16Z
CCI,2006-03-29,17.58,17.66,17.38,17.63,3966818,28.42,28.55,28.09,28.5,2453900,2025-12-19T03:45:16Z
CCI,2006-03-30,17.31,17.81,17.22,17.34,2849308,27.98,28.79,27.83,28.03,1762600,2025-12-19T03:45:16Z
CCI,2006-03-31,17.54,17.6,17.27,17.3,2415751,28.35,28.45,27.92,27.96,1494400,2025-12-19T03:45:16Z
CCI,2006-04-03,17.78,17.82,17.48,17.48,2217409,28.74,28.8,28.25,28.25,1371700,2025-12-19T03:45:16Z
CCI,2006-04-04,17.52,17.88,17.32,17.78,1468949,28.32,28.91,28,28.74,908700,2025-12-19T03:45:16Z
CCI,2006-04-05,17.65,17.67,16.98,17.5,3620404,28.53,28.56,27.45,28.29,2239600,2025-12-19T03:45:16Z
CCI,2006-04-06,18.57,18.64,17.57,17.65,6211079,30.02,30.13,28.4,28.53,3842200,2025-12-19T03:45:16Z
CCI,2006-04-07,18.52,18.84,18.25,18.62,1943893,29.94,30.45,29.5,30.1,1202500,2025-12-19T03:45:16Z
CCI,2006-04-10,18.85,18.87,18.35,18.43,2019220,30.47,30.51,29.67,29.8,1249100,2025-12-19T03:45:16Z
CCI,2006-04-11,18.69,18.88,18.59,18.79,1895874,30.21,30.52,30.05,30.37,1172800,2025-12-19T03:45:16Z
CCI,2006-04-12,18.71,18.82,18.53,18.69,2333799,30.25,30.43,29.95,30.21,1443700,2025-12-19T03:45:16Z
CCI,2006-04-13,18.8,18.81,18.5,18.62,1298082,30.39,30.4,29.9,30.1,803000,2025-12-19T03:45:16Z
CCI,2006-04-17,18.78,18.82,18.56,18.74,1327337,30.36,30.43,30,30.3,821100,2025-12-19T03:45:16Z
CCI,2006-04-18,19.08,19.09,18.68,18.74,1791285,30.85,30.86,30.2,30.3,1108100,2025-12-19T03:45:16Z
CCI,2006-04-19,19.26,19.29,18.9,19.05,1070470,31.14,31.18,30.55,30.8,662200,2025-12-19T03:45:16Z
CCI,2006-04-20,19.21,19.28,19.06,19.26,911243,31.05,31.17,30.81,31.14,563700,2025-12-19T03:45:16Z
CCI,2006-04-21,19.23,19.26,18.82,19.21,1172479,31.08,31.14,30.42,31.05,725300,2025-12-19T03:45:16Z
CCI,2006-04-24,18.98,19.27,18.84,19.27,863071,30.68,31.15,30.46,31.15,533900,2025-12-19T03:45:16Z
CCI,2006-04-25,19.8,20.17,19.36,19.39,4560251,32,32.6,31.3,31.35,2821000,2025-12-19T03:45:16Z
CCI,2006-04-26,20.06,20.09,19.75,19.95,3346555,32.43,32.48,31.93,32.25,2070200,2025-12-19T03:45:16Z
CCI,2006-04-27,20.02,20.26,19.63,20.26,1728886,32.36,32.75,31.74,32.75,1069500,2025-12-19T03:45:16Z
CCI,2006-04-28,20.82,20.91,20.2,20.41,2627358,33.65,33.81,32.65,33,1625300,2025-12-19T03:45:16Z
CCI,2006-05-01,21.16,21.39,20.68,20.82,2521961,34.21,34.57,33.43,33.65,1560100,2025-12-19T03:45:16Z
CCI,2006-05-02,21.06,21.34,20.88,21.16,1561902,34.04,34.49,33.76,34.21,966200,2025-12-19T03:45:16Z
CCI,2006-05-03,21.03,21.22,20.79,21.03,1284825,33.99,34.3,33.61,34,794800,2025-12-19T03:45:16Z
CCI,2006-05-04,21.28,21.34,21.03,21.03,2572402,34.4,34.49,34,34,1591300,2025-12-19T03:45:16Z
CCI,2006-05-05,21.22,21.51,21.12,21.28,1847701,34.3,34.77,34.14,34.4,1143000,2025-12-19T03:45:16Z
CCI,2006-05-08,21.4,21.49,21.1,21.1,2024396,34.6,34.74,34.11,34.11,1252300,2025-12-19T03:45:16Z
CCI,2006-05-09,21.39,21.61,21.29,21.43,1100862,34.57,34.93,34.41,34.65,681000,2025-12-19T03:45:16Z
CCI,2006-05-10,21.37,21.57,21.27,21.35,1128506,34.55,34.86,34.39,34.51,698100,2025-12-19T03:45:16Z
CCI,2006-05-11,21.29,21.52,21.11,21.34,1791933,34.42,34.79,34.12,34.5,1108500,2025-12-19T03:45:16Z
CCI,2006-05-12,20.68,21.06,20.54,20.91,3332007,33.43,34.05,33.2,33.8,2061200,2025-12-19T03:45:16Z
CCI,2006-05-15,20.53,20.98,20.41,20.68,1734709,33.19,33.92,33,33.43,1073100,2025-12-19T03:45:16Z
CCI,2006-05-16,20.92,20.97,20.38,20.53,3054132,33.82,33.9,32.95,33.19,1889300,2025-12-19T03:45:16Z
CCI,2006-05-17,20.38,20.92,20.05,20.92,3348992,32.95,33.82,32.42,33.82,2071700,2025-12-19T03:45:16Z
CCI,2006-05-18,20.21,20.57,20.15,20.39,2588730,32.67,33.25,32.58,32.96,1601400,2025-12-19T03:45:16Z
CCI,2006-05-19,19.66,20.13,19.39,20.12,4352689,31.78,32.54,31.35,32.53,2692600,2025-12-19T03:45:16Z
CCI,2006-05-22,19.66,19.74,19.3,19.73,4451944,31.78,31.91,31.2,31.9,2754000,2025-12-19T03:45:16Z
CCI,2006-05-23,19.67,20.26,19.6,19.66,3182166,31.8,32.75,31.68,31.78,1968500,2025-12-19T03:45:16Z
CCI,2006-05-24,19.52,19.67,19.21,19.58,2083232,31.56,31.8,31.06,31.65,1288700,2025-12-19T03:45:16Z
CCI,2006-05-25,19.89,19.94,19.61,19.61,2003382,32.16,32.24,31.7,31.7,1239300,2025-12-19T03:45:16Z
CCI,2006-05-26,19.99,20.21,19.79,19.98,1335910,32.31,32.67,31.99,32.3,826400,2025-12-19T03:45:16Z
CCI,2006-05-30,19.68,20.15,19.52,19.92,1877775,31.81,32.57,31.56,32.2,1161600,2025-12-19T03:45:16Z
CCI,2006-05-31,19.65,19.92,19.47,19.67,1969752,31.77,32.2,31.48,31.8,1218500,2025-12-19T03:45:16Z
CCI,2006-06-01,20.4,20.45,19.5,19.52,2952288,32.97,33.05,31.53,31.56,1826300,2025-12-19T03:45:16Z
CCI,2006-06-02,20.82,20.97,20.58,20.64,2594552,33.66,33.9,33.27,33.37,1605000,2025-12-19T03:45:16Z
CCI,2006-06-05,20.41,20.91,20.39,20.78,1943564,32.99,33.8,32.96,33.59,1202300,2025-12-19T03:45:16Z
CCI,2006-06-06,20.35,20.51,20.15,20.32,2415435,32.9,33.16,32.58,32.84,1494200,2025-12-19T03:45:16Z
CCI,2006-06-07,20.41,20.69,20.11,20.2,2851897,32.99,33.44,32.5,32.66,1764200,2025-12-19T03:45:16Z
CCI,2006-06-08,19.55,20.11,19.26,19.98,5792069,31.6,32.51,31.14,32.3,3583000,2025-12-19T03:45:16Z
CCI,2006-06-09,19.64,19.94,19.55,19.55,2061413,31.75,32.23,31.61,31.61,1275200,2025-12-19T03:45:16Z
CCI,2006-06-12,18.61,19.65,18.61,19.65,3777216,30.08,31.76,30.08,31.76,2336600,2025-12-19T03:45:16Z
CCI,2006-06-13,18.24,18.75,18.12,18.58,3634621,29.49,30.31,29.29,30.03,2248400,2025-12-19T03:45:16Z
CCI,2006-06-14,18.9,19.13,18.16,18.16,3287229,30.56,30.92,29.36,29.36,2033500,2025-12-19T03:45:16Z
CCI,2006-06-15,20.05,20.2,19.08,19.11,3481217,32.41,32.65,30.85,30.9,2153500,2025-12-19T03:45:16Z
CCI,2006-06-16,20.07,20.25,19.76,19.99,2809715,32.44,32.74,31.95,32.31,1738100,2025-12-19T03:45:16Z
CCI,2006-06-19,19.8,20.19,19.55,20.07,2544763,32.01,32.64,31.6,32.44,1574200,2025-12-19T03:45:16Z
CCI,2006-06-20,19.75,20.06,19.43,19.81,2188146,31.92,32.43,31.41,32.02,1353600,2025-12-19T03:45:16Z
CCI,2006-06-21,20.49,20.7,19.63,19.73,3226129,33.12,33.46,31.73,31.89,1995700,2025-12-19T03:45:16Z
CCI,2006-06-22,20.49,20.7,20.36,20.53,2332342,33.13,33.46,32.91,33.19,1442800,2025-12-19T03:45:16Z
CCI,2006-06-23,20.7,20.8,20.49,20.49,1802928,33.47,33.63,33.13,33.13,1115300,2025-12-19T03:45:16Z
CCI,2006-06-26,20.53,20.82,20.35,20.66,1951650,33.18,33.66,32.9,33.4,1207300,2025-12-19T03:45:16Z
CCI,2006-06-27,20.46,20.62,20.3,20.53,1958112,33.07,33.33,32.82,33.19,1211300,2025-12-19T03:45:16Z
CCI,2006-06-28,20.6,20.69,20.35,20.51,2507744,33.3,33.44,32.9,33.15,1551300,2025-12-19T03:45:16Z
CCI,2006-06-29,21.12,21.22,20.66,20.66,2789175,34.14,34.3,33.4,33.4,1725400,2025-12-19T03:45:16Z
CCI,2006-06-30,21.37,21.41,20.75,21.12,3596158,34.54,34.61,33.54,34.14,2224600,2025-12-19T03:45:16Z
CCI,2006-07-03,21.67,21.83,21.52,21.52,1961836,35.03,35.29,34.79,34.79,1213600,2025-12-19T03:45:16Z
CCI,2006-07-05,21.36,21.66,21.26,21.57,2848510,34.53,35.01,34.37,34.86,1762100,2025-12-19T03:45:16Z
CCI,2006-07-06,21.69,21.95,21.42,21.42,1556889,35.06,35.49,34.63,34.63,963100,2025-12-19T03:45:16Z
CCI,2006-07-07,21.56,21.72,21.43,21.61,1615891,34.86,35.11,34.64,34.94,999600,2025-12-19T03:45:16Z
CCI,2006-07-10,21.5,21.74,21.43,21.57,2104899,34.75,35.15,34.64,34.86,1302100,2025-12-19T03:45:16Z
CCI,2006-07-11,21.22,21.43,20.92,21.43,3742767,34.3,34.65,33.82,34.65,2315300,2025-12-19T03:45:16Z
CCI,2006-07-12,21.45,21.73,21.12,21.25,4234211,34.67,35.12,34.14,34.35,2619300,2025-12-19T03:45:16Z
CCI,2006-07-13,21.24,21.55,20.91,21.37,4475394,34.33,34.84,33.8,34.55,2768500,2025-12-19T03:45:16Z
CCI,2006-07-14,20.72,21.12,20.21,21.03,4914440,33.49,34.15,32.67,34,3040100,2025-12-19T03:45:16Z
CCI,2006-07-17,20.57,20.91,20.48,20.64,2046865,33.25,33.81,33.1,33.37,1266200,2025-12-19T03:45:16Z
CCI,2006-07-18,20.57,20.89,20.12,20.66,3754094,33.25,33.77,32.52,33.4,2322300,2025-12-19T03:45:16Z
CCI,2006-07-19,20.69,20.88,20.51,20.6,3267680,33.45,33.75,33.16,33.3,2021400,2025-12-19T03:45:16Z
CCI,2006-07-20,20.57,21.03,20.45,21.03,1424657,33.26,34,33.05,34,881300,2025-12-19T03:45:16Z
CCI,2006-07-21,20.57,20.64,20.22,20.61,1602316,33.25,33.37,32.69,33.31,991200,2025-12-19T03:45:16Z
CCI,2006-07-24,20.9,20.91,20.57,20.57,1357083,33.79,33.8,33.26,33.26,839500,2025-12-19T03:45:16Z
CCI,2006-07-25,20.57,20.87,20.39,20.59,2690572,33.25,33.74,32.97,33.29,1664400,2025-12-19T03:45:16Z
CCI,2006-07-26,20.74,20.93,20.28,20.52,1762031,33.53,33.84,32.79,33.17,1090000,2025-12-19T03:45:16Z
CCI,2006-07-27,20.95,21.11,20.75,20.78,1895714,33.86,34.13,33.54,33.59,1172700,2025-12-19T03:45:16Z
CCI,2006-07-28,21.39,21.53,20.69,20.98,1561737,34.58,34.8,33.45,33.92,966100,2025-12-19T03:45:16Z
CCI,2006-07-31,21.79,21.81,21.11,21.53,1863058,35.23,35.25,34.12,34.8,1152500,2025-12-19T03:45:16Z
CCI,2006-08-01,21.81,21.91,21.37,21.79,2226462,35.26,35.42,34.55,35.23,1377300,2025-12-19T03:45:16Z
CCI,2006-08-02,21.82,22.04,21.52,21.77,1195754,35.28,35.62,34.78,35.2,739700,2025-12-19T03:45:16Z
CCI,2006-08-03,21.9,22.16,21.41,21.82,2066425,35.4,35.83,34.61,35.28,1278300,2025-12-19T03:45:16Z
CCI,2006-08-04,21.05,21.91,20.71,21.64,4442582,34.03,35.41,33.48,34.99,2748200,2025-12-19T03:45:16Z
CCI,2006-08-07,20.79,21.14,20.64,21.05,2388926,33.6,34.17,33.36,34.03,1477800,2025-12-19T03:45:16Z
CCI,2006-08-08,21.13,21.18,20.61,20.79,2974267,34.15,34.23,33.31,33.6,1839900,2025-12-19T03:45:16Z
CCI,2006-08-09,20.77,21.37,20.77,21.16,1506612,33.58,34.55,33.58,34.2,932000,2025-12-19T03:45:16Z
CCI,2006-08-10,20.54,20.66,19.94,20.64,3048144,33.21,33.39,32.23,33.37,1885600,2025-12-19T03:45:16Z
CCI,2006-08-11,20.41,20.56,20.11,20.54,1212241,33,33.24,32.5,33.21,749900,2025-12-19T03:45:16Z
CCI,2006-08-14,20.15,20.51,19.96,20.43,1714984,32.57,33.15,32.26,33.03,1060900,2025-12-19T03:45:16Z
CCI,2006-08-15,20.82,20.88,20.26,20.27,1941622,33.65,33.76,32.75,32.77,1201100,2025-12-19T03:45:16Z
CCI,2006-08-16,20.99,21.09,20.86,20.93,1319418,33.93,34.09,33.72,33.84,816200,2025-12-19T03:45:16Z
CCI,2006-08-17,20.8,21.08,20.7,20.91,1824103,33.63,34.07,33.46,33.8,1128400,2025-12-19T03:45:16Z
CCI,2006-08-18,21.04,21.12,20.66,20.77,1282404,34.02,34.15,33.4,33.57,793300,2025-12-19T03:45:16Z
CCI,2006-08-21,20.72,20.98,20.62,20.98,567243,33.5,33.92,33.34,33.92,350900,2025-12-19T03:45:16Z
CCI,2006-08-22,20.79,20.91,20.54,20.62,834782,33.61,33.8,33.2,33.34,516400,2025-12-19T03:45:16Z
CCI,2006-08-23,20.63,20.85,20.46,20.79,1061904,33.35,33.7,33.07,33.61,656900,2025-12-19T03:45:16Z
CCI,2006-08-24,20.61,20.8,20.25,20.66,959418,33.31,33.63,32.74,33.39,593500,2025-12-19T03:45:16Z
CCI,2006-08-25,20.64,20.88,20.49,20.49,1011305,33.37,33.75,33.13,33.13,625600,2025-12-19T03:45:16Z
CCI,2006-08-28,20.97,20.98,20.64,20.64,800672,33.9,33.92,33.37,33.37,495300,2025-12-19T03:45:16Z
CCI,2006-08-29,21.03,21.03,20.65,21.01,698182,34,34,33.38,33.96,431900,2025-12-19T03:45:16Z
CCI,2006-08-30,21.4,21.45,20.95,21.03,1585337,34.59,34.68,33.87,34,980700,2025-12-19T03:45:16Z
CCI,2006-08-31,21.26,21.43,21.08,21.43,1315376,34.36,34.64,34.08,34.64,813700,2025-12-19T03:45:16Z
CCI,2006-09-01,21.26,21.55,21.19,21.55,801479,34.36,34.84,34.26,34.84,495800,2025-12-19T03:45:16Z
CCI,2006-09-05,21.6,21.65,21.04,21.25,1287411,34.92,35,34.01,34.36,796400,2025-12-19T03:45:16Z
CCI,2006-09-06,21.04,21.64,20.95,21.6,1396526,34.01,34.98,33.87,34.92,863900,2025-12-19T03:45:16Z
CCI,2006-09-07,21.09,21.2,20.77,21.02,1066434,34.09,34.27,33.58,33.98,659700,2025-12-19T03:45:16Z
CCI,2006-09-08,21.08,21.35,20.99,21.09,651464,34.07,34.51,33.93,34.09,403000,2025-12-19T03:45:16Z
CCI,2006-09-11,21.4,21.52,20.91,21.05,980433,34.6,34.79,33.8,34.02,606500,2025-12-19T03:45:16Z
CCI,2006-09-12,21.79,21.81,21.47,21.47,1295816,35.22,35.25,34.71,34.71,801600,2025-12-19T03:45:16Z
CCI,2006-09-13,21.93,22.01,21.71,21.74,971538,35.45,35.58,35.1,35.14,601000,2025-12-19T03:45:16Z
CCI,2006-09-14,21.93,22.04,21.74,21.94,783050,35.45,35.63,35.14,35.46,484400,2025-12-19T03:45:16Z
CCI,2006-09-15,21.86,22.02,21.75,21.94,940826,35.34,35.6,35.16,35.46,582000,2025-12-19T03:45:16Z
CCI,2006-09-18,21.81,21.96,21.58,21.94,681210,35.25,35.5,34.88,35.47,421400,2025-12-19T03:45:16Z
CCI,2006-09-19,21.48,21.89,21.23,21.87,1524556,34.72,35.39,34.32,35.35,943100,2025-12-19T03:45:16Z
CCI,2006-09-20,21.47,21.82,21.43,21.43,1175547,34.71,35.27,34.64,34.64,727200,2025-12-19T03:45:16Z
CCI,2006-09-21,21.43,21.73,21.21,21.48,1754429,34.64,35.13,34.28,34.72,1085300,2025-12-19T03:45:16Z
CCI,2006-09-22,21.28,21.49,21.18,21.43,887642,34.4,34.74,34.23,34.64,549100,2025-12-19T03:45:16Z
CCI,2006-09-25,21.61,21.94,21.12,21.39,1910585,34.94,35.47,34.14,34.57,1181900,2025-12-19T03:45:16Z
CCI,2006-09-26,21.71,21.75,21.32,21.65,1908490,35.1,35.16,34.46,35,1180600,2025-12-19T03:45:16Z
CCI,2006-09-27,21.57,21.7,21.37,21.63,1143376,34.87,35.07,34.54,34.97,707300,2025-12-19T03:45:16Z
CCI,2006-09-28,21.66,21.71,21.34,21.47,1130121,35.01,35.09,34.5,34.7,699100,2025-12-19T03:45:16Z
CCI,2006-09-29,21.8,21.97,21.5,21.65,1521652,35.24,35.52,34.75,35,941300,2025-12-19T03:45:16Z
CCI,2006-10-02,21.4,21.72,21.05,21.71,2335904,34.6,35.11,34.02,35.1,1445000,2025-12-19T03:45:16Z
CCI,2006-10-03,21.4,21.57,21.32,21.41,1399279,34.6,34.86,34.46,34.61,865600,2025-12-19T03:45:16Z
CCI,2006-10-04,21.52,21.63,21.31,21.41,1064814,34.78,34.97,34.45,34.61,658700,2025-12-19T03:45:16Z
CCI,2006-10-05,21.5,21.6,21.21,21.45,1805192,34.75,34.91,34.29,34.67,1116700,2025-12-19T03:45:16Z
CCI,2006-10-06,20.48,21.31,20.32,21.05,7658208,33.1,34.45,32.85,34.03,4737400,2025-12-19T03:45:16Z
CCI,2006-10-09,20.89,20.98,20.62,20.7,4909754,33.77,33.91,33.33,33.47,3037200,2025-12-19T03:45:16Z
CCI,2006-10-10,20.8,20.94,20.52,20.88,3373879,33.63,33.85,33.18,33.76,2087100,2025-12-19T03:45:16Z
CCI,2006-10-11,21.25,21.27,20.72,20.8,4208982,34.35,34.38,33.5,33.63,2603700,2025-12-19T03:45:16Z
CCI,2006-10-12,21.35,21.58,21.32,21.36,3265418,34.52,34.88,34.46,34.53,2020000,2025-12-19T03:45:16Z
CCI,2006-10-13,21.24,21.46,21.22,21.36,1303901,34.34,34.69,34.31,34.53,806600,2025-12-19T03:45:16Z
CCI,2006-10-16,21.15,21.39,21.09,21.24,1775284,34.19,34.57,34.1,34.34,1098200,2025-12-19T03:45:16Z
CCI,2006-10-17,20.93,21.15,20.81,21.15,2382619,33.83,34.19,33.64,34.19,1473900,2025-12-19T03:45:16Z
CCI,2006-10-18,20.61,21.01,20.61,20.94,1724366,33.31,33.96,33.31,33.85,1066700,2025-12-19T03:45:16Z
CCI,2006-10-19,20.63,20.78,20.57,20.57,2616205,33.35,33.59,33.25,33.26,1618400,2025-12-19T03:45:16Z
CCI,2006-10-20,20.49,20.83,20.46,20.83,2754744,33.13,33.67,33.08,33.67,1704100,2025-12-19T03:45:16Z
CCI,2006-10-23,20.54,20.67,20.49,20.5,1822648,33.2,33.42,33.12,33.14,1127500,2025-12-19T03:45:16Z
CCI,2006-10-24,20.36,20.53,20.22,20.51,1398467,32.92,33.19,32.68,33.15,865100,2025-12-19T03:45:16Z
CCI,2006-10-25,20.43,20.5,20.28,20.29,2630277,33.02,33.14,32.79,32.8,1627100,2025-12-19T03:45:16Z
CCI,2006-10-26,21.4,21.64,20.72,20.72,4513387,34.6,34.98,33.5,33.5,2792000,2025-12-19T03:45:16Z
CCI,2006-10-27,21.04,21.36,21.04,21.31,1444214,34.01,34.53,34.01,34.45,893400,2025-12-19T03:45:16Z
CCI,2006-10-30,20.9,21.22,20.74,21.22,1686211,33.78,34.31,33.53,34.31,1043100,2025-12-19T03:45:16Z
CCI,2006-10-31,20.82,20.92,20.63,20.91,1544924,33.65,33.82,33.35,33.8,955700,2025-12-19T03:45:16Z
CCI,2006-11-01,20.54,20.95,20.45,20.87,1175385,33.2,33.86,33.06,33.73,727100,2025-12-19T03:45:16Z
CCI,2006-11-02,20.74,20.76,20.43,20.54,1462485,33.53,33.56,33.02,33.21,904700,2025-12-19T03:45:16Z
CCI,2006-11-03,20.69,20.9,20.54,20.9,1017129,33.45,33.79,33.21,33.79,629200,2025-12-19T03:45:16Z
CCI,2006-11-06,20.8,21,20.6,20.75,1369371,33.62,33.95,33.3,33.55,847100,2025-12-19T03:45:16Z
CCI,2006-11-07,20.86,21.06,20.72,20.75,1829112,33.72,34.05,33.5,33.55,1131500,2025-12-19T03:45:16Z
CCI,2006-11-08,20.48,20.85,19.99,19.99,2533120,33.11,33.7,32.31,32.31,1567000,2025-12-19T03:45:16Z
CCI,2006-11-09,20.46,20.68,20.29,20.59,1738101,33.07,33.43,32.8,33.29,1075200,2025-12-19T03:45:16Z
CCI,2006-11-10,20.28,20.36,20.05,20.34,1362094,32.78,32.92,32.41,32.88,842600,2025-12-19T03:45:16Z
CCI,2006-11-13,20.27,20.38,20.21,20.23,2136903,32.77,32.95,32.67,32.71,1321900,2025-12-19T03:45:16Z
CCI,2006-11-14,20.44,20.47,20.32,20.38,1240857,33.04,33.09,32.84,32.94,767600,2025-12-19T03:45:16Z
CCI,2006-11-15,20.63,20.67,20.44,20.52,1796782,33.35,33.42,33.04,33.18,1111500,2025-12-19T03:45:16Z
CCI,2006-11-16,21.16,21.27,20.74,20.74,2496099,34.2,34.39,33.53,33.53,1544100,2025-12-19T03:45:16Z
CCI,2006-11-17,21.37,21.58,21.24,21.5,1943890,34.55,34.88,34.33,34.75,1202500,2025-12-19T03:45:16Z
CCI,2006-11-20,21.36,21.44,21.21,21.26,1219034,34.53,34.66,34.28,34.37,754100,2025-12-19T03:45:16Z
CCI,2006-11-21,21.55,21.55,21.32,21.32,1904770,34.83,34.83,34.46,34.46,1178300,2025-12-19T03:45:16Z
CCI,2006-11-22,21.61,21.63,21.49,21.51,1143862,34.93,34.97,34.74,34.77,707600,2025-12-19T03:45:16Z
CCI,2006-11-24,21.61,21.65,21.39,21.43,318296,34.93,35,34.58,34.65,196900,2025-12-19T03:45:16Z
CCI,2006-11-27,21.53,21.65,21.47,21.65,1706739,34.8,35,34.7,35,1055800,2025-12-19T03:45:16Z
CCI,2006-11-28,21.28,21.53,21.19,21.53,1708845,34.4,34.8,34.26,34.8,1057100,2025-12-19T03:45:16Z
CCI,2006-11-29,21.53,21.7,21.28,21.32,2770582,34.8,35.08,34.4,34.46,1713900,2025-12-19T03:45:16Z
CCI,2006-11-30,21.32,21.83,21.32,21.64,3104085,34.46,35.29,34.46,34.98,1920200,2025-12-19T03:45:16Z
CCI,2006-12-01,21.15,21.56,21.09,21.37,1178296,34.19,34.85,34.09,34.55,728900,2025-12-19T03:45:16Z
CCI,2006-12-04,21.08,21.19,21,21.06,1743920,34.08,34.26,33.95,34.05,1078800,2025-12-19T03:45:16Z
CCI,2006-12-05,20.91,21.22,20.83,21.13,1904603,33.8,34.3,33.67,34.16,1178200,2025-12-19T03:45:16Z
CCI,2006-12-06,21.43,21.6,21.09,21.09,2467806,34.65,34.92,34.1,34.1,1526600,2025-12-19T03:45:16Z
CCI,2006-12-07,21.3,21.58,21.22,21.42,1585824,34.43,34.89,34.3,34.62,981000,2025-12-19T03:45:16Z
CCI,2006-12-08,21.19,21.4,21.05,21.35,933552,34.26,34.6,34.03,34.52,577500,2025-12-19T03:45:16Z
CCI,2006-12-11,21.21,21.41,21.05,21.16,1234874,34.28,34.61,34.02,34.21,763900,2025-12-19T03:45:16Z
CCI,2006-12-12,20.83,21.29,20.8,21.14,1280948,33.67,34.42,33.63,34.18,792400,2025-12-19T03:45:16Z
CCI,2006-12-13,20.6,20.91,20.47,20.91,1864198,33.3,33.8,33.09,33.8,1153200,2025-12-19T03:45:16Z
CCI,2006-12-14,20.77,20.83,20.56,20.56,1432736,33.58,33.67,33.23,33.23,886300,2025-12-19T03:45:16Z
CCI,2006-12-15,20.91,20.98,20.71,20.85,1993836,33.8,33.92,33.48,33.7,1233400,2025-12-19T03:45:16Z
CCI,2006-12-18,20.61,21.03,20.54,20.91,1007913,33.32,34,33.21,33.8,623500,2025-12-19T03:45:16Z
CCI,2006-12-19,20.53,20.68,20.32,20.6,1299052,33.18,33.43,32.84,33.3,803600,2025-12-19T03:45:16Z
CCI,2006-12-20,20.5,20.82,20.46,20.61,1147903,33.14,33.66,33.07,33.32,710100,2025-12-19T03:45:16Z
CCI,2006-12-21,20.47,20.62,20.33,20.51,1199960,33.09,33.33,32.86,33.16,742300,2025-12-19T03:45:16Z
CCI,2006-12-22,19.93,20.5,19.86,20.48,2613778,32.22,33.14,32.1,33.1,1616900,2025-12-19T03:45:16Z
CCI,2006-12-26,19.75,19.96,19.75,19.93,950523,31.93,32.27,31.92,32.21,588000,2025-12-19T03:45:16Z
CCI,2006-12-27,19.93,19.96,19.7,19.75,1136426,32.21,32.26,31.84,31.92,703000,2025-12-19T03:45:16Z
CCI,2006-12-28,19.95,20.11,19.89,19.93,1155827,32.25,32.5,32.15,32.21,715000,2025-12-19T03:45:16Z
CCI,2006-12-29,19.98,20.13,19.85,19.96,938080,32.3,32.54,32.09,32.26,580300,2025-12-19T03:45:16Z
CCI,2007-01-03,19.52,20.33,19.26,20.1,3786417,31.56,32.86,31.14,32.49,2342300,2025-12-19T03:45:16Z
CCI,2007-01-04,19.83,19.97,19.61,19.61,4856408,32.05,32.28,31.7,31.7,3004200,2025-12-19T03:45:16Z
CCI,2007-01-05,19.85,20.11,19.64,19.86,3278834,32.09,32.5,31.75,32.1,2028300,2025-12-19T03:45:16Z
CCI,2007-01-08,20.05,20.18,19.71,19.85,2015986,32.41,32.63,31.87,32.09,1247100,2025-12-19T03:45:16Z
CCI,2007-01-09,20.26,20.82,19.89,20.05,3041361,32.75,33.66,32.15,32.42,1881400,2025-12-19T03:45:16Z
CCI,2007-01-10,20.68,20.74,20.2,20.26,2922215,33.43,33.52,32.65,32.75,1807700,2025-12-19T03:45:16Z
CCI,2007-01-11,20.97,21.08,20.67,20.73,3218210,33.9,34.07,33.41,33.51,1990800,2025-12-19T03:45:16Z
CCI,2007-01-12,21.27,21.3,20.73,20.74,3344628,34.38,34.44,33.51,33.52,2069000,2025-12-19T03:45:16Z
CCI,2007-01-16,21.14,21.43,21.01,21.31,2988341,34.17,34.65,33.96,34.45,1848600,2025-12-19T03:45:16Z
CCI,2007-01-17,21.13,21.37,21.01,21.26,3915897,34.16,34.54,33.96,34.37,2422400,2025-12-19T03:45:16Z
CCI,2007-01-18,21.32,21.48,21.13,21.13,3527295,34.46,34.73,34.16,34.16,2182000,2025-12-19T03:45:16Z
CCI,2007-01-19,22.4,23.09,21.4,21.4,8972278,36.21,37.32,34.6,34.6,5550300,2025-12-19T03:45:16Z
CCI,2007-01-22,22.24,22.54,22.04,22.4,3080634,35.95,36.43,35.63,36.21,1905700,2025-12-19T03:45:16Z
CCI,2007-01-23,21.79,22.24,21.76,22.24,3367087,35.22,35.95,35.18,35.95,2082900,2025-12-19T03:45:16Z
CCI,2007-01-24,21.8,21.92,21.61,21.79,2828951,35.24,35.44,34.94,35.23,1750000,2025-12-19T03:45:16Z
CCI,2007-01-25,21.59,21.95,21.55,21.8,1813598,34.9,35.49,34.83,35.24,1121900,2025-12-19T03:45:16Z
CCI,2007-01-26,21.9,22.05,21.59,21.59,4133656,35.41,35.65,34.9,34.9,2557100,2025-12-19T03:45:16Z
CCI,2007-01-29,21.58,22.19,21.53,21.84,1952621,34.89,35.87,34.8,35.3,1207900,2025-12-19T03:45:16Z
CCI,2007-01-30,21.72,21.81,21.61,21.65,1519711,35.11,35.25,34.93,35,940100,2025-12-19T03:45:16Z
CCI,2007-01-31,21.75,21.75,21.35,21.61,1219192,35.16,35.16,34.52,34.93,754200,2025-12-19T03:45:16Z
CCI,2007-02-01,21.55,21.77,21.33,21.77,1901536,34.84,35.19,34.48,35.19,1176300,2025-12-19T03:45:16Z
CCI,2007-02-02,21.74,21.76,21.53,21.59,1929177,35.14,35.17,34.81,34.9,1193400,2025-12-19T03:45:16Z
CCI,2007-02-05,21.48,21.65,21.34,21.65,2133828,34.73,35,34.49,35,1320000,2025-12-19T03:45:16Z
CCI,2007-02-06,21.34,21.43,21.21,21.39,2819242,34.5,34.65,34.29,34.57,1744000,2025-12-19T03:45:16Z
CCI,2007-02-07,21.66,21.88,21.32,21.35,3180212,35.02,35.37,34.46,34.51,1967300,2025-12-19T03:45:16Z
CCI,2007-02-08,21.74,21.78,21.47,21.47,2732757,35.15,35.21,34.71,34.71,1690500,2025-12-19T03:45:16Z
CCI,2007-02-09,21.56,22.15,21.32,21.74,2977342,34.85,35.8,34.47,35.15,1841800,2025-12-19T03:45:16Z
CCI,2007-02-12,21.11,21.5,21.01,21.5,2144826,34.12,34.75,33.96,34.75,1326800,2025-12-19T03:45:16Z
CCI,2007-02-13,21.17,21.45,21.09,21.23,2628005,34.22,34.67,34.1,34.32,1625700,2025-12-19T03:45:16Z
CCI,2007-02-14,21.82,21.92,21.47,21.5,2501596,35.27,35.44,34.7,34.75,1547500,2025-12-19T03:45:16Z
CCI,2007-02-15,21.89,21.99,21.74,21.86,1693975,35.39,35.55,35.15,35.33,1047900,2025-12-19T03:45:16Z
CCI,2007-02-16,21.58,21.93,21.51,21.77,1642408,34.88,35.45,34.77,35.2,1016000,2025-12-19T03:45:16Z
CCI,2007-02-20,21.55,21.73,21.43,21.58,2933050,34.84,35.13,34.64,34.88,1814400,2025-12-19T03:45:16Z
CCI,2007-02-21,21.37,21.59,21.27,21.57,1869690,34.55,34.9,34.38,34.86,1156600,2025-12-19T03:45:16Z
CCI,2007-02-22,21.34,21.65,21.29,21.43,1687666,34.5,35,34.41,34.65,1044000,2025-12-19T03:45:16Z
CCI,2007-02-23,21.31,21.5,21.06,21.23,2050747,34.45,34.76,34.04,34.32,1268600,2025-12-19T03:45:16Z
CCI,2007-02-26,21.59,21.66,21.22,21.45,2623485,34.9,35.01,34.31,34.67,1622900,2025-12-19T03:45:16Z
CCI,2007-02-27,20.59,21.5,20.51,21.28,2115887,33.28,34.76,33.15,34.4,1308900,2025-12-19T03:45:16Z
CCI,2007-02-28,20.23,20.66,19.98,20.5,5785266,32.71,33.4,32.29,33.14,3578800,2025-12-19T03:45:16Z
CCI,2007-03-01,19.84,20.15,19.62,19.92,4034066,32.08,32.58,31.71,32.2,2495500,2025-12-19T03:45:16Z
CCI,2007-03-02,19.47,19.95,19.25,19.85,4561550,31.48,32.25,31.11,32.09,2821800,2025-12-19T03:45:16Z
CCI,2007-03-05,18.97,19.41,18.82,19.24,3806150,30.66,31.38,30.42,31.1,2354500,2025-12-19T03:45:16Z
CCI,2007-03-06,19.41,19.52,19,19.12,4599063,31.38,31.55,30.71,30.91,2845000,2025-12-19T03:45:16Z
CCI,2007-03-07,19.54,19.6,19.25,19.31,2516795,31.59,31.68,31.11,31.21,1556900,2025-12-19T03:45:16Z
CCI,2007-03-08,19.92,19.98,19.54,19.6,4723041,32.2,32.3,31.59,31.69,2921700,2025-12-19T03:45:16Z
CCI,2007-03-09,20.09,20.17,19.98,20.14,2516469,32.47,32.6,32.3,32.55,1556700,2025-12-19T03:45:16Z
CCI,2007-03-12,20.64,20.69,19.92,19.96,3892784,33.36,33.44,32.2,32.27,2408100,2025-12-19T03:45:16Z
CCI,2007-03-13,20.14,20.63,20.04,20.48,3866114,32.56,33.35,32.39,33.11,2391600,2025-12-19T03:45:16Z
CCI,2007-03-14,20.05,20.12,19.62,20.05,5092261,32.41,32.53,31.72,32.42,3150100,2025-12-19T03:45:16Z
CCI,2007-03-15,20.25,20.27,19.94,20.05,2041047,32.74,32.76,32.23,32.41,1262600,2025-12-19T03:45:16Z
CCI,2007-03-16,20.43,20.54,20.14,20.23,2011465,33.02,33.21,32.56,32.7,1244300,2025-12-19T03:45:16Z
CCI,2007-03-19,20.59,20.64,20.45,20.51,1811492,33.28,33.37,33.05,33.15,1120600,2025-12-19T03:45:16Z
CCI,2007-03-20,20.48,20.6,20.3,20.51,2453911,33.1,33.3,32.81,33.15,1518000,2025-12-19T03:45:16Z
CCI,2007-03-21,20.84,20.95,20.4,20.56,2295972,33.69,33.87,32.98,33.23,1420300,2025-12-19T03:45:16Z
CCI,2007-03-22,20.7,21.39,20.62,21.39,1938719,33.46,34.58,33.33,34.58,1199300,2025-12-19T03:45:16Z
CCI,2007-03-23,20.7,20.87,20.66,20.74,881984,33.47,33.74,33.39,33.53,545600,2025-12-19T03:45:16Z
CCI,2007-03-26,20.51,20.63,20.33,20.58,1527957,33.16,33.35,32.86,33.27,945200,2025-12-19T03:45:16Z
CCI,2007-03-27,20.28,20.48,20.17,20.48,2396516,32.79,33.1,32.6,33.1,1482500,2025-12-19T03:45:16Z
CCI,2007-03-28,20.08,20.2,20.02,20.15,1760737,32.46,32.66,32.37,32.57,1089200,2025-12-19T03:45:16Z
CCI,2007-03-29,19.94,20.21,19.8,20.11,1951329,32.23,32.67,32,32.5,1207100,2025-12-19T03:45:16Z
CCI,2007-03-30,19.88,20.09,19.7,19.88,1635775,32.13,32.47,31.85,32.14,1011900,2025-12-19T03:45:16Z
CCI,2007-04-02,19.98,20.07,19.81,19.86,1672314,32.3,32.44,32.03,32.11,1034500,2025-12-19T03:45:16Z
CCI,2007-04-03,20.1,20.23,19.98,20.04,1748609,32.49,32.71,32.29,32.39,1081700,2025-12-19T03:45:16Z
CCI,2007-04-04,19.98,20.18,19.8,20.14,1674739,32.3,32.63,32,32.56,1036000,2025-12-19T03:45:16Z
CCI,2007-04-05,19.96,20.03,19.8,19.98,1799209,32.26,32.38,32.01,32.3,1113000,2025-12-19T03:45:16Z
CCI,2007-04-09,20.3,20.33,19.89,19.97,2882617,32.82,32.86,32.16,32.28,1783200,2025-12-19T03:45:16Z
CCI,2007-04-10,20.45,20.61,20.28,20.33,1685565,33.06,33.32,32.79,32.87,1042700,2025-12-19T03:45:16Z
CCI,2007-04-11,20.4,20.45,20.12,20.45,2623967,32.98,33.06,32.52,33.06,1623200,2025-12-19T03:45:16Z
CCI,2007-04-12,20.86,20.9,20.32,20.41,3406529,33.72,33.78,32.85,33,2107300,2025-12-19T03:45:16Z
CCI,2007-04-13,21.13,21.32,20.71,20.86,2027461,34.15,34.47,33.48,33.72,1254200,2025-12-19T03:45:16Z
CCI,2007-04-16,21.35,21.6,21.16,21.25,3755377,34.51,34.91,34.2,34.35,2323100,2025-12-19T03:45:16Z
CCI,2007-04-17,21.43,21.66,21.04,21.66,4692970,34.65,35.02,34.01,35.02,2903100,2025-12-19T03:45:16Z
CCI,2007-04-18,21.53,21.6,21.29,21.43,1468785,34.8,34.92,34.42,34.65,908600,2025-12-19T03:45:16Z
CCI,2007-04-19,21.52,21.65,21.27,21.65,1881004,34.78,35,34.39,35,1163600,2025-12-19T03:45:16Z
CCI,2007-04-20,21.61,21.71,21.01,21.57,2588239,34.93,35.09,33.97,34.86,1601100,2025-12-19T03:45:16Z
CCI,2007-04-23,21.53,21.64,21.43,21.64,2004352,34.81,34.99,34.64,34.99,1239900,2025-12-19T03:45:16Z
CCI,2007-04-24,21.46,21.64,21.4,21.64,1127698,34.69,34.99,34.6,34.99,697600,2025-12-19T03:45:16Z
CCI,2007-04-25,21.75,21.87,21.49,21.5,2920597,35.16,35.35,34.74,34.76,1806700,2025-12-19T03:45:16Z
CCI,2007-04-26,21.72,21.85,21.5,21.71,1462000,35.11,35.32,34.76,35.09,904400,2025-12-19T03:45:16Z
CCI,2007-04-27,21.65,21.68,21.34,21.58,2104733,35,35.04,34.49,34.89,1302000,2025-12-19T03:45:16Z
CCI,2007-04-30,21.24,21.63,21.16,21.6,3059948,34.34,34.96,34.2,34.92,1892900,2025-12-19T03:45:16Z
CCI,2007-05-01,21.45,21.45,21.12,21.27,1858862,34.67,34.67,34.15,34.38,1149900,2025-12-19T03:45:16Z
CCI,2007-05-02,21.77,22.08,21.32,21.34,2639003,35.19,35.69,34.47,34.5,1632500,2025-12-19T03:45:16Z
CCI,2007-05-03,21.14,21.8,20.84,21.8,4173105,34.17,35.24,33.68,35.24,2581500,2025-12-19T03:45:16Z
CCI,2007-05-04,21.22,21.32,20.82,21.14,2990916,34.3,34.47,33.66,34.17,1850200,2025-12-19T03:45:16Z
CCI,2007-05-07,21.05,21.29,21.03,21.18,3605374,34.03,34.41,34,34.24,2230300,2025-12-19T03:45:16Z
CCI,2007-05-08,21.14,21.19,20.74,21.03,2847863,34.17,34.25,33.52,34,1761700,2025-12-19T03:45:16Z
CCI,2007-05-09,21.66,21.73,20.98,21.02,4365133,35.02,35.12,33.91,33.98,2700300,2025-12-19T03:45:16Z
CCI,2007-05-10,21.34,21.59,21.2,21.45,3779305,34.5,34.9,34.27,34.67,2337900,2025-12-19T03:45:16Z
CCI,2007-05-11,21.62,21.68,21.22,21.3,2132544,34.95,35.05,34.3,34.44,1319200,2025-12-19T03:45:16Z
CCI,2007-05-14,22,22.15,21.56,21.61,3775752,35.56,35.8,34.85,34.93,2335700,2025-12-19T03:45:16Z
CCI,2007-05-15,21.97,22.27,21.84,21.97,2929811,35.52,36,35.31,35.51,1812400,2025-12-19T03:45:16Z
CCI,2007-05-16,22.25,22.27,21.93,22.11,2020032,35.96,36,35.45,35.75,1249600,2025-12-19T03:45:16Z
CCI,2007-05-17,22.02,22.22,22.02,22.18,1986077,35.59,35.92,35.59,35.86,1228600,2025-12-19T03:45:16Z
CCI,2007-05-18,22.04,22.21,21.94,22.05,1900566,35.63,35.91,35.46,35.64,1175700,2025-12-19T03:45:16Z
CCI,2007-05-21,22.46,22.47,22.13,22.16,1699303,36.31,36.33,35.77,35.82,1051200,2025-12-19T03:45:16Z
CCI,2007-05-22,22.19,22.41,22.11,22.36,1132869,35.87,36.23,35.75,36.14,700800,2025-12-19T03:45:16Z
CCI,2007-05-23,22.32,22.42,22.24,22.26,946968,36.08,36.25,35.95,35.99,585800,2025-12-19T03:45:16Z
CCI,2007-05-24,21.83,22.33,21.67,22.19,2096165,35.29,36.09,35.03,35.87,1296700,2025-12-19T03:45:16Z
CCI,2007-05-25,21.92,22.08,21.85,21.96,898956,35.44,35.7,35.32,35.5,556100,2025-12-19T03:45:16Z
CCI,2007-05-29,22.13,22.18,21.83,21.89,1298566,35.78,35.86,35.29,35.39,803300,2025-12-19T03:45:16Z
CCI,2007-05-30,22.52,22.54,21.92,21.97,2480097,36.41,36.44,35.44,35.51,1534200,2025-12-19T03:45:16Z
CCI,2007-05-31,22.78,22.89,22.49,22.57,2033772,36.82,37,36.36,36.49,1258100,2025-12-19T03:45:16Z
CCI,2007-06-01,23.09,23.09,22.8,22.9,1591325,37.32,37.32,36.86,37.02,984400,2025-12-19T03:45:16Z
CCI,2007-06-04,23.1,23.17,23.04,23.07,2451321,37.35,37.46,37.24,37.3,1516400,2025-12-19T03:45:16Z
CCI,2007-06-05,23.18,23.32,22.96,22.96,3875175,37.47,37.69,37.12,37.12,2397200,2025-12-19T03:45:16Z
CCI,2007-06-06,22.72,23.05,22.65,23.05,1475252,36.73,37.27,36.61,37.26,912600,2025-12-19T03:45:16Z
CCI,2007-06-07,22.17,22.7,22.07,22.64,2044439,35.84,36.7,35.68,36.59,1264700,2025-12-19T03:45:16Z
CCI,2007-06-08,22.04,22.13,21.77,21.95,1834611,35.63,35.78,35.2,35.48,1134900,2025-12-19T03:45:16Z
CCI,2007-06-11,21.96,22.15,21.86,22.04,8071700,35.5,35.81,35.33,35.63,4993200,2025-12-19T03:45:16Z
CCI,2007-06-12,21.8,21.96,21.77,21.94,2678289,35.24,35.5,35.19,35.46,1656800,2025-12-19T03:45:16Z
CCI,2007-06-13,21.71,21.93,21.65,21.82,2133836,35.1,35.45,35,35.27,1320000,2025-12-19T03:45:16Z
CCI,2007-06-14,21.75,21.95,21.6,21.65,1854491,35.16,35.48,34.91,35,1147200,2025-12-19T03:45:16Z
CCI,2007-06-15,21.87,22.03,21.71,21.77,2370493,35.35,35.61,35.1,35.19,1466400,2025-12-19T03:45:16Z
CCI,2007-06-18,22.5,22.75,22.26,22.27,3622823,36.37,36.78,35.99,36,2241100,2025-12-19T03:45:16Z
CCI,2007-06-19,22.25,22.5,22.15,22.39,2141272,35.96,36.37,35.81,36.19,1324600,2025-12-19T03:45:16Z
CCI,2007-06-20,21.85,22.39,21.85,22.16,2400565,35.32,36.19,35.32,35.82,1485000,2025-12-19T03:45:16Z
CCI,2007-06-21,21.62,21.73,21.54,21.71,2789831,34.95,35.13,34.82,35.1,1725800,2025-12-19T03:45:16Z
CCI,2007-06-22,21.61,21.74,21.38,21.57,12102052,34.93,35.14,34.56,34.86,7486400,2025-12-19T03:45:16Z
CCI,2007-06-25,21.3,21.57,21.24,21.54,2155007,34.43,34.87,34.34,34.82,1333100,2025-12-19T03:45:16Z
CCI,2007-06-26,21.08,21.3,21,21.3,1703183,34.08,34.44,33.95,34.43,1053600,2025-12-19T03:45:16Z
CCI,2007-06-27,21.65,21.65,20.87,21.01,5619411,35,35,33.74,33.96,3476200,2025-12-19T03:45:16Z
CCI,2007-06-28,22.16,22.35,21.5,21.56,12194867,35.83,36.13,34.75,34.85,7543800,2025-12-19T03:45:16Z
CCI,2007-06-29,22.44,22.58,22.02,22.36,11019957,36.27,36.5,35.6,36.15,6817000,2025-12-19T03:45:16Z
CCI,2007-07-02,22.83,22.89,22.45,22.45,5707364,36.9,37,36.29,36.3,3530600,2025-12-19T03:45:16Z
CCI,2007-07-03,22.88,23.09,22.78,22.89,2765900,36.99,37.33,36.83,37,1711000,2025-12-19T03:45:16Z
CCI,2007-07-05,22.81,22.92,22.71,22.83,3076110,36.87,37.05,36.72,36.9,1902900,2025-12-19T03:45:16Z
CCI,2007-07-06,23.1,23.16,22.68,22.68,2905892,37.35,37.44,36.66,36.66,1797600,2025-12-19T03:45:16Z
CCI,2007-07-09,23.01,23.18,22.86,23.05,2829431,37.2,37.48,36.96,37.27,1750300,2025-12-19T03:45:16Z
CCI,2007-07-10,22.81,23.01,22.76,22.79,3561071,36.87,37.19,36.79,36.84,2202900,2025-12-19T03:45:16Z
CCI,2007-07-11,23.14,23.18,22.7,22.81,6979906,37.4,37.48,36.69,36.87,4317800,2025-12-19T03:45:16Z
CCI,2007-07-12,23.54,23.56,23.17,23.33,3346079,38.05,38.08,37.45,37.72,2069900,2025-12-19T03:45:16Z
CCI,2007-07-13,23.5,23.64,23.4,23.64,2401856,37.99,38.22,37.82,38.22,1485800,2025-12-19T03:45:16Z
CCI,2007-07-16,23.53,23.74,23.28,23.5,1386347,38.04,38.37,37.64,37.98,857600,2025-12-19T03:45:16Z
CCI,2007-07-17,23.67,23.89,23.51,23.62,2468297,38.27,38.62,38,38.19,1526900,2025-12-19T03:45:16Z
CCI,2007-07-18,23.57,23.59,23.29,23.51,2045081,38.1,38.13,37.65,38,1265100,2025-12-19T03:45:16Z
CCI,2007-07-19,23.86,23.94,23.56,23.62,2459404,38.57,38.7,38.09,38.19,1521400,2025-12-19T03:45:16Z
CCI,2007-07-20,23.62,24.01,23.5,23.77,2067720,38.18,38.81,37.99,38.42,1279100,2025-12-19T03:45:16Z
CCI,2007-07-23,23.48,23.82,23.33,23.75,3085000,37.95,38.5,37.72,38.4,1908400,2025-12-19T03:45:16Z
CCI,2007-07-24,23.43,23.8,23.2,23.38,2816333,37.87,38.47,37.51,37.8,1742200,2025-12-19T03:45:16Z
CCI,2007-07-25,22.93,23.76,22.89,23.57,3686195,37.07,38.41,37,38.1,2280300,2025-12-19T03:45:16Z
CCI,2007-07-26,22.3,22.78,21.89,22.28,3880183,36.05,36.83,35.39,36.01,2400300,2025-12-19T03:45:16Z
CCI,2007-07-27,21.97,22.64,21.96,22.27,3079665,35.51,36.59,35.5,36,1905100,2025-12-19T03:45:16Z
CCI,2007-07-30,22.66,22.68,21.98,22.39,2692671,36.63,36.67,35.54,36.19,1665700,2025-12-19T03:45:16Z
CCI,2007-07-31,22.42,23.14,22.21,22.88,4219014,36.25,37.4,35.91,36.99,2609900,2025-12-19T03:45:16Z
CCI,2007-08-01,22.09,22.39,21.28,22.36,4853174,35.71,36.2,34.4,36.15,3002200,2025-12-19T03:45:16Z
CCI,2007-08-02,23.22,23.38,22.2,22.26,5130098,37.54,37.8,35.88,35.98,3173500,2025-12-19T03:45:16Z
CCI,2007-08-03,22.73,23.82,22.68,23.1,4887617,36.75,38.5,36.66,37.34,3023500,2025-12-19T03:45:16Z
CCI,2007-08-06,22.82,22.99,22.07,22.99,5067539,36.89,37.16,35.68,37.16,3134800,2025-12-19T03:45:16Z
CCI,2007-08-07,23.16,23.33,22.55,22.83,4481852,37.44,37.71,36.46,36.9,2772500,2025-12-19T03:45:16Z
CCI,2007-08-08,24.31,25.13,22.61,23.71,8561998,39.3,40.63,36.55,38.33,5296500,2025-12-19T03:45:16Z
CCI,2007-08-09,24.12,24.53,23.63,24.09,9198603,38.99,39.65,38.2,38.95,5690300,2025-12-19T03:45:16Z
CCI,2007-08-10,23.5,24.27,22.94,22.94,5435133,37.99,39.24,37.09,37.09,3362200,2025-12-19T03:45:16Z
CCI,2007-08-13,23.57,24.44,22.95,22.95,3019529,38.1,39.51,37.1,37.1,1867900,2025-12-19T03:45:16Z
CCI,2007-08-14,22.77,23.71,22.72,23.61,1918505,36.81,38.33,36.73,38.16,1186800,2025-12-19T03:45:16Z
CCI,2007-08-15,21.99,22.87,21.87,22.7,2220158,35.54,36.97,35.35,36.7,1373400,2025-12-19T03:45:16Z
CCI,2007-08-16,21.7,22.02,20.66,21.66,5519829,35.08,35.59,33.4,35.01,3414600,2025-12-19T03:45:16Z
CCI,2007-08-17,22.54,22.64,21.97,22.27,3797735,36.43,36.59,35.52,36,2349300,2025-12-19T03:45:16Z
CCI,2007-08-20,22.48,22.65,22.18,22.54,1060127,36.34,36.61,35.86,36.44,655800,2025-12-19T03:45:16Z
CCI,2007-08-21,22.34,22.43,22.11,22.31,1556568,36.11,36.26,35.75,36.06,962900,2025-12-19T03:45:16Z
CCI,2007-08-22,23.02,23.11,22.33,22.42,1913497,37.22,37.36,36.09,36.25,1183700,2025-12-19T03:45:16Z
CCI,2007-08-23,22.59,23.27,22.5,23.03,1946634,36.52,37.62,36.38,37.23,1204200,2025-12-19T03:45:16Z
CCI,2007-08-24,23.02,23.1,22.67,22.91,1465555,37.21,37.34,36.65,37.04,906600,2025-12-19T03:45:16Z
CCI,2007-08-27,22.91,23.04,22.75,22.89,1399764,37.03,37.25,36.77,37.01,865900,2025-12-19T03:45:16Z
CCI,2007-08-28,22.2,22.84,22.2,22.83,2259603,35.89,36.92,35.88,36.91,1397800,2025-12-19T03:45:16Z
CCI,2007-08-29,22.6,22.72,22.15,22.33,2917212,36.54,36.73,35.81,36.09,1804600,2025-12-19T03:45:16Z
CCI,2007-08-30,22.29,22.78,22.25,22.52,1963938,36.03,36.83,35.97,36.4,1214900,2025-12-19T03:45:16Z
CCI,2007-08-31,22.74,22.91,22.39,22.66,2346086,36.76,37.04,36.19,36.63,1451300,2025-12-19T03:45:16Z
CCI,2007-09-04,22.78,22.94,22.47,22.87,2444373,36.83,37.09,36.33,36.97,1512100,2025-12-19T03:45:16Z
CCI,2007-09-05,22.42,22.64,22.28,22.64,1840918,36.25,36.59,36.01,36.59,1138800,2025-12-19T03:45:16Z
CCI,2007-09-06,22.46,22.73,22.37,22.4,1547187,36.31,36.75,36.16,36.21,957100,2025-12-19T03:45:16Z
CCI,2007-09-07,22.12,22.35,21.75,22.29,1979778,35.76,36.13,35.16,36.03,1224700,2025-12-19T03:45:16Z
CCI,2007-09-10,22.02,22.23,21.68,22.1,1159380,35.59,35.93,35.05,35.72,717200,2025-12-19T03:45:16Z
CCI,2007-09-11,22.88,22.94,21.99,22.07,1668916,36.99,37.09,35.55,35.67,1032400,2025-12-19T03:45:16Z
CCI,2007-09-12,22.79,23.04,22.78,22.85,1279007,36.84,37.25,36.82,36.94,791200,2025-12-19T03:45:16Z
CCI,2007-09-13,23.19,23.24,22.89,22.98,959578,37.49,37.57,37,37.15,593600,2025-12-19T03:45:16Z
CCI,2007-09-14,23.42,23.42,22.96,23.07,1398953,37.86,37.86,37.12,37.29,865400,2025-12-19T03:45:16Z
CCI,2007-09-17,23.36,23.77,23.22,23.31,1926271,37.76,38.43,37.53,37.68,1191600,2025-12-19T03:45:16Z
CCI,2007-09-18,24.21,24.21,23.4,23.48,2752483,39.14,39.14,37.82,37.96,1702700,2025-12-19T03:45:16Z
CCI,2007-09-19,23.86,24.44,23.77,24.19,2209810,38.57,39.51,38.42,39.11,1367000,2025-12-19T03:45:16Z
CCI,2007-09-20,23.86,24.08,23.67,23.85,1364844,38.57,38.93,38.27,38.56,844300,2025-12-19T03:45:16Z
CCI,2007-09-21,24.12,24.27,23.88,23.9,5911205,38.99,39.23,38.6,38.63,3656700,2025-12-19T03:45:16Z
CCI,2007-09-24,24.22,24.67,24.07,24.07,1682171,39.15,39.88,38.91,38.91,1040600,2025-12-19T03:45:16Z
CCI,2007-09-25,24.09,24.36,23.88,23.99,1507907,38.94,39.37,38.6,38.78,932800,2025-12-19T03:45:16Z
CCI,2007-09-26,24.41,24.47,23.98,24.11,1804540,39.46,39.55,38.77,38.98,1116300,2025-12-19T03:45:16Z
CCI,2007-09-27,25.29,25.38,24.5,24.63,2513716,40.89,41.03,39.6,39.82,1555000,2025-12-19T03:45:16Z
CCI,2007-09-28,25.13,25.79,24.97,25.41,1785955,40.63,41.69,40.37,41.08,1104800,2025-12-19T03:45:16Z
CCI,2007-10-01,25.23,25.64,25.14,25.26,2479127,40.78,41.44,40.64,40.84,1533600,2025-12-19T03:45:16Z
CCI,2007-10-02,24.73,25.07,24.58,25.03,4067061,39.97,40.52,39.74,40.46,2515900,2025-12-19T03:45:16Z
CCI,2007-10-03,24.14,24.72,24.14,24.72,2604888,39.03,39.96,39.02,39.96,1611400,2025-12-19T03:45:16Z
CCI,2007-10-04,24.58,24.7,24.13,24.16,2904272,39.74,39.93,39.01,39.06,1796600,2025-12-19T03:45:16Z
CCI,2007-10-05,24.06,24.99,23.86,24.87,3456491,38.9,40.4,38.57,40.2,2138200,2025-12-19T03:45:16Z
CCI,2007-10-08,23.95,24.14,23.32,24.06,2541201,38.71,39.03,37.7,38.9,1572000,2025-12-19T03:45:16Z
CCI,2007-10-09,24.13,24.36,23.99,24,2181682,39,39.37,38.78,38.79,1349600,2025-12-19T03:45:16Z
CCI,2007-10-10,24.16,24.29,23.98,24.11,961680,39.05,39.26,38.77,38.97,594900,2025-12-19T03:45:16Z
CCI,2007-10-11,24.06,24.48,23.69,24.26,2997221,38.89,39.58,38.3,39.22,1854100,2025-12-19T03:45:16Z
CCI,2007-10-12,24.13,24.23,23.92,24.04,956506,39,39.17,38.67,38.86,591700,2025-12-19T03:45:16Z
CCI,2007-10-15,23.76,24.13,23.54,24.13,1164879,38.41,39,38.06,39,720600,2025-12-19T03:45:16Z
CCI,2007-10-16,23.53,23.77,23.45,23.65,1270597,38.03,38.42,37.91,38.23,786000,2025-12-19T03:45:16Z
CCI,2007-10-17,24.16,24.16,23.51,23.79,2256853,39.06,39.06,38,38.45,1396100,2025-12-19T03:45:16Z
CCI,2007-10-18,23.89,24.22,23.84,23.91,1708846,38.62,39.15,38.53,38.65,1057100,2025-12-19T03:45:16Z
CCI,2007-10-19,23.72,24.19,23.54,23.79,2175701,38.35,39.1,38.06,38.46,1345900,2025-12-19T03:45:16Z
CCI,2007-10-22,24.32,24.37,23.51,23.51,1542500,39.31,39.39,38,38,954200,2025-12-19T03:45:16Z
CCI,2007-10-23,24.81,24.84,24.39,24.72,1577901,40.11,40.15,39.42,39.96,976100,2025-12-19T03:45:16Z
CCI,2007-10-24,25.02,25.02,24.13,24.66,1851907,40.44,40.44,39,39.87,1145600,2025-12-19T03:45:16Z
CCI,2007-10-25,25.36,25.36,24.87,25.04,2108293,40.99,41,40.21,40.47,1304200,2025-12-19T03:45:16Z
CCI,2007-10-26,25.49,25.83,25.33,25.43,4361268,41.2,41.75,40.95,41.1,2697900,2025-12-19T03:45:16Z
CCI,2007-10-29,25.41,25.78,25.41,25.71,3724510,41.07,41.68,41.07,41.56,2304000,2025-12-19T03:45:16Z
CCI,2007-10-30,25.56,25.98,24.7,25.3,4941432,41.32,41.99,39.93,40.9,3056800,2025-12-19T03:45:16Z
CCI,2007-10-31,25.41,25.49,24.12,24.43,8613576,41.07,41.2,38.99,39.5,5328400,2025-12-19T03:45:16Z
CCI,2007-11-01,24.71,25.51,24.45,25.3,4687476,39.95,41.24,39.53,40.9,2899700,2025-12-19T03:45:16Z
CCI,2007-11-02,25.08,25.22,24.67,24.87,3708025,40.55,40.77,39.88,40.21,2293800,2025-12-19T03:45:16Z
CCI,2007-11-05,24.95,25.34,24.52,24.86,2653877,40.34,40.97,39.63,40.19,1641700,2025-12-19T03:45:16Z
CCI,2007-11-06,24.93,25.21,24.41,25.21,2880349,40.3,40.75,39.46,40.75,1781800,2025-12-19T03:45:16Z
CCI,2007-11-07,23.97,24.84,23.93,24.84,2273830,38.75,40.15,38.68,40.15,1406600,2025-12-19T03:45:16Z
CCI,2007-11-08,24.12,24.2,23.43,24.03,3863048,38.99,39.12,37.88,38.85,2389700,2025-12-19T03:45:16Z
CCI,2007-11-09,22.8,24.1,22.53,24.1,7363820,36.86,38.96,36.42,38.96,4555300,2025-12-19T03:45:16Z
CCI,2007-11-12,22.85,23.25,22.34,22.87,4842181,36.93,37.58,36.11,36.97,2995400,2025-12-19T03:45:16Z
CCI,2007-11-13,24.29,24.57,23.13,23.23,4468123,39.26,39.72,37.39,37.55,2764000,2025-12-19T03:45:16Z
CCI,2007-11-14,24.93,25.06,24.29,24.32,5040045,40.3,40.51,39.27,39.31,3117800,2025-12-19T03:45:16Z
CCI,2007-11-15,25.13,25.43,24.59,24.84,4240029,40.62,41.11,39.75,40.16,2622900,2025-12-19T03:45:16Z
CCI,2007-11-16,25.47,25.5,24.9,25.04,4951456,41.17,41.22,40.25,40.48,3063000,2025-12-19T03:45:16Z
CCI,2007-11-19,25.38,25.54,25.08,25.36,3538118,41.02,41.29,40.54,41,2188700,2025-12-19T03:45:16Z
CCI,2007-11-20,25.6,26.01,24.91,25.36,6184715,41.38,42.05,40.26,41,3825900,2025-12-19T03:45:16Z
CCI,2007-11-21,25.18,25.55,24.97,25.47,2665192,40.7,41.31,40.36,41.18,1648700,2025-12-19T03:45:16Z
CCI,2007-11-23,25.44,25.49,25.17,25.41,797278,41.13,41.21,40.69,41.08,493200,2025-12-19T03:45:16Z
CCI,2007-11-26,25.28,25.96,25.24,25.38,2762344,40.86,41.97,40.8,41.03,1708800,2025-12-19T03:45:16Z
CCI,2007-11-27,25.09,25.55,24.95,25.51,3080805,40.56,41.3,40.34,41.24,1905800,2025-12-19T03:45:16Z
CCI,2007-11-28,25.31,25.73,24.98,25.09,3727746,40.91,41.6,40.38,40.56,2306000,2025-12-19T03:45:16Z
CCI,2007-11-29,25.54,25.65,25.24,25.31,3741644,41.29,41.46,40.8,40.92,2314600,2025-12-19T03:45:16Z
CCI,2007-11-30,25.95,25.98,25.65,25.96,3255710,41.95,42,41.47,41.97,2014000,2025-12-19T03:45:16Z
CCI,2007-12-03,26.45,26.7,25.84,26.01,4921388,42.75,43.16,41.78,42.05,3044400,2025-12-19T03:45:16Z
CCI,2007-12-04,25.17,25.98,24.83,25.98,5581437,40.69,42,40.14,42,3452700,2025-12-19T03:45:16Z
CCI,2007-12-05,25.55,25.73,25.3,25.49,5435611,41.31,41.6,40.89,41.21,3362500,2025-12-19T03:45:16Z
CCI,2007-12-06,25.22,25.62,24.77,25.32,3594704,40.77,41.42,40.04,40.93,2223700,2025-12-19T03:45:16Z
CCI,2007-12-07,26.01,26.22,25.1,25.1,11157702,42.05,42.38,40.57,40.57,6902200,2025-12-19T03:45:16Z
CCI,2007-12-10,25.8,26.27,25.75,26.03,1746188,41.7,42.46,41.63,42.08,1080200,2025-12-19T03:45:16Z
CCI,2007-12-11,24.88,25.94,24.64,25.77,5530668,40.22,41.93,39.83,41.65,3421300,2025-12-19T03:45:16Z
CCI,2007-12-12,24.22,25.36,23.78,25.34,4003034,39.16,41,38.44,40.97,2476300,2025-12-19T03:45:16Z
CCI,2007-12-13,24.05,24.25,23.51,24.25,2222739,38.88,39.2,38.01,39.2,1375000,2025-12-19T03:45:16Z
CCI,2007-12-14,24.01,24.19,23.84,24.02,1381654,38.82,39.1,38.54,38.83,854700,2025-12-19T03:45:16Z
CCI,2007-12-17,23.52,24,23.46,24,2479122,38.02,38.8,37.92,38.8,1533600,2025-12-19T03:45:16Z
CCI,2007-12-18,24.23,24.34,23.53,23.53,2333310,39.17,39.35,38.03,38.03,1443400,2025-12-19T03:45:16Z
CCI,2007-12-19,24.56,24.61,24,24.36,2997229,39.7,39.79,38.79,39.37,1854100,2025-12-19T03:45:16Z
CCI,2007-12-20,25.07,25.08,24.56,24.56,1818766,40.53,40.55,39.7,39.7,1125100,2025-12-19T03:45:16Z
CCI,2007-12-21,25.46,25.54,25.2,25.36,1342374,41.16,41.28,40.73,40.99,830400,2025-12-19T03:45:16Z
CCI,2007-12-24,25.42,25.68,25.23,25.68,553341,41.09,41.51,40.79,41.51,342300,2025-12-19T03:45:16Z
CCI,2007-12-26,25.98,26.04,25.39,25.39,1048327,41.99,42.09,41.04,41.04,648500,2025-12-19T03:45:16Z
CCI,2007-12-27,25.42,25.98,25.36,25.89,1176193,41.1,42,41,41.85,727600,2025-12-19T03:45:16Z
CCI,2007-12-28,25.69,25.81,25.36,25.81,1041050,41.53,41.72,41,41.72,644000,2025-12-19T03:45:16Z
CCI,2007-12-31,25.73,25.89,25.2,25.67,1893774,41.6,41.85,40.73,41.49,1171500,2025-12-19T03:45:16Z
CCI,2008-01-02,24.82,25.78,24.62,25.49,2258794,40.12,41.67,39.8,41.2,1397300,2025-12-19T03:45:16Z
CCI,2008-01-03,24.28,24.82,24.06,24.81,3889727,39.25,40.13,38.89,40.11,2406200,2025-12-19T03:45:16Z
CCI,2008-01-04,23.9,24.27,23.64,24.23,2657917,38.63,39.23,38.21,39.16,1644200,2025-12-19T03:45:16Z
CCI,2008-01-07,23.72,24.12,23.19,24.06,2645308,38.34,38.99,37.49,38.9,1636400,2025-12-19T03:45:16Z
CCI,2008-01-08,23.53,24.41,23.5,23.76,4211725,38.03,39.46,37.99,38.41,2605400,2025-12-19T03:45:16Z
CCI,2008-01-09,23.81,23.88,23.12,23.51,5501088,38.49,38.6,37.37,38,3403000,2025-12-19T03:45:16Z
CCI,2008-01-10,23.69,24.21,23.52,24.01,3616196,38.3,39.13,38.02,38.81,2237000,2025-12-19T03:45:16Z
CCI,2008-01-11,23.12,23.63,22.73,23.63,4422040,37.37,38.2,36.74,38.2,2735500,2025-12-19T03:45:16Z
CCI,2008-01-14,22.92,23.32,22.86,23.14,2830725,37.05,37.69,36.96,37.4,1751100,2025-12-19T03:45:16Z
CCI,2008-01-15,22.94,23.33,22.47,22.93,4506260,37.09,37.72,36.32,37.06,2787600,2025-12-19T03:45:16Z
CCI,2008-01-16,22.36,22.99,22.19,22.89,4284634,36.15,37.17,35.87,37,2650500,2025-12-19T03:45:16Z
CCI,2008-01-17,22.23,22.88,22.08,22.73,3761360,35.94,36.99,35.7,36.74,2326800,2025-12-19T03:45:16Z
CCI,2008-01-18,21.04,22.39,20.75,22.39,8534865,34.02,36.2,33.55,36.2,5279700,2025-12-19T03:45:16Z
CCI,2008-01-22,20.72,20.93,19.77,20.27,5994607,33.5,33.84,31.96,32.76,3708300,2025-12-19T03:45:16Z
CCI,2008-01-23,20.52,20.69,18.77,20.6,13142814,33.17,33.45,30.35,33.3,8130200,2025-12-19T03:45:16Z
CCI,2008-01-24,21.22,21.34,20.45,20.45,4697674,34.31,34.49,33.06,33.06,2906000,2025-12-19T03:45:16Z
CCI,2008-01-25,21.05,21.63,20.88,21.34,4648691,34.03,34.97,33.76,34.5,2875700,2025-12-19T03:45:16Z
CCI,2008-01-28,21.18,21.23,20.64,21.18,1849971,34.24,34.32,33.36,34.23,1144400,2025-12-19T03:45:16Z
CCI,2008-01-29,22.15,22.37,21.18,21.22,4616848,35.81,36.16,34.24,34.31,2856000,2025-12-19T03:45:16Z
CCI,2008-01-30,21.74,22.39,21.7,22.39,3594210,35.15,36.2,35.08,36.2,2223400,2025-12-19T03:45:16Z
CCI,2008-01-31,22.34,22.56,21.37,21.43,4022924,36.12,36.47,34.54,34.65,2488600,2025-12-19T03:45:16Z
CCI,2008-02-01,22.89,22.93,22.31,22.35,2871297,37,37.06,36.07,36.13,1776200,2025-12-19T03:45:16Z
CCI,2008-02-04,22.62,23.08,22.45,23.08,1514860,36.56,37.31,36.3,37.31,937100,2025-12-19T03:45:16Z
CCI,2008-02-05,21.72,22.31,21.58,22.14,4586453,35.11,36.06,34.88,35.79,2837200,2025-12-19T03:45:16Z
CCI,2008-02-06,21.53,22.26,21.47,22.21,3420268,34.8,35.99,34.71,35.9,2115800,2025-12-19T03:45:16Z
CCI,2008-02-07,20.54,21.39,20.25,21.31,7545515,33.21,34.57,32.73,34.45,4667700,2025-12-19T03:45:16Z
CCI,2008-02-08,20.97,21.27,20.42,20.49,5426405,33.9,34.38,33.01,33.13,3356800,2025-12-19T03:45:16Z
CCI,2008-02-11,21.5,21.66,20.85,20.89,3388757,34.75,35.02,33.71,33.77,2096300,2025-12-19T03:45:16Z
CCI,2008-02-12,21.64,22.14,21.39,21.52,3598417,34.99,35.79,34.58,34.79,2226000,2025-12-19T03:45:16Z
CCI,2008-02-13,21.72,22.05,21.42,21.76,4420919,35.11,35.65,34.62,35.18,2734800,2025-12-19T03:45:16Z
CCI,2008-02-14,21.63,22.73,21.46,22.73,3264769,34.96,36.74,34.69,36.74,2019600,2025-12-19T03:45:16Z
CCI,2008-02-15,21.87,21.99,21.35,21.56,2282229,35.36,35.55,34.52,34.85,1411800,2025-12-19T03:45:16Z
CCI,2008-02-19,22.34,22.47,22.1,22.15,4620886,36.11,36.33,35.72,35.8,2858500,2025-12-19T03:45:16Z
CCI,2008-02-20,22.65,22.93,21.98,22.13,4307921,36.62,37.07,35.54,35.77,2664900,2025-12-19T03:45:16Z
CCI,2008-02-21,22.33,22.81,22.25,22.81,2201723,36.09,36.88,35.97,36.88,1362000,2025-12-19T03:45:16Z
CCI,2008-02-22,22.89,22.89,22.29,22.29,3050571,37,37,36.03,36.03,1887100,2025-12-19T03:45:16Z
CCI,2008-02-25,22.91,22.98,22.42,22.89,1708524,37.03,37.15,36.25,37,1056900,2025-12-19T03:45:16Z
CCI,2008-02-26,23.45,23.67,22.64,22.83,2897165,37.91,38.26,36.6,36.9,1792200,2025-12-19T03:45:16Z
CCI,2008-02-27,23.15,23.45,23.04,23.14,2086953,37.42,37.9,37.24,37.4,1291000,2025-12-19T03:45:16Z
CCI,2008-02-28,22.93,23.69,22.85,22.98,2706733,37.07,38.29,36.94,37.15,1674400,2025-12-19T03:45:16Z
CCI,2008-02-29,22.33,22.82,22.07,22.82,2660658,36.09,36.89,35.68,36.89,1645900,2025-12-19T03:45:16Z
CCI,2008-03-03,22.18,22.39,21.86,22.36,2121223,35.85,36.19,35.34,36.14,1312200,2025-12-19T03:45:16Z
CCI,2008-03-04,21.82,22.02,21.36,22.02,3667281,35.28,35.6,34.53,35.6,2268600,2025-12-19T03:45:16Z
CCI,2008-03-05,22.12,22.55,21.82,21.82,4059138,35.75,36.45,35.28,35.28,2511000,2025-12-19T03:45:16Z
CCI,2008-03-06,21.87,22.1,21.71,21.86,2583714,35.35,35.72,35.1,35.34,1598300,2025-12-19T03:45:16Z
CCI,2008-03-07,21.67,22.12,21.3,21.61,7807740,35.03,35.76,34.43,34.93,4829900,2025-12-19T03:45:16Z
CCI,2008-03-10,21.03,21.59,20.86,21.52,2917851,34,34.9,33.72,34.79,1805000,2025-12-19T03:45:16Z
CCI,2008-03-11,21.64,21.67,20.92,21.25,2586948,34.99,35.03,33.82,34.36,1600300,2025-12-19T03:45:16Z
CCI,2008-03-12,21.4,21.67,21.23,21.62,2040877,34.59,35.03,34.32,34.95,1262500,2025-12-19T03:45:16Z
CCI,2008-03-13,21.87,22.03,21.06,21.09,2569489,35.35,35.61,34.05,34.1,1589500,2025-12-19T03:45:16Z
CCI,2008-03-14,21.31,22.17,21.09,21.97,2819090,34.45,35.84,34.1,35.51,1743900,2025-12-19T03:45:16Z
CCI,2008-03-17,20.64,21.11,20.14,20.88,4750357,33.36,34.13,32.56,33.76,2938600,2025-12-19T03:45:16Z
CCI,2008-03-18,20.97,21.38,20.58,20.67,6044086,33.9,34.56,33.27,33.41,3738900,2025-12-19T03:45:16Z
CCI,2008-03-19,20.67,21.32,20.67,21.12,3740670,33.42,34.47,33.42,34.14,2314000,2025-12-19T03:45:16Z
CCI,2008-03-20,20.73,20.84,20.32,20.67,4660637,33.51,33.68,32.84,33.42,2883100,2025-12-19T03:45:16Z
CCI,2008-03-24,21.48,21.84,20.73,20.73,4107781,34.73,35.31,33.51,33.51,2541100,2025-12-19T03:45:16Z
CCI,2008-03-25,21.81,21.94,21.29,21.53,2786757,35.25,35.46,34.41,34.8,1723900,2025-12-19T03:45:16Z
CCI,2008-03-26,22.1,22.38,21.78,21.78,3115069,35.72,36.17,35.21,35.21,1927000,2025-12-19T03:45:16Z
CCI,2008-03-27,21.68,22.26,21.61,22.21,2402017,35.05,35.98,34.94,35.91,1485900,2025-12-19T03:45:16Z
CCI,2008-03-28,21.35,21.83,21.14,21.76,3832971,34.51,35.29,34.17,35.17,2371100,2025-12-19T03:45:16Z
CCI,2008-03-31,21.34,21.46,21.01,21.42,2273177,34.49,34.69,33.96,34.63,1406200,2025-12-19T03:45:16Z
CCI,2008-04-01,21.82,21.98,21.46,21.51,2538615,35.27,35.53,34.69,34.77,1570400,2025-12-19T03:45:16Z
CCI,2008-04-02,22.53,22.89,21.85,21.98,4513217,36.42,37.01,35.32,35.54,2791900,2025-12-19T03:45:16Z
CCI,2008-04-03,23.05,23.36,22.3,22.47,2756527,37.26,37.76,36.05,36.32,1705200,2025-12-19T03:45:16Z
CCI,2008-04-04,23.13,23.4,22.86,23.02,2487698,37.39,37.82,36.95,37.21,1538900,2025-12-19T03:45:16Z
CCI,2008-04-07,22.94,23.39,22.84,23.16,2193803,37.09,37.81,36.92,37.44,1357100,2025-12-19T03:45:16Z
CCI,2008-04-08,23.33,23.45,22.89,22.89,2315370,37.71,37.9,37,37.01,1432300,2025-12-19T03:45:16Z
CCI,2008-04-09,22.91,23.43,22.77,23.26,1269147,37.04,37.88,36.8,37.6,785100,2025-12-19T03:45:16Z
CCI,2008-04-10,22.6,22.89,22.23,22.8,2485920,36.53,37,35.94,36.86,1537800,2025-12-19T03:45:16Z
CCI,2008-04-11,22.54,24.15,22.42,24.15,2985585,36.43,39.04,36.25,39.04,1846900,2025-12-19T03:45:16Z
CCI,2008-04-14,22.58,22.93,22.22,22.42,1787892,36.5,37.07,35.92,36.24,1106000,2025-12-19T03:45:16Z
CCI,2008-04-15,22.93,23.01,22.54,22.8,1877125,37.07,37.19,36.43,36.85,1161200,2025-12-19T03:45:16Z
CCI,2008-04-16,23.5,23.6,22.93,22.93,3828777,37.99,38.15,37.07,37.07,2368500,2025-12-19T03:45:16Z
CCI,2008-04-17,23.47,23.62,23.07,23.33,1443245,37.94,38.18,37.29,37.71,892800,2025-12-19T03:45:16Z
CCI,2008-04-18,24.02,24.27,23.7,23.75,3091152,38.83,39.23,38.31,38.39,1912200,2025-12-19T03:45:16Z
CCI,2008-04-21,24.41,24.43,23.79,23.79,1583721,39.46,39.49,38.46,38.46,979700,2025-12-19T03:45:16Z
CCI,2008-04-22,24.12,24.45,23.77,24.43,2493999,38.99,39.53,38.42,39.49,1542800,2025-12-19T03:45:16Z
CCI,2008-04-23,24.13,24.66,23.98,24.23,4633650,39,39.86,38.77,39.16,2866400,2025-12-19T03:45:16Z
CCI,2008-04-24,24.08,24.46,23.52,23.52,4448396,38.92,39.54,38.02,38.02,2751800,2025-12-19T03:45:16Z
CCI,2008-04-25,24.25,24.32,23.74,24,2423680,39.2,39.31,38.37,38.79,1499300,2025-12-19T03:45:16Z
CCI,2008-04-28,24.22,24.59,24.21,24.4,3923341,39.15,39.75,39.14,39.45,2427000,2025-12-19T03:45:16Z
CCI,2008-04-29,23.97,24.24,23.85,24.23,1658896,38.75,39.19,38.55,39.17,1026200,2025-12-19T03:45:16Z
CCI,2008-04-30,24.03,24.4,23.92,24.24,2093420,38.85,39.45,38.67,39.18,1295000,2025-12-19T03:45:16Z
CCI,2008-05-01,24.35,24.37,23.77,23.87,2184105,39.37,39.4,38.43,38.58,1351100,2025-12-19T03:45:16Z
CCI,2008-05-02,24.4,24.74,24.2,24.59,2015501,39.44,40,39.12,39.75,1246800,2025-12-19T03:45:16Z
CCI,2008-05-05,24.14,24.4,23.51,24.36,5076738,39.02,39.44,38,39.37,3140500,2025-12-19T03:45:16Z
CCI,2008-05-06,24.34,24.53,23.91,23.96,2887788,39.35,39.65,38.65,38.73,1786400,2025-12-19T03:45:16Z
CCI,2008-05-07,25.12,25.58,24.57,24.63,9270356,40.61,41.35,39.72,39.81,5734700,2025-12-19T03:45:16Z
CCI,2008-05-08,25.13,25.41,24.89,25.39,1934354,40.63,41.08,40.23,41.05,1196600,2025-12-19T03:45:16Z
CCI,2008-05-09,25.06,25.43,24.88,24.88,2184268,40.51,41.1,40.22,40.22,1351200,2025-12-19T03:45:16Z
CCI,2008-05-12,25.41,25.49,24.82,25.03,2395390,41.07,41.21,40.12,40.46,1481800,2025-12-19T03:45:16Z
CCI,2008-05-13,25.6,25.6,25.19,25.4,2007417,41.38,41.38,40.72,41.06,1241800,2025-12-19T03:45:16Z
CCI,2008-05-14,26.11,26.28,25.6,25.6,2639652,42.2,42.48,41.39,41.39,1632900,2025-12-19T03:45:16Z
CCI,2008-05-15,26.11,26.2,25.73,26.2,2867098,42.21,42.36,41.59,42.36,1773600,2025-12-19T03:45:16Z
CCI,2008-05-16,26.36,26.48,25.73,25.76,2840751,42.62,42.8,41.6,41.64,1757300,2025-12-19T03:45:16Z
CCI,2008-05-19,26.41,26.75,26.2,26.41,1660512,42.7,43.24,42.36,42.69,1027200,2025-12-19T03:45:16Z
CCI,2008-05-20,26.18,26.29,25.89,26.29,1450196,42.32,42.5,41.85,42.5,897100,2025-12-19T03:45:16Z
CCI,2008-05-21,25.67,26.37,25.35,26.37,1909944,41.49,42.63,40.98,42.63,1181500,2025-12-19T03:45:16Z
CCI,2008-05-22,25.34,25.69,25.13,25.6,1928368,40.96,41.53,40.62,41.39,1192900,2025-12-19T03:45:16Z
CCI,2008-05-23,25.29,25.39,25.08,25.29,901866,40.88,41.04,40.54,40.88,557900,2025-12-19T03:45:16Z
CCI,2008-05-27,25.58,25.8,25.22,25.36,1648064,41.35,41.7,40.77,41,1019500,2025-12-19T03:45:16Z
CCI,2008-05-28,25.7,25.81,25.31,25.55,849331,41.55,41.73,40.91,41.3,525400,2025-12-19T03:45:16Z
CCI,2008-05-29,25.77,25.94,25.54,25.54,1477840,41.66,41.94,41.29,41.29,914200,2025-12-19T03:45:16Z
CCI,2008-05-30,26.28,26.39,25.82,25.82,2032801,42.49,42.66,41.74,41.74,1257500,2025-12-19T03:45:16Z
CCI,2008-06-02,25.86,26.22,25.69,26.19,1338333,41.8,42.39,41.53,42.34,827900,2025-12-19T03:45:16Z
CCI,2008-06-03,25.61,26.1,25.36,25.87,1235196,41.4,42.19,41,41.82,764100,2025-12-19T03:45:16Z
CCI,2008-06-04,25.26,25.47,24.68,24.82,3207544,40.83,41.17,39.9,40.13,1984200,2025-12-19T03:45:16Z
CCI,2008-06-05,25.62,25.68,24.65,25.39,4463273,41.41,41.51,39.85,41.05,2761000,2025-12-19T03:45:16Z
CCI,2008-06-06,24.61,25.08,24.36,25.06,3877596,39.78,40.54,39.37,40.51,2398700,2025-12-19T03:45:16Z
CCI,2008-06-09,25.08,25.25,24.51,24.81,2759105,40.54,40.82,39.62,40.1,1706800,2025-12-19T03:45:16Z
CCI,2008-06-10,25.81,26.04,24.91,25.07,4544092,41.73,42.1,40.26,40.52,2811000,2025-12-19T03:45:16Z
CCI,2008-06-11,25.07,25.81,24.99,25.81,2266710,40.52,41.73,40.4,41.72,1402200,2025-12-19T03:45:16Z
CCI,2008-06-12,25.04,25.55,24.87,25.21,1619613,40.48,41.3,40.2,40.76,1001900,2025-12-19T03:45:16Z
CCI,2008-06-13,25.58,25.66,25.11,25.16,1320067,41.35,41.48,40.59,40.67,816600,2025-12-19T03:45:16Z
CCI,2008-06-16,25.98,26.16,25.28,25.45,1730184,41.99,42.28,40.86,41.14,1070300,2025-12-19T03:45:16Z
CCI,2008-06-17,26.2,26.49,25.87,26.04,1756695,42.36,42.82,41.82,42.09,1086700,2025-12-19T03:45:16Z
CCI,2008-06-18,25.99,26.17,25.67,26.17,1310528,42.02,42.3,41.5,42.3,810700,2025-12-19T03:45:16Z
CCI,2008-06-19,26.27,26.3,25.84,26.01,1938551,42.47,42.51,41.78,42.04,1199200,2025-12-19T03:45:16Z
CCI,2008-06-20,25.61,26.09,25.55,26.09,1767521,41.4,42.17,41.3,42.17,1093400,2025-12-19T03:45:16Z
CCI,2008-06-23,25.21,25.67,25.07,25.55,1969427,40.75,41.49,40.52,41.31,1218300,2025-12-19T03:45:16Z
CCI,2008-06-24,24.92,25.23,24.6,25.21,1520194,40.29,40.79,39.76,40.76,940400,2025-12-19T03:45:16Z
CCI,2008-06-25,24.94,25.53,24.87,24.87,1858857,40.31,41.27,40.21,40.21,1149900,2025-12-19T03:45:16Z
CCI,2008-06-26,24.13,24.77,24.13,24.59,2850121,39,40.05,39,39.75,1763100,2025-12-19T03:45:16Z
CCI,2008-06-27,24.02,24.6,23.74,24.09,7402957,38.83,39.77,38.37,38.95,4579500,2025-12-19T03:45:16Z
CCI,2008-06-30,23.96,24.3,23.93,24.02,3242129,38.73,39.28,38.68,38.83,2005600,2025-12-19T03:45:16Z
CCI,2008-07-01,23.33,23.71,22.75,23.69,4384218,37.71,38.33,36.77,38.3,2712100,2025-12-19T03:45:16Z
CCI,2008-07-02,22.39,23.54,22.3,23.45,4304039,36.2,38.06,36.05,37.9,2662500,2025-12-19T03:45:16Z
CCI,2008-07-03,22.7,23.62,22.54,22.95,3824091,36.69,38.19,36.43,37.1,2365600,2025-12-19T03:45:16Z
CCI,2008-07-07,22.29,22.91,21.94,22.74,4624445,36.03,37.04,35.47,36.76,2860700,2025-12-19T03:45:16Z
CCI,2008-07-08,22.78,22.82,22.13,22.31,5702031,36.82,36.89,35.78,36.07,3527300,2025-12-19T03:45:16Z
CCI,2008-07-09,22.5,23.22,22.43,22.81,3410246,36.38,37.54,36.26,36.88,2109600,2025-12-19T03:45:16Z
CCI,2008-07-10,22.63,22.84,22.16,22.54,2433858,36.59,36.93,35.82,36.44,1505600,2025-12-19T03:45:16Z
CCI,2008-07-11,22.26,22.47,21.72,22.26,2712715,35.99,36.32,35.11,35.99,1678100,2025-12-19T03:45:16Z
CCI,2008-07-14,22.01,22.6,21.81,22.39,2971035,35.58,36.53,35.26,36.2,1837900,2025-12-19T03:45:16Z
CCI,2008-07-15,21.85,22.24,21.27,21.73,3172949,35.32,35.95,34.39,35.13,1962800,2025-12-19T03:45:16Z
CCI,2008-07-16,22.28,22.28,21.59,21.76,1766552,36.01,36.02,34.9,35.17,1092800,2025-12-19T03:45:16Z
CCI,2008-07-17,22.21,22.78,21.96,22.23,2964089,35.91,36.83,35.5,35.94,1833600,2025-12-19T03:45:16Z
CCI,2008-07-18,21.92,22.31,21.8,22.14,2021966,35.43,36.06,35.24,35.79,1250800,2025-12-19T03:45:16Z
CCI,2008-07-21,21.92,22.32,21.84,22.08,2031504,35.43,36.08,35.3,35.69,1256700,2025-12-19T03:45:16Z
CCI,2008-07-22,21.86,21.89,21.31,21.7,2621707,35.33,35.39,34.45,35.07,1621800,2025-12-19T03:45:16Z
CCI,2008-07-23,22.29,23.12,21.84,22,3859012,36.03,37.37,35.31,35.57,2387200,2025-12-19T03:45:16Z
CCI,2008-07-24,22.05,22.58,21.96,22.41,3209314,35.64,36.5,35.5,36.22,1985300,2025-12-19T03:45:16Z
CCI,2008-07-25,23.04,23.51,22.52,23.21,5380501,37.25,38,36.4,37.52,3328400,2025-12-19T03:45:16Z
CCI,2008-07-28,22.75,23.15,22.64,23.04,2800010,36.77,37.42,36.59,37.25,1732100,2025-12-19T03:45:16Z
CCI,2008-07-29,23.15,23.25,22.8,22.92,2562863,37.42,37.58,36.86,37.05,1585400,2025-12-19T03:45:16Z
CCI,2008-07-30,24.03,24.07,23.33,23.37,2492382,38.85,38.91,37.71,37.78,1541800,2025-12-19T03:45:16Z
CCI,2008-07-31,23.63,24,23.52,23.96,2653067,38.2,38.79,38.02,38.73,1641200,2025-12-19T03:45:16Z
CCI,2008-08-01,23.15,23.8,23,23.79,2566096,37.42,38.48,37.18,38.45,1587400,2025-12-19T03:45:16Z
CCI,2008-08-04,22.55,23.29,22.32,23.01,2780443,36.45,37.65,36.08,37.19,1720000,2025-12-19T03:45:16Z
CCI,2008-08-05,22.62,22.77,22.34,22.77,3449209,36.57,36.81,36.11,36.81,2133700,2025-12-19T03:45:16Z
CCI,2008-08-06,23.02,23.05,22.45,22.68,2783680,37.22,37.27,36.29,36.67,1722000,2025-12-19T03:45:16Z
CCI,2008-08-07,22.37,22.95,22.27,22.77,2126554,36.16,37.1,36,36.8,1315500,2025-12-19T03:45:16Z
CCI,2008-08-08,22.88,23.05,22.2,22.45,5559282,36.99,37.27,35.88,36.29,3439000,2025-12-19T03:45:16Z
CCI,2008-08-11,23.23,23.46,22.72,22.74,3224352,37.56,37.93,36.73,36.76,1994600,2025-12-19T03:45:16Z
CCI,2008-08-12,23.19,23.36,23.1,23.21,1896688,37.48,37.76,37.34,37.52,1173300,2025-12-19T03:45:16Z
CCI,2008-08-13,23.15,23.25,22.97,23.25,1972663,37.43,37.59,37.13,37.59,1220300,2025-12-19T03:45:16Z
CCI,2008-08-14,23.36,23.45,23.01,23.01,1101996,37.77,37.9,37.2,37.2,681700,2025-12-19T03:45:16Z
CCI,2008-08-15,23.55,23.63,23.29,23.43,1329927,38.07,38.2,37.65,37.87,822700,2025-12-19T03:45:16Z
CCI,2008-08-18,23.4,23.75,23.23,23.67,2778836,37.83,38.39,37.55,38.26,1719000,2025-12-19T03:45:16Z
CCI,2008-08-19,23.01,23.22,22.86,23.16,6508840,37.2,37.53,36.96,37.44,4026400,2025-12-19T03:45:16Z
CCI,2008-08-20,23.2,23.43,23.07,23.07,1432091,37.51,37.87,37.3,37.3,885900,2025-12-19T03:45:16Z
CCI,2008-08-21,23.29,23.4,22.96,22.99,1484952,37.65,37.83,37.11,37.17,918600,2025-12-19T03:45:16Z
CCI,2008-08-22,23.47,23.62,23.36,23.48,2236319,37.94,38.19,37.76,37.95,1383400,2025-12-19T03:45:16Z
CCI,2008-08-25,22.84,23.38,22.7,23.38,1101672,36.92,37.8,36.69,37.8,681500,2025-12-19T03:45:16Z
CCI,2008-08-26,22.51,22.98,22.32,22.77,1542990,36.39,37.15,36.08,36.8,954500,2025-12-19T03:45:16Z
CCI,2008-08-27,22.85,22.92,22.39,22.58,1191874,36.93,37.05,36.19,36.5,737300,2025-12-19T03:45:16Z
CCI,2008-08-28,23.43,23.54,22.86,22.94,1915435,37.88,38.06,36.95,37.08,1184900,2025-12-19T03:45:16Z
CCI,2008-08-29,23.14,23.33,22.91,23.33,1322170,37.4,37.71,37.03,37.71,817900,2025-12-19T03:45:16Z
CCI,2008-09-02,23.15,23.57,22.99,23.51,2521964,37.42,38.11,37.16,38,1560100,2025-12-19T03:45:16Z
CCI,2008-09-03,22.7,23.26,22.54,23.14,2689115,36.7,37.6,36.44,37.4,1663500,2025-12-19T03:45:16Z
CCI,2008-09-04,21.9,22.52,21.68,22.5,2397653,35.41,36.41,35.05,36.38,1483200,2025-12-19T03:45:16Z
CCI,2008-09-05,21.73,21.8,21.11,21.65,3751344,35.12,35.24,34.13,35,2320600,2025-12-19T03:45:16Z
CCI,2008-09-08,22.23,22.28,21.74,22.24,1830082,35.94,36.02,35.15,35.95,1132100,2025-12-19T03:45:16Z
CCI,2008-09-09,21.56,22.6,21.36,22.42,3636402,34.86,36.54,34.53,36.25,2249500,2025-12-19T03:45:16Z
CCI,2008-09-10,21.06,21.87,21,21.76,6564128,34.04,35.36,33.94,35.17,4060600,2025-12-19T03:45:16Z
CCI,2008-09-11,20.92,21.05,20.45,20.82,4155644,33.82,34.02,33.06,33.65,2570700,2025-12-19T03:45:16Z
CCI,2008-09-12,21.09,21.21,20.61,20.65,2704316,34.09,34.29,33.31,33.38,1672900,2025-12-19T03:45:16Z
CCI,2008-09-15,20.28,20.91,20.23,20.72,3202685,32.78,33.81,32.7,33.49,1981200,2025-12-19T03:45:16Z
CCI,2008-09-16,20.74,20.79,19.63,20.04,5349142,33.52,33.6,31.73,32.4,3309000,2025-12-19T03:45:16Z
CCI,2008-09-17,19.2,20.51,19.17,20.29,4232590,31.03,33.16,30.99,32.8,2618300,2025-12-19T03:45:16Z
CCI,2008-09-18,19.76,19.96,17.04,19.47,9316305,31.94,32.26,27.54,31.48,5763100,2025-12-19T03:45:16Z
CCI,2008-09-19,21.81,23.51,20.01,20.85,10464687,35.25,38,32.34,33.71,6473500,2025-12-19T03:45:16Z
CCI,2008-09-22,20.28,21.87,20.02,21.87,3369673,32.78,35.36,32.37,35.36,2084500,2025-12-19T03:45:16Z
CCI,2008-09-23,19.32,20.32,18.87,20.32,4573362,31.23,32.84,30.51,32.84,2829100,2025-12-19T03:45:16Z
CCI,2008-09-24,18.99,19.19,18.74,19.18,4742115,30.7,31.02,30.3,31.01,2933500,2025-12-19T03:45:16Z
CCI,2008-09-25,19.59,19.98,18.88,19.18,7249706,31.67,32.29,30.52,31,4484700,2025-12-19T03:45:16Z
CCI,2008-09-26,19.47,19.56,18.91,19.07,5233226,31.47,31.62,30.56,30.82,3237300,2025-12-19T03:45:16Z
CCI,2008-09-29,16.81,19.11,16.31,19.08,8437854,27.17,30.89,26.37,30.85,5219700,2025-12-19T03:45:16Z
CCI,2008-09-30,17.92,18.09,16.85,17.05,10148471,28.97,29.25,27.24,27.57,6277900,2025-12-19T03:45:16Z
CCI,2008-10-01,17.49,17.79,17.22,17.69,4633641,28.27,28.75,27.83,28.6,2866400,2025-12-19T03:45:16Z
CCI,2008-10-02,15.61,17.4,15.37,17.3,7855903,25.23,28.13,24.84,27.96,4859700,2025-12-19T03:45:16Z
CCI,2008-10-03,15.48,16.52,15.25,15.72,5878871,25.02,26.71,24.65,25.41,3636700,2025-12-19T03:45:16Z
CCI,2008-10-06,14.43,15.28,13.5,14.98,8644260,23.33,24.7,21.82,24.21,5347400,2025-12-19T03:45:16Z
CCI,2008-10-07,13.62,15.3,13.54,14.75,7965492,22.02,24.74,21.89,23.84,4927500,2025-12-19T03:45:16Z
CCI,2008-10-08,13.24,13.72,12.35,13.03,10112950,21.4,22.18,19.97,21.06,6255900,2025-12-19T03:45:16Z
CCI,2008-10-09,12.43,13.9,11.83,13.31,5102432,20.1,22.47,19.13,21.51,3156400,2025-12-19T03:45:16Z
CCI,2008-10-10,11.44,12.19,10.5,11.77,12001026,18.5,19.7,16.97,19.02,7423900,2025-12-19T03:45:16Z
CCI,2008-10-13,13.39,13.68,11.9,12.07,13686599,21.65,22.12,19.24,19.52,8466600,2025-12-19T03:45:16Z
CCI,2008-10-14,13.26,14.79,13.26,14.72,6164033,21.43,23.91,21.43,23.79,3813100,2025-12-19T03:45:16Z
CCI,2008-10-15,12.07,13.29,12.06,13.12,8163033,19.51,21.48,19.5,21.21,5049700,2025-12-19T03:45:16Z
CCI,2008-10-16,12.46,12.67,11.75,12.4,7931064,20.15,20.48,19,20.04,4906200,2025-12-19T03:45:16Z
CCI,2008-10-17,13.71,14.1,12.09,12.33,5210104,22.16,22.8,19.54,19.93,3223000,2025-12-19T03:45:16Z
CCI,2008-10-20,14.09,14.09,13.4,13.66,4629137,22.77,22.77,21.66,22.09,2863600,2025-12-19T03:45:16Z
CCI,2008-10-21,13.32,13.96,13.26,13.62,3207208,21.53,22.57,21.43,22.01,1984000,2025-12-19T03:45:16Z
CCI,2008-10-22,12.39,12.62,12.08,12.38,5931875,20.03,20.4,19.53,20.02,3669500,2025-12-19T03:45:16Z
CCI,2008-10-23,11.88,12.53,11.17,12.48,7940932,19.21,20.25,18.05,20.17,4912300,2025-12-19T03:45:16Z
CCI,2008-10-24,11.2,11.43,9.87,9.87,6494472,18.11,18.47,15.96,15.96,4017500,2025-12-19T03:45:16Z
CCI,2008-10-27,10.9,11.51,10.84,11.01,5474424,17.62,18.6,17.53,17.8,3386500,2025-12-19T03:45:16Z
CCI,2008-10-28,12.06,12.06,10.81,10.99,7263446,19.49,19.49,17.48,17.77,4493200,2025-12-19T03:45:16Z
CCI,2008-10-29,12.17,12.58,11.7,11.81,6969206,19.67,20.34,18.91,19.1,4311200,2025-12-19T03:45:16Z
CCI,2008-10-30,13.05,13.3,12.41,12.74,6663207,21.09,21.5,20.06,20.6,4121900,2025-12-19T03:45:16Z
CCI,2008-10-31,13.1,13.37,12.54,12.9,4513208,21.17,21.61,20.27,20.86,2791900,2025-12-19T03:45:16Z
CCI,2008-11-03,13.47,13.48,12.98,13.24,2680227,21.78,21.79,20.98,21.41,1658000,2025-12-19T03:45:16Z
CCI,2008-11-04,13.88,14.36,13.49,13.66,5352849,22.44,23.21,21.81,22.08,3311300,2025-12-19T03:45:16Z
CCI,2008-11-05,12.84,14.08,12.76,13.84,3988637,20.75,22.76,20.62,22.38,2467400,2025-12-19T03:45:16Z
CCI,2008-11-06,10.84,12.95,10.61,12.77,6667126,17.53,20.93,17.15,20.65,4124300,2025-12-19T03:45:16Z
CCI,2008-11-07,10.69,11.34,10.5,10.83,10104181,17.28,18.33,16.97,17.5,6250500,2025-12-19T03:45:16Z
CCI,2008-11-10,10.56,11.18,10.42,10.91,4984434,17.07,18.07,16.85,17.63,3083400,2025-12-19T03:45:16Z
CCI,2008-11-11,9.97,10.55,9.97,10.52,2907351,16.12,17.05,16.12,17.01,1798500,2025-12-19T03:45:16Z
CCI,2008-11-12,8.24,10.09,7.49,9.98,10493794,13.32,16.31,12.1,16.14,6491500,2025-12-19T03:45:16Z
CCI,2008-11-13,8.39,8.69,7.83,8.22,17519062,13.56,14.05,12.65,13.29,10837400,2025-12-19T03:45:16Z
CCI,2008-11-14,8.7,9.19,8.09,8.3,13271614,14.06,14.85,13.07,13.41,8209900,2025-12-19T03:45:16Z
CCI,2008-11-17,8.61,9.09,8.39,8.53,6339411,13.92,14.69,13.57,13.79,3921600,2025-12-19T03:45:16Z
CCI,2008-11-18,8.11,8.77,7.75,8.71,8276213,13.11,14.17,12.53,14.08,5119700,2025-12-19T03:45:16Z
CCI,2008-11-19,7.62,8.27,7.52,8.11,6817933,12.32,13.37,12.16,13.11,4217600,2025-12-19T03:45:16Z
CCI,2008-11-20,6.59,7.62,6.46,7.44,10029244,10.65,12.32,10.44,12.02,6204100,2025-12-19T03:45:16Z
CCI,2008-11-21,6.3,6.88,5.41,6.75,14830267,10.19,11.13,8.75,10.92,9174100,2025-12-19T03:45:16Z
CCI,2008-11-24,7.44,7.52,6.23,6.46,15865089,12.03,12.16,10.07,10.45,9814200,2025-12-19T03:45:16Z
CCI,2008-11-25,7.99,8.1,7.41,7.81,9872345,12.92,13.1,11.97,12.62,6107100,2025-12-19T03:45:16Z
CCI,2008-11-26,8.61,8.81,7.49,7.7,6624406,13.92,14.24,12.1,12.45,4097900,2025-12-19T03:45:16Z
CCI,2008-11-28,8.7,8.77,8.31,8.57,3051695,14.07,14.18,13.43,13.85,1887800,2025-12-19T03:45:16Z
CCI,2008-12-01,7.89,8.65,7.88,8.65,6048620,12.75,13.98,12.73,13.98,3741700,2025-12-19T03:45:16Z
CCI,2008-12-02,8.78,8.81,7.88,7.99,5856890,14.19,14.25,12.73,12.92,3623100,2025-12-19T03:45:16Z
CCI,2008-12-03,9.5,9.71,8.28,8.52,8671919,15.35,15.69,13.39,13.77,5364500,2025-12-19T03:45:16Z
CCI,2008-12-04,9.53,10.01,9.15,9.46,8434626,15.41,16.18,14.8,15.3,5217700,2025-12-19T03:45:16Z
CCI,2008-12-05,10.84,10.93,9.23,9.53,9239787,17.52,17.67,14.92,15.4,5715800,2025-12-19T03:45:16Z
CCI,2008-12-08,11.25,11.52,10.53,11.11,8306460,18.18,18.62,17.02,17.96,5138400,2025-12-19T03:45:16Z
CCI,2008-12-09,11.7,11.99,10.83,11.09,10371405,18.92,19.38,17.5,17.92,6415800,2025-12-19T03:45:16Z
CCI,2008-12-10,11.65,12.01,11.25,11.67,5391338,18.83,19.42,18.19,18.87,3335100,2025-12-19T03:45:16Z
CCI,2008-12-11,11.05,11.91,10.89,11.39,4269757,17.87,19.25,17.6,18.42,2641300,2025-12-19T03:45:16Z
CCI,2008-12-12,10.93,11.28,10.49,10.49,4110035,17.67,18.24,16.96,16.96,2542500,2025-12-19T03:45:16Z
CCI,2008-12-15,10.52,11.09,10.25,11.06,3261684,17.01,17.92,16.57,17.88,2017700,2025-12-19T03:45:16Z
CCI,2008-12-16,10.89,11.3,10.14,10.78,6071583,17.61,18.26,16.4,17.42,3755900,2025-12-19T03:45:16Z
CCI,2008-12-17,11.18,11.32,10.62,10.69,5714789,18.07,18.3,17.17,17.28,3535200,2025-12-19T03:45:16Z
CCI,2008-12-18,10.99,11.4,10.74,10.83,5626543,17.76,18.43,17.37,17.51,3480600,2025-12-19T03:45:16Z
CCI,2008-12-19,10.8,11.21,10.67,11.16,4352228,17.46,18.12,17.25,18.04,2692300,2025-12-19T03:45:16Z
CCI,2008-12-22,10.48,10.97,10.13,10.8,3724174,16.94,17.73,16.38,17.46,2303800,2025-12-19T03:45:16Z
CCI,2008-12-23,10.36,10.75,10.18,10.51,2297761,16.74,17.38,16.46,16.99,1421400,2025-12-19T03:45:16Z
CCI,2008-12-24,10.21,10.39,10.07,10.36,716449,16.5,16.79,16.28,16.75,443200,2025-12-19T03:45:16Z
CCI,2008-12-26,10.5,10.56,10.03,10.23,1234876,16.98,17.07,16.22,16.54,763900,2025-12-19T03:45:16Z
CCI,2008-12-29,10.13,10.47,9.94,10.47,1920119,16.37,16.92,16.07,16.92,1187800,2025-12-19T03:45:16Z
CCI,2008-12-30,10.52,10.58,10.06,10.13,2048959,17.01,17.11,16.26,16.37,1267500,2025-12-19T03:45:16Z
CCI,2008-12-31,10.88,11.07,10.41,10.53,4327792,17.58,17.89,16.83,17.02,2677200,2025-12-19T03:45:16Z
CCI,2009-01-02,11.4,11.47,10.48,10.81,3275269,18.43,18.54,16.94,17.47,2026100,2025-12-19T03:45:16Z
CCI,2009-01-05,12.12,12.17,11.18,11.42,4457438,19.59,19.68,18.08,18.46,2757400,2025-12-19T03:45:16Z
CCI,2009-01-06,12.18,12.4,11.66,11.91,4912841,19.69,20.04,18.85,19.25,3039100,2025-12-19T03:45:16Z
CCI,2009-01-07,12.27,12.46,11.67,12.06,7346551,19.83,20.14,18.87,19.5,4544600,2025-12-19T03:45:16Z
CCI,2009-01-08,12.37,12.5,11.64,12.14,3520501,20,20.21,18.82,19.63,2177800,2025-12-19T03:45:16Z
CCI,2009-01-09,12.42,12.87,12.11,12.54,4888095,20.07,20.8,19.57,20.27,3023800,2025-12-19T03:45:16Z
CCI,2009-01-12,11.83,12.34,11.64,12.29,3639164,19.12,19.95,18.82,19.86,2251200,2025-12-19T03:45:16Z
CCI,2009-01-13,11.86,12.16,11.5,11.87,3443082,19.18,19.65,18.59,19.18,2129900,2025-12-19T03:45:16Z
CCI,2009-01-14,11.29,11.67,11,11.67,3128825,18.25,18.87,17.78,18.86,1935500,2025-12-19T03:45:16Z
CCI,2009-01-15,11.2,11.42,10.52,11.39,4145923,18.1,18.46,17,18.41,2564700,2025-12-19T03:45:16Z
CCI,2009-01-16,11.57,11.75,11.07,11.4,2991735,18.7,18.99,17.89,18.43,1850700,2025-12-19T03:45:16Z
CCI,2009-01-20,10.53,11.54,10.49,11.54,2633656,17.02,18.66,16.96,18.66,1629200,2025-12-19T03:45:16Z
CCI,2009-01-21,11.58,11.58,10.5,10.83,3853180,18.72,18.72,16.97,17.5,2383600,2025-12-19T03:45:16Z
CCI,2009-01-22,12.37,12.59,11.31,11.31,7716879,20,20.35,18.29,18.29,4773700,2025-12-19T03:45:16Z
CCI,2009-01-23,12.16,12.29,11.38,11.81,8019326,19.65,19.86,18.39,19.09,4960800,2025-12-19T03:45:16Z
CCI,2009-01-26,12.19,12.51,12.01,12.11,4838307,19.71,20.23,19.42,19.58,2993000,2025-12-19T03:45:16Z
CCI,2009-01-27,12.12,12.5,11.56,12.37,4076097,19.59,20.2,18.69,19.99,2521500,2025-12-19T03:45:16Z
CCI,2009-01-28,12.79,12.86,12.17,12.17,3690547,20.68,20.79,19.67,19.67,2283000,2025-12-19T03:45:16Z
CCI,2009-01-29,12.34,12.64,12.28,12.61,2485748,19.95,20.44,19.85,20.39,1537700,2025-12-19T03:45:16Z
CCI,2009-01-30,12.08,12.58,11.9,12.27,4247610,19.52,20.33,19.23,19.84,2627600,2025-12-19T03:45:16Z
CCI,2009-02-02,11.95,12.09,11.62,12.03,2431915,19.31,19.54,18.78,19.45,1504400,2025-12-19T03:45:16Z
CCI,2009-02-03,12.69,12.74,11.9,12.07,4186993,20.52,20.6,19.23,19.52,2590100,2025-12-19T03:45:16Z
CCI,2009-02-04,12.35,13.08,12.2,12.61,5034050,19.96,21.15,19.72,20.38,3114100,2025-12-19T03:45:16Z
CCI,2009-02-05,12.38,12.53,12,12.18,3130908,20.02,20.26,19.4,19.69,1936800,2025-12-19T03:45:16Z
CCI,2009-02-06,12.69,12.77,12.28,12.56,2824416,20.51,20.64,19.85,20.31,1747200,2025-12-19T03:45:16Z
CCI,2009-02-09,12.5,12.66,12.18,12.57,2438714,20.21,20.47,19.69,20.32,1508600,2025-12-19T03:45:16Z
CCI,2009-02-10,11.74,12.69,11.64,12.37,3123000,18.98,20.51,18.82,20,1931900,2025-12-19T03:45:16Z
CCI,2009-02-11,11.96,12.07,11.69,11.83,1907523,19.33,19.51,18.9,19.13,1180000,2025-12-19T03:45:16Z
CCI,2009-02-12,11.99,12.03,11.49,11.57,2863689,19.39,19.44,18.57,18.7,1771500,2025-12-19T03:45:16Z
CCI,2009-02-13,11.86,12.24,11.81,11.86,3058968,19.17,19.78,19.1,19.17,1892300,2025-12-19T03:45:16Z
CCI,2009-02-17,10.83,11.55,10.71,11.44,4558794,17.51,18.67,17.31,18.49,2820100,2025-12-19T03:45:16Z
CCI,2009-02-18,10.39,11.04,10.03,11.04,7526909,16.8,17.84,16.22,17.84,4656200,2025-12-19T03:45:16Z
CCI,2009-02-19,9.89,10.65,9.74,10.65,5171147,15.99,17.22,15.74,17.22,3198900,2025-12-19T03:45:16Z
CCI,2009-02-20,10.41,10.54,9.56,9.56,5265244,16.83,17.03,15.45,15.45,3257100,2025-12-19T03:45:16Z
CCI,2009-02-23,9.84,10.51,9.79,10.42,3518406,15.9,16.99,15.83,16.84,2176500,2025-12-19T03:45:16Z
CCI,2009-02-24,10.39,10.46,9.59,9.86,5155775,16.8,16.91,15.5,15.94,3189400,2025-12-19T03:45:16Z
CCI,2009-02-25,10.99,11.29,9.82,10.21,6827797,17.76,18.25,15.88,16.5,4223700,2025-12-19T03:45:16Z
CCI,2009-02-26,10.95,11.6,10.84,11.31,5285121,17.7,18.75,17.53,18.28,3269400,2025-12-19T03:45:16Z
CCI,2009-02-27,10.85,11.07,10.4,10.55,6025025,17.54,17.89,16.81,17.05,3727100,2025-12-19T03:45:16Z
CCI,2009-03-02,10.14,10.71,10.05,10.5,3894421,16.39,17.32,16.24,16.98,2409100,2025-12-19T03:45:16Z
CCI,2009-03-03,9.8,10.33,9.53,10.23,6416050,15.84,16.7,15.4,16.54,3969000,2025-12-19T03:45:16Z
CCI,2009-03-04,10.6,10.81,10.03,10.1,5892930,17.14,17.47,16.21,16.33,3645400,2025-12-19T03:45:16Z
CCI,2009-03-05,10.21,10.51,10.14,10.32,5223349,16.51,16.99,16.39,16.68,3231200,2025-12-19T03:45:16Z
CCI,2009-03-06,10.36,10.54,10.17,10.54,5101339,16.74,17.03,16.44,17.03,3155700,2025-12-19T03:45:16Z
CCI,2009-03-09,10.34,10.57,10.14,10.14,3314065,16.71,17.08,16.39,16.39,2050100,2025-12-19T03:45:16Z
CCI,2009-03-10,11.43,11.47,10.39,10.43,4016786,18.48,18.54,16.79,16.86,2484800,2025-12-19T03:45:16Z
CCI,2009-03-11,12,12.17,11.48,11.51,5095836,19.4,19.67,18.56,18.6,3152300,2025-12-19T03:45:16Z
CCI,2009-03-12,12.49,12.56,11.38,11.52,6332168,20.19,20.3,18.4,18.62,3917100,2025-12-19T03:45:16Z
CCI,2009-03-13,12.51,12.66,11.95,12.66,3009993,20.23,20.47,19.32,20.47,1862000,2025-12-19T03:45:16Z
CCI,2009-03-16,11.91,12.75,11.87,12.58,2919156,19.26,20.61,19.19,20.34,1805800,2025-12-19T03:45:16Z
CCI,2009-03-17,12.11,12.26,11.65,11.73,5303222,19.57,19.81,18.84,18.97,3280600,2025-12-19T03:45:16Z
CCI,2009-03-18,12.43,12.57,11.79,12.18,5061377,20.09,20.32,19.06,19.69,3131000,2025-12-19T03:45:16Z
CCI,2009-03-19,12.4,12.63,12.19,12.51,2736486,20.05,20.42,19.71,20.23,1692800,2025-12-19T03:45:16Z
CCI,2009-03-20,12.03,12.57,11.94,12.45,2229203,19.45,20.32,19.3,20.12,1379000,2025-12-19T03:45:16Z
CCI,2009-03-23,13.05,13.05,12.16,12.35,2989298,21.1,21.1,19.65,19.96,1849200,2025-12-19T03:45:16Z
CCI,2009-03-24,12.98,13.42,12.9,12.9,3115566,20.98,21.7,20.85,20.85,1927300,2025-12-19T03:45:16Z
CCI,2009-03-25,13.22,13.47,12.68,13.15,2353681,21.37,21.78,20.5,21.26,1456000,2025-12-19T03:45:16Z
CCI,2009-03-26,13.37,13.6,13.08,13.18,4456301,21.61,21.99,21.15,21.31,2756700,2025-12-19T03:45:16Z
CCI,2009-03-27,13.34,13.46,12.88,13.04,2523906,21.57,21.75,20.82,21.08,1561300,2025-12-19T03:45:16Z
CCI,2009-03-30,12.7,13.16,12.56,12.99,3565107,20.53,21.28,20.31,21,2205400,2025-12-19T03:45:16Z
CCI,2009-03-31,12.63,12.91,12.63,12.84,3003377,20.41,20.87,20.41,20.75,1857900,2025-12-19T03:45:16Z
CCI,2009-04-01,13.05,13.16,12.35,12.5,3463109,21.09,21.28,19.96,20.21,2142300,2025-12-19T03:45:16Z
CCI,2009-04-02,14.31,14.57,13.39,13.5,8091126,23.13,23.56,21.64,21.83,5005200,2025-12-19T03:45:16Z
CCI,2009-04-03,14.85,15.4,14.17,14.23,8185032,24.01,24.9,22.91,23,5063300,2025-12-19T03:45:16Z
CCI,2009-04-06,14.75,14.8,14.12,14.51,4386168,23.85,23.92,22.82,23.46,2713300,2025-12-19T03:45:16Z
CCI,2009-04-07,14.54,14.82,14.23,14.38,4168739,23.5,23.95,23.01,23.24,2578800,2025-12-19T03:45:16Z
CCI,2009-04-08,14.87,14.91,14.51,14.66,2909442,24.04,24.1,23.45,23.7,1799800,2025-12-19T03:45:16Z
CCI,2009-04-09,15.53,15.6,15.11,15.15,5024683,25.11,25.22,24.43,24.49,3108300,2025-12-19T03:45:16Z
CCI,2009-04-13,15.4,15.5,15.06,15.17,3165343,24.89,25.06,24.35,24.53,1958100,2025-12-19T03:45:16Z
CCI,2009-04-14,14.54,15.34,14.44,15.34,5634135,23.5,24.8,23.34,24.8,3485300,2025-12-19T03:45:16Z
CCI,2009-04-15,15.14,15.19,14.25,14.37,7882548,24.48,24.55,23.04,23.23,4876200,2025-12-19T03:45:16Z
CCI,2009-04-16,14.99,15.35,14.69,15.27,6245336,24.24,24.82,23.74,24.69,3863400,2025-12-19T03:45:16Z
CCI,2009-04-17,14.7,15.03,14.68,14.99,4090020,23.77,24.3,23.73,24.24,2530100,2025-12-19T03:45:16Z
CCI,2009-04-20,13.9,14.67,13.82,14.36,3130258,22.47,23.71,22.34,23.21,1936400,2025-12-19T03:45:16Z
CCI,2009-04-21,14.09,14.11,13.76,13.78,2776738,22.77,22.81,22.25,22.28,1717700,2025-12-19T03:45:16Z
CCI,2009-04-22,14.05,14.41,13.77,13.85,3793702,22.71,23.3,22.26,22.39,2346800,2025-12-19T03:45:16Z
CCI,2009-04-23,14.02,14.2,13.64,13.94,5960988,22.66,22.95,22.05,22.54,3687500,2025-12-19T03:45:16Z
CCI,2009-04-24,14.44,14.61,13.98,14.07,2803897,23.34,23.62,22.6,22.74,1734500,2025-12-19T03:45:16Z
CCI,2009-04-27,14.34,14.59,14.04,14.25,2583548,23.18,23.59,22.7,23.03,1598200,2025-12-19T03:45:16Z
CCI,2009-04-28,13.82,14.23,13.76,14.09,3205769,22.34,23,22.24,22.77,1983100,2025-12-19T03:45:16Z
CCI,2009-04-29,14.61,14.85,13.95,14.08,3407982,23.61,24,22.55,22.76,2108200,2025-12-19T03:45:16Z
CCI,2009-04-30,15.17,16.84,14.15,15.45,13653134,24.52,27.23,22.88,24.97,8445900,2025-12-19T03:45:16Z
CCI,2009-05-01,14.93,15.42,14.79,15.3,4172459,24.14,24.92,23.9,24.74,2581100,2025-12-19T03:45:16Z
CCI,2009-05-04,14.89,15.26,14.44,14.9,4605530,24.07,24.66,23.35,24.08,2849000,2025-12-19T03:45:16Z
CCI,2009-05-05,14.98,15.17,14.31,14.89,3759594,24.21,24.53,23.14,24.07,2325700,2025-12-19T03:45:16Z
CCI,2009-05-06,15.11,15.29,14.73,15.18,2893126,24.43,24.72,23.81,24.54,1789700,2025-12-19T03:45:16Z
CCI,2009-05-07,14.38,15.17,14.22,15.12,4033909,23.24,24.53,22.99,24.45,2495400,2025-12-19T03:45:16Z
CCI,2009-05-08,14.33,14.72,14.13,14.56,3526800,23.17,23.79,22.84,23.53,2181700,2025-12-19T03:45:16Z
CCI,2009-05-11,14.48,14.69,13.97,13.97,2481073,23.41,23.75,22.58,22.58,1534800,2025-12-19T03:45:16Z
CCI,2009-05-12,14.2,14.73,13.91,14.55,2859333,22.95,23.81,22.48,23.52,1768800,2025-12-19T03:45:16Z
CCI,2009-05-13,13.59,14.16,13.48,13.78,2455354,21.97,22.89,21.79,22.28,1518900,2025-12-19T03:45:16Z
CCI,2009-05-14,13.84,14.03,13.42,13.67,2376149,22.38,22.68,21.69,22.1,1469900,2025-12-19T03:45:16Z
CCI,2009-05-15,13.55,13.92,13.48,13.73,3172933,21.9,22.5,21.79,22.19,1962800,2025-12-19T03:45:16Z
CCI,2009-05-18,14.49,14.54,13.71,13.74,2622195,23.42,23.5,22.16,22.21,1622100,2025-12-19T03:45:16Z
CCI,2009-05-19,14.3,14.59,14.23,14.45,1678772,23.11,23.59,23.01,23.36,1038500,2025-12-19T03:45:16Z
CCI,2009-05-20,14.39,14.72,14.3,14.49,2280122,23.26,23.79,23.12,23.42,1410500,2025-12-19T03:45:16Z
CCI,2009-05-21,14.02,14.22,13.84,14.08,2056722,22.66,22.99,22.38,22.76,1272300,2025-12-19T03:45:16Z
CCI,2009-05-22,14,14.16,13.73,14.05,1533453,22.63,22.89,22.19,22.71,948600,2025-12-19T03:45:16Z
CCI,2009-05-26,14.44,14.52,13.77,13.91,2265102,23.34,23.47,22.26,22.49,1401200,2025-12-19T03:45:16Z
CCI,2009-05-27,14.66,14.92,14.33,14.42,3263803,23.7,24.12,23.16,23.31,2019000,2025-12-19T03:45:16Z
CCI,2009-05-28,15.15,15.2,14.6,14.95,3966838,24.49,24.57,23.6,24.17,2453900,2025-12-19T03:45:16Z
CCI,2009-05-29,15.01,15.36,14.94,15.22,9353761,24.26,24.83,24.15,24.61,5786300,2025-12-19T03:45:16Z
CCI,2009-06-01,15.28,15.43,15.05,15.17,2930311,24.7,24.94,24.33,24.52,1812700,2025-12-19T03:45:16Z
CCI,2009-06-02,15.05,15.39,14.77,15.1,2748919,24.33,24.88,23.88,24.41,1700500,2025-12-19T03:45:16Z
CCI,2009-06-03,14.22,14.85,14.05,14.85,3371786,22.99,24,22.72,24,2085800,2025-12-19T03:45:16Z
CCI,2009-06-04,14.15,14.39,13.92,14.39,2765897,22.88,23.27,22.5,23.27,1711000,2025-12-19T03:45:16Z
CCI,2009-06-05,14.27,14.49,13.98,14.38,2914790,23.06,23.43,22.6,23.25,1803100,2025-12-19T03:45:16Z
CCI,2009-06-08,13.87,14.17,13.68,14.17,2174574,22.42,22.9,22.12,22.9,1345200,2025-12-19T03:45:16Z
CCI,2009-06-09,14.33,14.36,13.82,13.93,2777861,23.16,23.21,22.34,22.52,1718400,2025-12-19T03:45:16Z
CCI,2009-06-10,13.75,14.54,13.63,14.54,3741318,22.23,23.5,22.04,23.5,2314400,2025-12-19T03:45:16Z
CCI,2009-06-11,13.87,13.97,13.61,13.7,3606023,22.42,22.59,22,22.15,2230700,2025-12-19T03:45:16Z
CCI,2009-06-12,14.36,14.44,13.7,13.7,3408157,23.21,23.34,22.15,22.15,2108300,2025-12-19T03:45:16Z
CCI,2009-06-15,13.96,14.22,13.88,14.13,2072730,22.57,22.98,22.43,22.84,1282200,2025-12-19T03:45:16Z
CCI,2009-06-16,13.81,14.25,13.76,14.01,2467963,22.33,23.04,22.24,22.64,1526700,2025-12-19T03:45:16Z
CCI,2009-06-17,13.76,13.99,13.54,13.8,3036177,22.25,22.62,21.88,22.31,1878200,2025-12-19T03:45:16Z
CCI,2009-06-18,13.81,13.96,13.62,13.73,1827815,22.33,22.57,22.01,22.19,1130700,2025-12-19T03:45:16Z
CCI,2009-06-19,13.92,14.11,13.78,13.91,1579684,22.5,22.81,22.28,22.49,977200,2025-12-19T03:45:16Z
CCI,2009-06-22,13.51,13.79,13.43,13.78,2115410,21.84,22.3,21.71,22.28,1308600,2025-12-19T03:45:16Z
CCI,2009-06-23,13.65,13.74,13.29,13.49,3004989,22.07,22.21,21.49,21.81,1858900,2025-12-19T03:45:16Z
CCI,2009-06-24,14.46,14.6,13.85,13.87,4264756,23.37,23.6,22.39,22.42,2638200,2025-12-19T03:45:16Z
CCI,2009-06-25,14.82,14.84,14.25,14.33,2466028,23.96,23.99,23.04,23.17,1525500,2025-12-19T03:45:16Z
CCI,2009-06-26,15.19,15.46,14.63,14.78,5156263,24.55,24.99,23.65,23.89,3189700,2025-12-19T03:45:16Z
CCI,2009-06-29,14.93,15.21,14.62,14.62,2506773,24.14,24.59,23.64,23.64,1550700,2025-12-19T03:45:16Z
CCI,2009-06-30,14.86,15,14.64,14.94,1890058,24.02,24.25,23.67,24.15,1169200,2025-12-19T03:45:16Z
CCI,2009-07-01,15.04,15.17,14.81,14.81,2896514,24.31,24.53,23.94,23.94,1791800,2025-12-19T03:45:16Z
CCI,2009-07-02,15.09,15.21,14.64,14.71,5299006,24.4,24.59,23.67,23.78,3278000,2025-12-19T03:45:16Z
CCI,2009-07-06,14.48,15.09,14.34,15.06,3962798,23.41,24.39,23.18,24.35,2451400,2025-12-19T03:45:16Z
CCI,2009-07-07,14.3,14.59,14.09,14.56,3503676,23.12,23.59,22.78,23.53,2167400,2025-12-19T03:45:16Z
CCI,2009-07-08,14.41,14.45,14.06,14.28,3188143,23.29,23.36,22.73,23.09,1972200,2025-12-19T03:45:16Z
CCI,2009-07-09,14.72,14.93,14.35,14.52,2961501,23.8,24.13,23.19,23.47,1832000,2025-12-19T03:45:16Z
CCI,2009-07-10,14.7,14.92,14.45,14.75,2346576,23.77,24.12,23.36,23.84,1451600,2025-12-19T03:45:16Z
CCI,2009-07-13,14.95,14.95,14.57,14.72,2912840,24.17,24.17,23.55,23.8,1801900,2025-12-19T03:45:16Z
CCI,2009-07-14,15.01,15.15,14.79,15,2073692,24.26,24.49,23.91,24.25,1282800,2025-12-19T03:45:16Z
CCI,2009-07-15,15.67,15.72,15.06,15.11,2438545,25.33,25.42,24.35,24.42,1508500,2025-12-19T03:45:16Z
CCI,2009-07-16,15.84,15.89,15.48,15.72,1085991,25.6,25.69,25.02,25.42,671800,2025-12-19T03:45:16Z
CCI,2009-07-17,15.72,15.81,15.52,15.8,1620424,25.42,25.56,25.09,25.55,1002400,2025-12-19T03:45:16Z
CCI,2009-07-20,16.2,16.24,15.7,15.74,2547340,26.18,26.25,25.38,25.44,1575800,2025-12-19T03:45:16Z
CCI,2009-07-21,16.68,16.73,16.32,16.38,3623472,26.96,27.05,26.39,26.47,2241500,2025-12-19T03:45:16Z
CCI,2009-07-22,16.7,16.97,16.45,16.56,2846880,26.99,27.43,26.6,26.77,1761100,2025-12-19T03:45:16Z
CCI,2009-07-23,17.14,17.24,16.73,16.87,2090990,27.7,27.87,27.05,27.27,1293500,2025-12-19T03:45:16Z
CCI,2009-07-24,16.94,17.07,16.75,17.02,1725657,27.38,27.6,27.07,27.52,1067500,2025-12-19T03:45:16Z
CCI,2009-07-27,16.8,17.1,16.55,17.1,3244237,27.16,27.65,26.75,27.65,2006900,2025-12-19T03:45:16Z
CCI,2009-07-28,16.99,17.03,16.47,16.61,2347537,27.47,27.53,26.63,26.85,1452200,2025-12-19T03:45:16Z
CCI,2009-07-29,16.74,16.87,16.41,16.78,1830403,27.06,27.27,26.53,27.12,1132300,2025-12-19T03:45:16Z
CCI,2009-07-30,18,18.21,16.97,16.97,5372578,29.09,29.43,27.43,27.43,3323500,2025-12-19T03:45:16Z
CCI,2009-07-31,17.78,18.29,17.76,18,4402003,28.74,29.57,28.71,29.09,2723100,2025-12-19T03:45:16Z
CCI,2009-08-03,17.9,18.08,17.73,18.05,3450026,28.94,29.23,28.66,29.17,2134200,2025-12-19T03:45:16Z
CCI,2009-08-04,18.11,18.34,17.76,17.86,3017103,29.28,29.65,28.71,28.87,1866400,2025-12-19T03:45:16Z
CCI,2009-08-05,17.86,18.55,17.66,18.46,2712397,28.87,29.99,28.55,29.84,1677900,2025-12-19T03:45:16Z
CCI,2009-08-06,17.43,18.09,17.31,18.01,2325715,28.18,29.24,27.98,29.12,1438700,2025-12-19T03:45:16Z
CCI,2009-08-07,17.39,17.91,17.32,17.57,2006610,28.11,28.95,27.99,28.4,1241300,2025-12-19T03:45:16Z
CCI,2009-08-10,17.01,17.47,16.97,17.32,2067710,27.49,28.24,27.43,28,1279100,2025-12-19T03:45:16Z
CCI,2009-08-11,16.71,17.13,16.7,16.94,3126716,27.01,27.69,26.99,27.38,1934200,2025-12-19T03:45:16Z
CCI,2009-08-12,16.75,17.1,16.65,16.82,3953416,27.08,27.65,26.92,27.19,2445600,2025-12-19T03:45:16Z
CCI,2009-08-13,17.37,17.43,16.83,16.92,1896205,28.08,28.18,27.2,27.35,1173000,2025-12-19T03:45:16Z
CCI,2009-08-14,17.07,17.33,16.92,17.33,1770758,27.6,28.01,27.35,28.01,1095400,2025-12-19T03:45:16Z
CCI,2009-08-17,16.45,16.76,16.44,16.68,1431284,26.6,27.09,26.58,26.97,885400,2025-12-19T03:45:16Z
CCI,2009-08-18,17.09,17.17,16.4,16.5,2244722,27.63,27.75,26.51,26.67,1388600,2025-12-19T03:45:16Z
CCI,2009-08-19,17.28,17.3,16.71,16.8,2490930,27.94,27.97,27.01,27.16,1540900,2025-12-19T03:45:16Z
CCI,2009-08-20,17.64,17.66,17.15,17.24,2249419,28.51,28.54,27.73,27.87,1391500,2025-12-19T03:45:16Z
CCI,2009-08-21,17.89,17.99,17.6,17.76,2523090,28.92,29.08,28.45,28.71,1560800,2025-12-19T03:45:16Z
CCI,2009-08-24,17.63,18.01,17.54,18,1644995,28.5,29.12,28.36,29.09,1017600,2025-12-19T03:45:16Z
CCI,2009-08-25,17.61,18.04,17.56,17.63,1467494,28.47,29.16,28.38,28.5,907800,2025-12-19T03:45:16Z
CCI,2009-08-26,17.45,17.81,17.39,17.58,1587276,28.21,28.79,28.12,28.42,981900,2025-12-19T03:45:16Z
CCI,2009-08-27,17.28,17.62,17.13,17.62,2276092,27.94,28.49,27.69,28.49,1408000,2025-12-19T03:45:16Z
CCI,2009-08-28,17.09,17.63,17.02,17.41,2348988,27.63,28.5,27.51,28.15,1453100,2025-12-19T03:45:16Z
CCI,2009-08-31,16.62,16.91,16.51,16.9,2598270,26.86,27.34,26.69,27.32,1607300,2025-12-19T03:45:16Z
CCI,2009-09-01,16.13,16.72,16.07,16.47,4752153,26.07,27.03,25.97,26.62,2939700,2025-12-19T03:45:16Z
CCI,2009-09-02,16.16,16.41,15.95,15.96,3017586,26.13,26.52,25.79,25.8,1866700,2025-12-19T03:45:16Z
CCI,2009-09-03,16.67,16.73,16.15,16.22,4104239,26.94,27.04,26.1,26.22,2538900,2025-12-19T03:45:16Z
CCI,2009-09-04,17.22,17.35,16.52,16.74,3221275,27.83,28.05,26.71,27.06,1992700,2025-12-19T03:45:16Z
CCI,2009-09-08,17.53,17.56,17.22,17.3,3430617,28.33,28.39,27.83,27.97,2122200,2025-12-19T03:45:16Z
CCI,2009-09-09,17.76,17.77,17.35,17.39,1771561,28.71,28.73,28.05,28.12,1095900,2025-12-19T03:45:16Z
CCI,2009-09-10,17.99,17.99,17.61,17.82,2022942,29.08,29.08,28.46,28.8,1251400,2025-12-19T03:45:16Z
CCI,2009-09-11,18.4,18.5,18.05,18.14,2992539,29.75,29.9,29.18,29.33,1851200,2025-12-19T03:45:16Z
CCI,2009-09-14,18.09,18.36,17.83,18.36,3744071,29.24,29.68,28.82,29.68,2316100,2025-12-19T03:45:16Z
CCI,2009-09-15,18.43,18.5,18.02,18.16,2307615,29.8,29.91,29.13,29.35,1427500,2025-12-19T03:45:16Z
CCI,2009-09-16,18.88,19.07,18.53,18.66,2924325,30.52,30.83,29.95,30.17,1809000,2025-12-19T03:45:16Z
CCI,2009-09-17,18.82,19.1,18.68,18.87,2388918,30.42,30.87,30.2,30.51,1477800,2025-12-19T03:45:16Z
CCI,2009-09-18,19.15,19.16,18.59,19.02,2577738,30.95,30.98,30.05,30.74,1594600,2025-12-19T03:45:16Z
CCI,2009-09-21,19.45,19.56,18.87,19.06,2206905,31.44,31.62,30.5,30.81,1365200,2025-12-19T03:45:16Z
CCI,2009-09-22,19.72,19.94,19.49,19.57,2665355,31.88,32.24,31.51,31.64,1648800,2025-12-19T03:45:16Z
CCI,2009-09-23,19.59,19.99,19.45,19.82,2333318,31.66,32.32,31.45,32.04,1443400,2025-12-19T03:45:16Z
CCI,2009-09-24,19.25,19.68,18.95,19.66,3304853,31.12,31.82,30.63,31.78,2044400,2025-12-19T03:45:16Z
CCI,2009-09-25,19.24,19.34,18.95,19.05,1452300,31.11,31.26,30.64,30.79,898400,2025-12-19T03:45:16Z
CCI,2009-09-28,19.57,19.58,19.18,19.29,1505481,31.64,31.65,31.01,31.18,931300,2025-12-19T03:45:16Z
CCI,2009-09-29,19.36,19.65,19.28,19.46,1480100,31.29,31.76,31.16,31.46,915600,2025-12-19T03:45:16Z
CCI,2009-09-30,19.4,19.64,18.95,19.39,2705435,31.36,31.75,30.63,31.34,1673600,2025-12-19T03:45:16Z
CCI,2009-10-01,18.74,19.28,18.69,19.28,2670852,30.3,31.17,30.21,31.17,1652200,2025-12-19T03:45:16Z
CCI,2009-10-02,18.86,19.14,18.34,18.57,2448246,30.49,30.94,29.64,30.02,1514500,2025-12-19T03:45:16Z
CCI,2009-10-05,19.19,19.28,18.9,19.04,1693490,31.02,31.17,30.55,30.77,1047600,2025-12-19T03:45:16Z
CCI,2009-10-06,19.44,19.78,18.87,18.87,1632217,31.43,31.97,30.5,30.5,1009700,2025-12-19T03:45:16Z
CCI,2009-10-07,19.39,19.42,19.13,19.33,1145963,31.35,31.39,30.92,31.25,708900,2025-12-19T03:45:16Z
CCI,2009-10-08,19.21,19.62,19.21,19.57,1456339,31.06,31.71,31.06,31.64,900900,2025-12-19T03:45:16Z
CCI,2009-10-09,19.46,19.46,19.1,19.1,2080973,31.46,31.46,30.88,30.88,1287300,2025-12-19T03:45:16Z
CCI,2009-10-12,19.76,19.95,19.6,19.65,1854336,31.95,32.25,31.68,31.77,1147100,2025-12-19T03:45:16Z
CCI,2009-10-13,19.73,19.92,19.63,19.86,1765747,31.9,32.2,31.74,32.1,1092300,2025-12-19T03:45:16Z
CCI,2009-10-14,20.1,20.31,19.94,20.05,2284813,32.5,32.83,32.24,32.41,1413400,2025-12-19T03:45:16Z
CCI,2009-10-15,21.28,21.3,19.86,19.89,6638326,34.4,34.44,32.11,32.15,4106500,2025-12-19T03:45:16Z
CCI,2009-10-16,20.82,21.18,20.81,21.17,2101345,33.66,34.23,33.64,34.22,1299900,2025-12-19T03:45:16Z
CCI,2009-10-19,21.3,21.34,20.85,20.98,2343008,34.44,34.5,33.71,33.91,1449400,2025-12-19T03:45:16Z
CCI,2009-10-20,20.93,21.65,20.69,21.29,3758455,33.84,35,33.45,34.41,2325000,2025-12-19T03:45:16Z
CCI,2009-10-21,20.48,21.25,20.43,20.9,2670687,33.11,34.35,33.02,33.78,1652100,2025-12-19T03:45:16Z
CCI,2009-10-22,20.39,20.85,20.27,20.46,2028921,32.96,33.7,32.77,33.07,1255100,2025-12-19T03:45:16Z
CCI,2009-10-23,19.96,20.59,19.86,20.54,1839783,32.27,33.28,32.1,33.21,1138100,2025-12-19T03:45:16Z
CCI,2009-10-26,19.74,20.42,19.57,20.04,2094064,31.91,33.01,31.63,32.4,1295400,2025-12-19T03:45:16Z
CCI,2009-10-27,19.3,19.96,19.28,19.77,2374048,31.2,32.27,31.16,31.96,1468600,2025-12-19T03:45:16Z
CCI,2009-10-28,18.9,19.43,18.87,19.18,2857232,30.55,31.41,30.51,31,1767500,2025-12-19T03:45:16Z
CCI,2009-10-29,19.2,19.45,19.03,19.03,2902983,31.04,31.44,30.76,30.76,1795800,2025-12-19T03:45:16Z
CCI,2009-10-30,18.69,19.19,18.59,19.07,2823617,30.22,31.02,30.06,30.82,1746700,2025-12-19T03:45:16Z
CCI,2009-11-02,18.58,18.96,18.23,18.86,3247954,30.03,30.65,29.47,30.48,2009200,2025-12-19T03:45:16Z
CCI,2009-11-03,19.54,19.56,18.25,18.35,3268973,31.59,31.62,29.5,29.66,2022200,2025-12-19T03:45:16Z
CCI,2009-11-04,19.77,21.2,19.75,20.03,5966493,31.96,34.27,31.92,32.38,3690900,2025-12-19T03:45:16Z
CCI,2009-11-05,20.34,20.67,20.06,20.67,2307938,32.88,33.41,32.43,33.41,1427700,2025-12-19T03:45:16Z
CCI,2009-11-06,20.74,20.86,20.15,20.2,2425298,33.53,33.72,32.58,32.65,1500300,2025-12-19T03:45:16Z
CCI,2009-11-09,21.64,21.65,20.95,21,2864833,34.98,35,33.86,33.95,1772200,2025-12-19T03:45:16Z
CCI,2009-11-10,21.63,21.72,21.35,21.54,1924494,34.96,35.11,34.51,34.82,1190500,2025-12-19T03:45:16Z
CCI,2009-11-11,22.6,22.68,21.92,21.92,5012898,36.54,36.66,35.44,35.44,3101000,2025-12-19T03:45:16Z
CCI,2009-11-12,22.36,22.68,22.18,22.62,3001265,36.15,36.67,35.85,36.56,1856600,2025-12-19T03:45:16Z
CCI,2009-11-13,22.66,22.88,21.89,22.47,1889897,36.63,36.98,35.39,36.33,1169100,2025-12-19T03:45:16Z
CCI,2009-11-16,22.96,23.25,22.8,22.89,2525847,37.11,37.59,36.85,37,1562500,2025-12-19T03:45:16Z
CCI,2009-11-17,23.38,23.47,22.72,22.91,1919639,37.8,37.94,36.73,37.04,1187500,2025-12-19T03:45:16Z
CCI,2009-11-18,23.1,23.32,22.77,23.32,2894253,37.35,37.7,36.8,37.69,1790400,2025-12-19T03:45:16Z
CCI,2009-11-19,22.88,22.96,22.52,22.8,3232919,36.99,37.12,36.41,36.86,1999900,2025-12-19T03:45:16Z
CCI,2009-11-20,23.17,23.28,22.54,22.73,1965062,37.45,37.63,36.43,36.74,1215600,2025-12-19T03:45:16Z
CCI,2009-11-23,23.3,24.06,23.08,23.45,3587259,37.66,38.89,37.31,37.9,2219100,2025-12-19T03:45:16Z
CCI,2009-11-24,22.89,23.19,22.59,23.04,3251020,37.01,37.49,36.51,37.25,2011100,2025-12-19T03:45:16Z
CCI,2009-11-25,22.89,23.09,22.72,22.91,3468285,37,37.32,36.73,37.03,2145500,2025-12-19T03:45:16Z
CCI,2009-11-27,22.55,22.75,21.98,22.11,1365655,36.46,36.77,35.54,35.74,844800,2025-12-19T03:45:16Z
CCI,2009-11-30,22.7,22.7,22.38,22.51,1827661,36.69,36.7,36.18,36.39,1130600,2025-12-19T03:45:16Z
CCI,2009-12-01,22.89,23.04,22.68,22.78,3367251,37,37.25,36.66,36.83,2083000,2025-12-19T03:45:16Z
CCI,2009-12-02,22.96,23.3,22.88,22.88,3177476,37.11,37.66,36.99,36.99,1965600,2025-12-19T03:45:16Z
CCI,2009-12-03,22.68,23.34,22.66,22.66,3290797,36.67,37.73,36.63,36.63,2035700,2025-12-19T03:45:16Z
CCI,2009-12-04,22.82,23.36,22.51,23.15,2126885,36.89,37.77,36.39,37.43,1315700,2025-12-19T03:45:16Z
CCI,2009-12-07,22.54,22.89,22.25,22.71,2482357,36.43,37.01,35.97,36.71,1535600,2025-12-19T03:45:16Z
CCI,2009-12-08,21.99,22.5,21.94,22.5,3574982,35.54,36.37,35.47,36.37,2211500,2025-12-19T03:45:16Z
CCI,2009-12-09,21.77,22.16,21.44,22.1,3072719,35.2,35.83,34.66,35.73,1900800,2025-12-19T03:45:16Z
CCI,2009-12-10,22.26,22.47,21.94,21.94,2102149,35.98,36.32,35.47,35.47,1300400,2025-12-19T03:45:16Z
CCI,2009-12-11,22.26,22.42,21.85,22.42,1328311,35.98,36.25,35.32,36.25,821700,2025-12-19T03:45:16Z
CCI,2009-12-14,22.73,22.78,22.42,22.46,3074491,36.74,36.83,36.24,36.31,1901900,2025-12-19T03:45:16Z
CCI,2009-12-15,22.76,22.95,22.62,22.75,2194773,36.8,37.1,36.57,36.77,1357700,2025-12-19T03:45:16Z
CCI,2009-12-16,22.68,23.05,22.6,22.84,4141746,36.67,37.27,36.54,36.92,2562100,2025-12-19T03:45:16Z
CCI,2009-12-17,23.2,23.42,22.49,22.68,3107310,37.51,37.86,36.36,36.67,1922200,2025-12-19T03:45:16Z
CCI,2009-12-18,23.69,23.72,23.3,23.44,4306784,38.29,38.35,37.66,37.89,2664200,2025-12-19T03:45:16Z
CCI,2009-12-21,24.03,24.07,23.69,23.82,3158720,38.85,38.91,38.29,38.51,1954000,2025-12-19T03:45:16Z
CCI,2009-12-22,24.18,24.19,23.9,24.05,2454230,39.08,39.1,38.64,38.87,1518200,2025-12-19T03:45:16Z
CCI,2009-12-23,24.28,24.4,24.06,24.31,2120258,39.25,39.45,38.9,39.3,1311600,2025-12-19T03:45:16Z
CCI,2009-12-24,24.61,24.68,24.18,24.18,714510,39.79,39.9,39.08,39.08,442000,2025-12-19T03:45:16Z
CCI,2009-12-28,24.56,24.74,24.5,24.64,1815375,39.71,39.99,39.6,39.84,1123000,2025-12-19T03:45:16Z
