ticker,tradeDate,clsPx,hiPx,loPx,open,stockVolume,unadjClsPx,unadjHiPx,unadjLoPx,unadjOpen,unadjStockVolume,updatedAt
COP,2006-01-03,23.39,23.49,22.72,22.74,41127558,60.51,60.77,58.79,58.84,15894500,2026-02-21T03:45:39Z
COP,2006-01-04,23.19,23.42,23.02,23.29,28436742,60,60.59,59.57,60.25,10989900,2026-02-21T03:45:39Z
COP,2006-01-05,23.01,23.22,22.84,23.13,31964792,59.53,60.08,59.1,59.85,12353400,2026-02-21T03:45:39Z
COP,2006-01-06,23.53,23.63,23.17,23.29,30687066,60.89,61.13,59.95,60.25,11859600,2026-02-21T03:45:39Z
COP,2006-01-09,23.53,23.76,23.35,23.73,25699121,60.88,61.47,60.43,61.4,9931900,2026-02-21T03:45:39Z
COP,2006-01-10,23.48,23.75,23.37,23.44,22356475,60.76,61.44,60.47,60.65,8640100,2026-02-21T03:45:39Z
COP,2006-01-11,23.49,23.62,23.16,23.44,28214192,60.77,61.11,59.93,60.65,10903900,2026-02-21T03:45:39Z
COP,2006-01-12,23.49,24.02,23.35,23.71,33441004,60.77,62.14,60.42,61.35,12923900,2026-02-21T03:45:39Z
COP,2006-01-13,23.48,23.6,23.29,23.34,26071902,60.76,61.07,60.25,60.4,10076000,2026-02-21T03:45:39Z
COP,2006-01-17,24.85,24.97,23.87,23.88,50051090,64.29,64.6,61.76,61.8,19343200,2026-02-21T03:45:39Z
COP,2006-01-18,24.51,25.08,24.17,25.08,30885272,63.41,64.9,62.55,64.9,11936200,2026-02-21T03:45:39Z
COP,2006-01-19,24.82,24.89,24.33,24.72,30641755,64.21,64.41,62.96,63.95,11842100,2026-02-21T03:45:39Z
COP,2006-01-20,24.99,25.6,24.81,24.95,40732922,64.65,66.25,64.2,64.56,15742000,2026-02-21T03:45:39Z
COP,2006-01-23,25.09,25.19,24.22,24.37,31611077,64.91,65.19,62.68,63.05,12216700,2026-02-21T03:45:39Z
COP,2006-01-24,24.92,25.27,24.65,24.72,28694692,64.48,65.39,63.77,63.97,11089600,2026-02-21T03:45:39Z
COP,2006-01-25,24.56,25.46,24.15,25.33,35150874,63.54,65.87,62.5,65.55,13584700,2026-02-21T03:45:39Z
COP,2006-01-26,24.73,24.98,24.39,24.79,24573527,64,64.63,63.12,64.14,9496900,2026-02-21T03:45:39Z
COP,2006-01-27,25.15,25.36,25.02,25.09,25721601,65.08,65.61,64.74,64.93,9940600,2026-02-21T03:45:39Z
COP,2006-01-30,25.22,25.49,25.01,25.31,28020620,65.25,65.96,64.7,65.5,10829100,2026-02-21T03:45:39Z
COP,2006-01-31,25,25.19,24.83,25.12,22160161,64.7,65.19,64.25,64.99,8564200,2026-02-21T03:45:39Z
COP,2006-02-01,24.9,25.48,24.77,25.01,33886852,64.42,65.92,64.1,64.7,13096200,2026-02-21T03:45:39Z
COP,2006-02-02,24.85,25.27,24.39,24.89,31823279,64.31,65.38,63.1,64.4,12298700,2026-02-21T03:45:39Z
COP,2006-02-03,24.15,24.73,24.1,24.73,34478848,62.5,64,62.37,64,13325000,2026-02-21T03:45:39Z
COP,2006-02-06,24.25,24.67,24.12,24.36,24613095,62.76,63.82,62.41,63.02,9512200,2026-02-21T03:45:39Z
COP,2006-02-07,23.23,24.06,23.22,24.02,35950596,60.1,62.25,60.08,62.15,13893800,2026-02-21T03:45:39Z
COP,2006-02-08,23.27,23.34,22.57,23.29,32949131,60.2,60.39,58.39,60.25,12733800,2026-02-21T03:45:39Z
COP,2006-02-09,22.92,23.85,22.71,23.54,31504483,59.3,61.7,58.77,60.9,12175500,2026-02-21T03:45:39Z
COP,2006-02-10,22.94,23.15,22.51,23,36448256,59.35,59.9,58.25,59.5,14086100,2026-02-21T03:45:39Z
COP,2006-02-13,22.98,23.36,22.78,23,25808776,59.45,60.44,58.94,59.5,9974300,2026-02-21T03:45:39Z
COP,2006-02-14,22.88,22.97,22.42,22.57,30611773,59.19,59.43,58.01,58.4,11830500,2026-02-21T03:45:39Z
COP,2006-02-15,22.67,23.23,22.56,23,32489074,58.67,60.1,58.37,59.5,12556000,2026-02-21T03:45:39Z
COP,2006-02-16,23.29,23.29,22.83,22.94,27469640,59.9,59.9,58.7,59,10681700,2026-02-21T03:45:39Z
COP,2006-02-17,23.76,23.85,23.41,23.49,29281293,61.09,61.33,60.19,60.4,11386200,2026-02-21T03:45:39Z
COP,2006-02-21,24.43,24.75,24.11,24.23,42297444,62.83,63.64,62.01,62.3,16447600,2026-02-21T03:45:39Z
COP,2006-02-22,24.07,24.28,23.9,24.12,32857526,61.9,62.44,61.45,62.03,12776800,2026-02-21T03:45:39Z
COP,2006-02-23,23.89,24.22,23.76,23.86,25628780,61.44,62.28,61.1,61.35,9965900,2026-02-21T03:45:39Z
COP,2006-02-24,24.39,24.64,24.2,24.28,26415473,62.73,63.36,62.22,62.45,10271800,2026-02-21T03:45:39Z
COP,2006-02-27,24.07,24.28,23.9,24.27,18570960,61.89,62.45,61.45,62.42,7221400,2026-02-21T03:45:39Z
COP,2006-02-28,23.7,23.97,23.44,23.88,32356282,60.96,61.65,60.27,61.4,12581900,2026-02-21T03:45:39Z
COP,2006-03-01,24.02,24.05,23.65,23.88,19885283,61.77,61.85,60.81,61.4,7732500,2026-02-21T03:45:39Z
COP,2006-03-02,24.41,24.5,24,24.11,25539099,62.78,63,61.71,62,9931000,2026-02-21T03:45:39Z
COP,2006-03-03,24.3,24.59,24.11,24.33,17717114,62.48,63.24,62,62.58,6889400,2026-02-21T03:45:39Z
COP,2006-03-06,23.56,24.25,23.54,24.15,18363684,60.58,62.35,60.54,62.1,7140800,2026-02-21T03:45:39Z
COP,2006-03-07,23.13,23.51,22.94,23.49,23669229,59.48,60.45,59,60.4,9203900,2026-02-21T03:45:39Z
COP,2006-03-08,23.16,23.33,22.76,22.9,22388822,59.55,60,58.54,58.9,8706000,2026-02-21T03:45:39Z
COP,2006-03-09,23,23.35,22.91,23.3,18841971,59.14,60.05,58.91,59.91,7326800,2026-02-21T03:45:39Z
COP,2006-03-10,22.97,23.3,22.75,22.98,23454980,59.07,59.92,58.5,59.09,9120600,2026-02-21T03:45:39Z
COP,2006-03-13,23.39,23.4,23.06,23.09,20213203,60.16,60.17,59.29,59.37,7860000,2026-02-21T03:45:39Z
COP,2006-03-14,23.65,23.68,23.26,23.45,22595104,60.83,60.9,59.82,60.3,8786200,2026-02-21T03:45:39Z
COP,2006-03-15,23.98,24,23.5,23.61,27172070,61.67,61.71,60.42,60.71,10566000,2026-02-21T03:45:39Z
COP,2006-03-16,24.24,24.3,23.72,24.01,21760058,62.34,62.49,61,61.75,8461500,2026-02-21T03:45:39Z
COP,2006-03-17,23.86,24.42,23.78,24.42,20509480,61.36,62.8,61.15,62.8,7975200,2026-02-21T03:45:39Z
COP,2006-03-20,23.44,23.92,23.39,23.72,15860645,60.29,61.5,60.16,60.99,6167500,2026-02-21T03:45:39Z
COP,2006-03-21,23.13,23.6,23.11,23.37,22449741,59.49,60.69,59.42,60.09,8729700,2026-02-21T03:45:39Z
COP,2006-03-22,23.52,23.9,23.03,23.03,20150658,60.48,61.45,59.22,59.22,7835700,2026-02-21T03:45:39Z
COP,2006-03-23,23.77,24.07,23.7,23.82,17228799,61.12,61.91,60.94,61.25,6699500,2026-02-21T03:45:39Z
COP,2006-03-24,24.02,24.31,23.84,23.89,20802857,61.76,62.52,61.31,61.44,8089300,2026-02-21T03:45:39Z
COP,2006-03-27,24.54,24.66,23.78,23.97,29617271,63.1,63.42,61.15,61.63,11516800,2026-02-21T03:45:39Z
COP,2006-03-28,24.79,25.27,24.68,24.68,27019590,63.75,64.98,63.47,63.47,10506700,2026-02-21T03:45:39Z
COP,2006-03-29,25.2,25.29,24.88,24.97,20296257,64.8,65.04,63.99,64.2,7892300,2026-02-21T03:45:39Z
COP,2006-03-30,25.07,25.49,25.02,25.18,22239625,64.48,65.55,64.35,64.75,8648000,2026-02-21T03:45:39Z
COP,2006-03-31,24.56,24.91,24.44,24.91,28136186,63.15,64.07,62.84,64.06,10940900,2026-02-21T03:45:39Z
COP,2006-04-03,25.05,25.42,24.78,24.87,29116824,64.41,65.37,63.73,63.95,11322200,2026-02-21T03:45:39Z
COP,2006-04-04,25.33,25.43,24.94,24.94,24972292,65.15,65.4,64.13,64.13,9710600,2026-02-21T03:45:39Z
COP,2006-04-05,25.88,25.96,25.19,25.45,32119415,66.56,66.75,64.78,65.45,12489800,2026-02-21T03:45:39Z
COP,2006-04-06,26.15,26.48,25.98,26.05,29097476,67.25,68.1,66.82,67,11314700,2026-02-21T03:45:39Z
COP,2006-04-07,25.65,26.12,25.47,25.9,20852999,65.96,67.16,65.51,66.6,8108800,2026-02-21T03:45:39Z
COP,2006-04-10,25.94,26.29,25.76,25.83,22618482,66.7,67.62,66.25,66.43,8795300,2026-02-21T03:45:39Z
COP,2006-04-11,26.19,26.52,26.08,26.35,27416877,67.36,68.19,67.07,67.75,10661200,2026-02-21T03:45:39Z
COP,2006-04-12,26.18,26.48,26.06,26.1,18194961,67.33,68.09,67.01,67.11,7075200,2026-02-21T03:45:39Z
COP,2006-04-13,26.11,26.31,25.88,26.05,13030575,67.14,67.66,66.55,67,5067000,2026-02-21T03:45:39Z
COP,2006-04-17,26.57,26.72,26.27,26.51,19018888,68.33,68.72,67.56,68.18,7395600,2026-02-21T03:45:39Z
COP,2006-04-18,27.47,27.54,26.82,26.89,29368550,70.64,70.81,68.98,69.15,11420100,2026-02-21T03:45:39Z
COP,2006-04-19,27.52,27.61,27.03,27.03,25245874,70.78,71.01,69.5,69.5,9817000,2026-02-21T03:45:39Z
COP,2006-04-20,27.17,27.57,26.83,27.32,28635878,69.86,70.9,69,70.25,11135200,2026-02-21T03:45:39Z
COP,2006-04-21,28.19,28.19,27.26,27.26,29498386,72.5,72.5,70.1,70.1,11470600,2026-02-21T03:45:39Z
COP,2006-04-24,27.16,28.11,27.16,28.04,28656217,69.84,72.29,69.84,72.1,11143100,2026-02-21T03:45:39Z
COP,2006-04-25,26.54,27.71,26.49,27.45,36107226,68.25,71.25,68.12,70.6,14040500,2026-02-21T03:45:39Z
COP,2006-04-26,26.11,26.86,26.06,26.25,31697692,67.15,69.08,67.01,67.5,12325800,2026-02-21T03:45:39Z
COP,2006-04-27,25.74,25.96,25.16,25.74,38535718,66.19,66.75,64.69,66.2,14984800,2026-02-21T03:45:39Z
COP,2006-04-28,26.01,26.53,25.91,25.96,28651296,66.9,68.22,66.63,66.77,11141200,2026-02-21T03:45:39Z
COP,2006-05-01,26.36,26.82,26.21,26.22,21395095,67.8,68.97,67.4,67.43,8319600,2026-02-21T03:45:39Z
COP,2006-05-02,26.9,26.99,26.45,26.58,20413771,69.18,69.4,68.02,68.35,7938000,2026-02-21T03:45:39Z
COP,2006-05-03,26.25,26.91,26.01,26.9,22262550,67.5,69.21,66.9,69.17,8656900,2026-02-21T03:45:39Z
COP,2006-05-04,25.88,26.25,25.35,26,27037329,66.55,67.5,65.19,66.85,10513600,2026-02-21T03:45:39Z
COP,2006-05-05,26,26.33,25.89,26.15,21786234,66.85,67.72,66.58,67.25,8471700,2026-02-21T03:45:39Z
COP,2006-05-08,26.04,26.1,25.48,25.61,23633507,66.97,67.13,65.52,65.87,9190000,2026-02-21T03:45:39Z
COP,2006-05-09,26.12,26.42,25.98,26.09,19250870,67.17,67.94,66.8,67.09,7485800,2026-02-21T03:45:39Z
COP,2006-05-10,26.33,26.42,25.89,25.99,18325833,67.71,67.95,66.57,66.84,7126100,2026-02-21T03:45:39Z
COP,2006-05-11,26.01,26.65,25.94,26.55,21963476,66.88,68.53,66.71,68.28,8540600,2026-02-21T03:45:39Z
COP,2006-05-12,25.35,25.94,25.29,25.86,24958360,65.19,66.7,65.04,66.5,9705200,2026-02-21T03:45:39Z
COP,2006-05-15,24.7,25.1,24.36,25,34333834,63.52,64.54,62.65,64.3,13350900,2026-02-21T03:45:39Z
COP,2006-05-16,25.14,25.55,24.79,24.89,29824467,64.64,65.71,63.75,64,11597400,2026-02-21T03:45:39Z
COP,2006-05-17,24.7,25.44,24.45,25.14,32614961,63.51,65.43,62.87,64.65,12682500,2026-02-21T03:45:39Z
COP,2006-05-18,24.42,24.89,24.41,24.83,24903121,62.44,63.65,62.42,63.5,9738900,2026-02-21T03:45:39Z
COP,2006-05-19,24.53,24.84,23.91,24.42,30562703,62.72,63.52,61.15,62.44,11952200,2026-02-21T03:45:39Z
COP,2006-05-22,24.47,24.73,23.86,24.26,29845882,62.57,63.24,61.02,62.03,11671900,2026-02-21T03:45:39Z
COP,2006-05-23,24.52,25.41,24.38,24.87,28653565,62.7,64.97,62.33,63.6,11205600,2026-02-21T03:45:39Z
COP,2006-05-24,23.91,24.38,23.67,24.29,39040977,61.15,62.34,60.52,62.1,15267800,2026-02-21T03:45:39Z
COP,2006-05-25,24.54,24.8,24.02,24.17,34427515,62.75,63.41,61.42,61.81,13463600,2026-02-21T03:45:39Z
COP,2006-05-26,24.82,24.92,24.36,24.64,19538623,63.46,63.71,62.28,63,7641000,2026-02-21T03:45:39Z
COP,2006-05-30,24.24,25.12,24.23,25.05,22099805,61.98,64.24,61.95,64.05,8642600,2026-02-21T03:45:39Z
COP,2006-05-31,24.75,24.77,24.15,24.29,23253816,63.29,63.33,61.76,62.1,9093900,2026-02-21T03:45:39Z
COP,2006-06-01,24.91,25.03,24.39,24.48,22630091,63.7,64,62.37,62.6,8850000,2026-02-21T03:45:39Z
COP,2006-06-02,25.23,25.38,24.82,25.13,18073436,64.51,64.9,63.46,64.25,7068000,2026-02-21T03:45:39Z
COP,2006-06-05,24.46,25.57,24.46,25.52,28724684,62.54,65.38,62.54,65.25,11233400,2026-02-21T03:45:39Z
COP,2006-06-06,24.21,24.6,24.06,24.44,33097308,61.9,62.9,61.52,62.49,12943400,2026-02-21T03:45:39Z
COP,2006-06-07,23.67,24.26,23.65,24.2,33122772,60.52,62.04,60.48,61.88,12953400,2026-02-21T03:45:39Z
COP,2006-06-08,23.89,23.92,22.98,23.46,49167904,61.09,61.16,58.76,59.98,19228200,2026-02-21T03:45:39Z
COP,2006-06-09,23.69,24.2,23.57,23.99,24903376,60.57,61.88,60.27,61.35,9739000,2026-02-21T03:45:39Z
COP,2006-06-12,23.32,23.97,23.28,23.75,23299573,59.63,61.3,59.53,60.73,9111800,2026-02-21T03:45:39Z
COP,2006-06-13,22.65,23.43,22.55,23.2,40290755,57.91,59.9,57.66,59.33,15756600,2026-02-21T03:45:39Z
COP,2006-06-14,23.25,23.26,22.62,22.64,28748213,59.46,59.48,57.85,57.9,11242600,2026-02-21T03:45:39Z
COP,2006-06-15,24.15,24.25,23.39,23.44,32032970,61.75,62,59.81,59.93,12527200,2026-02-21T03:45:39Z
COP,2006-06-16,23.92,24.15,23.54,23.9,28505463,61.17,61.75,60.2,61.12,11147700,2026-02-21T03:45:39Z
COP,2006-06-19,23.15,23.92,23.09,23.92,25256032,59.2,61.17,59.03,61.16,9876900,2026-02-21T03:45:39Z
COP,2006-06-20,23,23.45,22.93,23.39,26297241,58.8,59.95,58.62,59.8,10284100,2026-02-21T03:45:39Z
COP,2006-06-21,23.41,23.7,23,23.11,27515464,59.85,60.6,58.8,59.1,10760500,2026-02-21T03:45:39Z
COP,2006-06-22,23.76,23.83,23.29,23.54,22093151,60.76,60.93,59.56,60.2,8640000,2026-02-21T03:45:39Z
COP,2006-06-23,23.96,24.34,23.86,23.86,19344495,61.26,62.23,61,61,7565100,2026-02-21T03:45:39Z
COP,2006-06-26,24.29,24.37,23.72,23.88,16858512,62.1,62.31,60.64,61.05,6592900,2026-02-21T03:45:39Z
COP,2006-06-27,24.54,25.06,24.34,24.34,28208950,62.75,64.09,62.23,62.23,11031700,2026-02-21T03:45:39Z
COP,2006-06-28,25.08,25.17,24.62,24.76,21520896,64.14,64.36,62.96,63.3,8416200,2026-02-21T03:45:39Z
COP,2006-06-29,25.8,25.81,25.2,25.22,24235965,65.97,66,64.44,64.5,9478000,2026-02-21T03:45:39Z
COP,2006-06-30,25.63,26.06,25.51,25.85,16910216,65.53,66.64,65.23,66.11,6613100,2026-02-21T03:45:39Z
COP,2006-07-03,26.13,26.21,25.81,25.92,9061002,66.82,67.02,65.99,66.28,3543500,2026-02-21T03:45:39Z
COP,2006-07-05,26.42,26.56,25.78,25.97,30628926,67.57,67.92,65.92,66.41,11978100,2026-02-21T03:45:39Z
COP,2006-07-06,26.42,26.78,26.37,26.44,25831851,67.57,68.48,67.42,67.6,10102100,2026-02-21T03:45:39Z
COP,2006-07-07,26.28,26.97,26.21,26.59,23993561,67.19,68.97,67.02,68,9383200,2026-02-21T03:45:39Z
COP,2006-07-10,26.33,26.65,26.05,26.27,16846250,67.34,68.14,66.6,67.18,6588100,2026-02-21T03:45:39Z
COP,2006-07-11,26.56,26.66,26.27,26.52,15787373,67.91,68.18,67.18,67.8,6174000,2026-02-21T03:45:39Z
COP,2006-07-12,26.57,26.98,26.53,26.69,24344915,67.95,69,67.84,68.25,9520600,2026-02-21T03:45:39Z
COP,2006-07-13,26.23,26.84,26.15,26.73,22679206,67.08,68.63,66.86,68.35,8869200,2026-02-21T03:45:39Z
COP,2006-07-14,26.38,26.55,25.91,26.48,21244431,67.45,67.89,66.26,67.7,8308100,2026-02-21T03:45:39Z
COP,2006-07-17,25.48,26.28,25.24,26.05,28315800,65.15,67.21,64.55,66.6,11073500,2026-02-21T03:45:39Z
COP,2006-07-18,25.58,25.81,25.22,25.71,22126129,65.42,66,64.5,65.74,8652900,2026-02-21T03:45:39Z
COP,2006-07-19,25.77,25.88,25.34,25.57,28106371,65.89,66.18,64.79,65.38,10991600,2026-02-21T03:45:39Z
COP,2006-07-20,25.2,25.95,25.19,25.77,19226871,64.43,66.35,64.4,65.89,7519100,2026-02-21T03:45:39Z
COP,2006-07-21,24.88,25.44,24.81,25.44,22668470,63.63,65.05,63.45,65.04,8865000,2026-02-21T03:45:39Z
COP,2006-07-24,25.72,25.96,25,25.17,20615143,65.78,66.37,63.93,64.35,8062000,2026-02-21T03:45:39Z
COP,2006-07-25,26.38,26.43,25.83,25.99,21828979,67.45,67.59,66.05,66.45,8536700,2026-02-21T03:45:39Z
COP,2006-07-26,26.83,27.35,26.24,26.48,34156166,68.6,69.93,67.1,67.7,13357500,2026-02-21T03:45:39Z
COP,2006-07-27,26.74,27.46,26.64,27.3,23019837,68.01,69.85,67.75,69.45,9049900,2026-02-21T03:45:39Z
COP,2006-07-28,26.71,26.82,26.35,26.69,24002716,67.95,68.22,67.02,67.88,9436300,2026-02-21T03:45:39Z
COP,2006-07-31,26.98,27.27,26.61,26.82,15877489,68.64,69.36,67.68,68.21,6242000,2026-02-21T03:45:39Z
COP,2006-08-01,27,27.1,26.78,26.91,15589797,68.67,68.92,68.11,68.46,6128900,2026-02-21T03:45:39Z
COP,2006-08-02,27.14,27.81,27.09,27.17,26933760,69.03,70.75,68.91,69.11,10588600,2026-02-21T03:45:39Z
COP,2006-08-03,27.04,27.35,26.88,26.92,15349956,68.78,69.56,68.38,68.47,6034600,2026-02-21T03:45:39Z
COP,2006-08-04,26.94,27.39,26.7,27.32,14102793,68.52,69.68,67.92,69.5,5544300,2026-02-21T03:45:39Z
COP,2006-08-07,26.58,27.13,26.46,27.07,24791029,67.61,69,67.3,68.85,9746200,2026-02-21T03:45:39Z
COP,2006-08-08,26.59,26.96,26.42,26.44,18114402,67.63,68.57,67.2,67.25,7121400,2026-02-21T03:45:39Z
COP,2006-08-09,27.09,27.41,26.77,26.89,21823801,68.9,69.72,68.1,68.39,8579700,2026-02-21T03:45:39Z
COP,2006-08-10,26.77,27.09,26.58,26.93,17754201,68.1,68.91,67.61,68.5,6979800,2026-02-21T03:45:39Z
COP,2006-08-11,26.88,26.92,26.42,26.62,13850189,68.38,68.47,67.2,67.7,5445000,2026-02-21T03:45:39Z
COP,2006-08-14,26.27,26.77,26.07,26.75,15481946,66.82,68.08,66.32,68.05,6086500,2026-02-21T03:45:39Z
COP,2006-08-15,26.33,26.69,26.11,26.69,12955371,66.97,67.9,66.41,67.9,5093200,2026-02-21T03:45:39Z
COP,2006-08-16,26.22,26.63,26,26.41,15871904,66.7,67.74,66.13,67.18,6239800,2026-02-21T03:45:39Z
COP,2006-08-17,26.06,26.18,25.81,25.96,18396726,66.28,66.6,65.64,66.03,7232400,2026-02-21T03:45:39Z
COP,2006-08-18,26.1,26.24,25.88,26.09,17350504,66.4,66.74,65.83,66.37,6821100,2026-02-21T03:45:39Z
COP,2006-08-21,26.29,26.39,26.2,26.24,21422696,66.87,67.13,66.65,66.75,8422000,2026-02-21T03:45:39Z
COP,2006-08-22,26.38,26.41,26.21,26.22,16722008,67.09,67.17,66.66,66.7,6574000,2026-02-21T03:45:39Z
COP,2006-08-23,25.94,26.42,25.85,26.32,14001794,65.99,67.19,65.75,66.95,5504600,2026-02-21T03:45:39Z
COP,2006-08-24,25.91,26.03,25.77,25.81,15388095,65.9,66.2,65.55,65.64,6049600,2026-02-21T03:45:39Z
COP,2006-08-25,26.06,26.34,25.95,26.07,12101719,66.3,67.01,66,66.3,4757600,2026-02-21T03:45:39Z
COP,2006-08-28,25.83,26.05,25.78,25.85,12468729,65.7,66.27,65.57,65.75,4901900,2026-02-21T03:45:39Z
COP,2006-08-29,25.43,25.79,25.34,25.79,22241979,64.69,65.6,64.46,65.59,8744100,2026-02-21T03:45:39Z
COP,2006-08-30,24.96,25.49,24.59,25.46,30287781,63.5,64.84,62.55,64.76,11907200,2026-02-21T03:45:39Z
COP,2006-08-31,24.94,25.06,24.73,24.95,18261703,63.43,63.75,62.91,63.46,7179300,2026-02-21T03:45:39Z
COP,2006-09-01,25.26,25.26,24.94,25.16,13423119,64.24,64.25,63.45,64,5277100,2026-02-21T03:45:39Z
COP,2006-09-05,25.27,25.37,25.01,25.18,15987139,64.28,64.54,63.62,64.05,6285100,2026-02-21T03:45:39Z
COP,2006-09-06,24.28,25.05,24.23,25.04,33866302,61.77,63.71,61.63,63.7,13314000,2026-02-21T03:45:39Z
COP,2006-09-07,24.19,24.43,23.91,24.2,28876557,61.52,62.15,60.82,61.55,11352400,2026-02-21T03:45:39Z
COP,2006-09-08,23.72,24.37,23.65,24.13,28599804,60.34,61.98,60.15,61.38,11243600,2026-02-21T03:45:39Z
COP,2006-09-11,23.12,23.52,22.9,23.49,45101375,58.8,59.82,58.26,59.75,17730900,2026-02-21T03:45:39Z
COP,2006-09-12,22.86,23.36,22.78,23.18,35096041,58.14,59.42,57.94,58.95,13797500,2026-02-21T03:45:39Z
COP,2006-09-13,23.26,23.45,22.86,22.94,32258086,59.16,59.65,58.14,58.36,12681800,2026-02-21T03:45:39Z
COP,2006-09-14,22.97,23.57,22.8,23.39,36437877,58.44,59.96,58,59.5,14325000,2026-02-21T03:45:39Z
COP,2006-09-15,22.84,23.13,22.81,23,34623029,58.1,58.84,58.03,58.5,13611500,2026-02-21T03:45:39Z
COP,2006-09-18,23.22,23.49,22.93,23.02,25863110,59.07,59.74,58.32,58.55,10167700,2026-02-21T03:45:39Z
COP,2006-09-19,22.92,23.53,22.79,23.44,31248256,58.3,59.84,57.98,59.62,12284800,2026-02-21T03:45:39Z
COP,2006-09-20,22.51,22.92,22.42,22.91,37997340,57.25,58.31,57.03,58.27,14938100,2026-02-21T03:45:39Z
COP,2006-09-21,22.88,23.11,22.61,22.61,31222340,58.21,58.77,57.5,57.5,12274600,2026-02-21T03:45:39Z
COP,2006-09-22,22.82,23.13,22.49,23.1,21776290,58.04,58.83,57.21,58.75,8561000,2026-02-21T03:45:39Z
COP,2006-09-25,22.53,22.8,22.23,22.55,41833152,57.31,58,56.55,57.35,16446100,2026-02-21T03:45:39Z
COP,2006-09-26,22.98,22.99,22.47,22.61,34039511,58.45,58.47,57.15,57.5,13382100,2026-02-21T03:45:39Z
COP,2006-09-27,23.23,23.41,22.84,23.2,39364302,59.1,59.55,58.09,59,15475500,2026-02-21T03:45:39Z
COP,2006-09-28,23.17,23.48,23.02,23.33,31027825,58.93,59.73,58.56,59.35,12198100,2026-02-21T03:45:39Z
COP,2006-09-29,23.4,23.49,23.02,23.2,21859946,59.53,59.75,58.55,59,8593900,2026-02-21T03:45:39Z
COP,2006-10-02,23.02,23.67,23.01,23.48,24345385,58.55,60.2,58.54,59.72,9571000,2026-02-21T03:45:39Z
COP,2006-10-03,22.03,22.7,21.89,22.7,44014255,56.03,57.75,55.67,57.75,17303500,2026-02-21T03:45:39Z
COP,2006-10-04,22.32,22.32,21.58,22.07,52563637,56.78,56.78,54.9,56.13,20664600,2026-02-21T03:45:39Z
COP,2006-10-05,22.75,22.96,22.54,22.58,41438537,57.88,58.4,57.33,57.43,16290900,2026-02-21T03:45:39Z
COP,2006-10-06,22.81,22.93,22.44,22.76,25734882,58.01,58.32,57.08,57.9,10117300,2026-02-21T03:45:39Z
COP,2006-10-09,22.59,23.12,22.54,23.06,22331993,57.47,58.8,57.34,58.65,8779500,2026-02-21T03:45:39Z
COP,2006-10-10,22.87,22.98,22.51,22.56,27239240,58.18,58.44,57.25,57.39,10708700,2026-02-21T03:45:39Z
COP,2006-10-11,22.66,22.94,22.53,22.72,23773226,57.63,58.34,57.3,57.8,9346100,2026-02-21T03:45:39Z
COP,2006-10-12,23.12,23.22,22.7,22.74,35244333,58.81,59.07,57.74,57.83,13855800,2026-02-21T03:45:39Z
COP,2006-10-13,23.6,23.85,23.26,23.26,29183603,60.03,60.66,59.16,59.16,11473100,2026-02-21T03:45:39Z
COP,2006-10-16,24.02,24.04,23.46,23.51,24306934,61.09,61.15,59.67,59.81,9555900,2026-02-21T03:45:39Z
COP,2006-10-17,23.9,24.14,23.66,24.14,23623954,60.8,61.4,60.17,61.4,9287400,2026-02-21T03:45:39Z
COP,2006-10-18,23.72,24.15,23.58,23.92,25456941,60.33,61.44,59.99,60.85,10008000,2026-02-21T03:45:39Z
COP,2006-10-19,24.03,24.13,23.64,23.79,21454246,61.13,61.39,60.13,60.51,8434400,2026-02-21T03:45:39Z
COP,2006-10-20,23.93,24.25,23.75,24.18,24384241,60.86,61.67,60.42,61.5,9586300,2026-02-21T03:45:39Z
COP,2006-10-23,23.87,23.91,23.53,23.68,23068436,60.71,60.82,59.85,60.22,9069000,2026-02-21T03:45:39Z
COP,2006-10-24,24.14,24.25,23.65,23.67,28658589,61.4,61.68,60.15,60.2,11266700,2026-02-21T03:45:39Z
COP,2006-10-25,24.67,24.85,24.04,24.04,34756283,62.75,63.2,61.15,61.15,13663900,2026-02-21T03:45:39Z
COP,2006-10-26,24.45,24.88,24.27,24.87,24069337,62.2,63.29,61.74,63.26,9462500,2026-02-21T03:45:39Z
COP,2006-10-27,24.2,24.59,24.18,24.52,20339428,61.19,62.18,61.15,62,8042700,2026-02-21T03:45:39Z
COP,2006-10-30,23.65,23.96,23.49,23.95,32684740,59.8,60.59,59.41,60.56,12924300,2026-02-21T03:45:39Z
COP,2006-10-31,23.82,23.86,23.26,23.62,41177389,60.24,60.35,58.83,59.73,16282500,2026-02-21T03:45:39Z
COP,2006-11-01,23.61,24.02,23.36,23.84,31717366,59.7,60.74,59.08,60.3,12541800,2026-02-21T03:45:39Z
COP,2006-11-02,23.61,23.76,23.34,23.53,23029977,59.7,60.09,59.03,59.5,9106600,2026-02-21T03:45:39Z
COP,2006-11-03,24.11,24.3,23.78,23.78,26469056,60.97,61.44,60.13,60.14,10466500,2026-02-21T03:45:39Z
COP,2006-11-06,24.14,24.42,24.05,24.16,29368514,61.05,61.76,60.83,61.1,11613000,2026-02-21T03:45:39Z
COP,2006-11-07,24.12,24.31,23.94,24.31,22648862,60.99,61.48,60.54,61.48,8955900,2026-02-21T03:45:39Z
COP,2006-11-08,24.66,24.8,24.03,24.08,38516369,62.37,62.72,60.76,60.9,15230300,2026-02-21T03:45:39Z
COP,2006-11-09,25.03,25.4,24.81,24.91,35800548,63.31,64.24,62.74,63,14156400,2026-02-21T03:45:39Z
COP,2006-11-10,24.95,25.09,24.74,24.99,15604262,63.09,63.44,62.57,63.19,6170300,2026-02-21T03:45:39Z
COP,2006-11-13,24.94,25.22,24.56,24.6,24783262,63.07,63.77,62.1,62.2,9799900,2026-02-21T03:45:39Z
COP,2006-11-14,25.09,25.24,24.94,25.15,20677557,63.46,63.84,63.07,63.6,8176400,2026-02-21T03:45:39Z
COP,2006-11-15,25.3,25.47,24.98,25.09,21699263,63.98,64.42,63.18,63.46,8580400,2026-02-21T03:45:39Z
COP,2006-11-16,24.62,25.53,24.6,25.51,30817619,62.27,64.55,62.22,64.5,12186000,2026-02-21T03:45:39Z
COP,2006-11-17,24.79,24.89,24.34,24.36,27311931,62.7,62.94,61.56,61.6,10799800,2026-02-21T03:45:39Z
COP,2006-11-20,24.84,25.14,24.52,24.58,23348386,62.82,63.58,62,62.15,9232500,2026-02-21T03:45:39Z
COP,2006-11-21,25.43,25.53,24.98,25.03,31882071,64.32,64.56,63.16,63.3,12606900,2026-02-21T03:45:39Z
COP,2006-11-22,25.5,25.7,25.15,25.58,25973633,64.49,65,63.6,64.69,10270600,2026-02-21T03:45:39Z
COP,2006-11-24,25.42,25.71,25.41,25.46,6535011,64.29,65.02,64.25,64.38,2584100,2026-02-21T03:45:39Z
COP,2006-11-27,25.38,25.7,25.37,25.5,18661031,64.19,64.99,64.15,64.48,7379000,2026-02-21T03:45:39Z
COP,2006-11-28,25.67,25.93,25.45,25.49,24604543,64.91,65.58,64.36,64.45,9729200,2026-02-21T03:45:39Z
COP,2006-11-29,26.28,26.54,25.79,25.81,32605790,66.45,67.11,65.22,65.27,12893100,2026-02-21T03:45:39Z
COP,2006-11-30,26.61,26.75,26.22,26.37,33436556,67.3,67.66,66.32,66.68,13221600,2026-02-21T03:45:39Z
COP,2006-12-01,26.64,26.68,26.12,26.45,24512434,67.37,67.48,66.05,66.9,9692800,2026-02-21T03:45:39Z
COP,2006-12-04,26.6,26.67,26.31,26.64,22055326,67.26,67.44,66.54,67.37,8721200,2026-02-21T03:45:39Z
COP,2006-12-05,26.92,27.14,26.52,26.92,34073831,68.09,68.63,67.06,68.08,13473600,2026-02-21T03:45:39Z
COP,2006-12-06,27.24,27.63,26.87,26.89,44446820,68.89,69.88,67.96,68,17575300,2026-02-21T03:45:39Z
COP,2006-12-07,27.56,27.78,27.12,27.36,39440192,69.69,70.25,68.59,69.2,15595600,2026-02-21T03:45:39Z
COP,2006-12-08,28.09,28.23,27.73,27.8,37830053,71.04,71.38,70.13,70.3,14958900,2026-02-21T03:45:39Z
COP,2006-12-11,27.98,28.08,27.74,27.94,22685307,70.75,71,70.14,70.65,8970300,2026-02-21T03:45:39Z
COP,2006-12-12,27.92,28.1,27.73,28.04,26279669,70.6,71.07,70.12,70.9,10391600,2026-02-21T03:45:39Z
COP,2006-12-13,28.08,28.32,27.9,28.02,23388569,71,71.62,70.56,70.85,9248400,2026-02-21T03:45:39Z
COP,2006-12-14,28.89,29.2,28.21,28.43,39900504,73.07,73.84,71.33,71.9,15777600,2026-02-21T03:45:39Z
COP,2006-12-15,28.78,29.07,28.63,29.04,33893750,72.77,73.52,72.41,73.44,13402400,2026-02-21T03:45:39Z
COP,2006-12-18,28.67,29.61,28.55,29.46,49684965,72.5,74.89,72.19,74.49,19646600,2026-02-21T03:45:39Z
COP,2006-12-19,28.88,28.96,27.99,28.47,36208240,73.03,73.24,70.79,72,14317600,2026-02-21T03:45:39Z
COP,2006-12-20,28.67,29.13,28.66,29.13,24572897,72.5,73.67,72.49,73.67,9716700,2026-02-21T03:45:39Z
COP,2006-12-21,28.5,28.8,28.25,28.7,24089087,72.07,72.83,71.44,72.58,9525400,2026-02-21T03:45:39Z
COP,2006-12-22,28.09,28.58,28.1,28.47,15214847,71.05,72.28,71.05,72,6016300,2026-02-21T03:45:39Z
COP,2006-12-26,28.35,28.49,28.05,28.25,14706515,71.69,72.04,70.94,71.45,5815300,2026-02-21T03:45:39Z
COP,2006-12-27,28.53,28.71,28.12,28.3,15738596,72.14,72.6,71.12,71.58,6223400,2026-02-21T03:45:39Z
COP,2006-12-28,28.74,28.92,28.51,28.58,18181536,72.67,73.14,72.1,72.27,7189400,2026-02-21T03:45:39Z
COP,2006-12-29,28.45,28.76,28.34,28.63,17883117,71.95,72.74,71.68,72.4,7071400,2026-02-21T03:45:39Z
COP,2007-01-03,26.96,28.27,26.85,28.19,53393701,68.19,71.5,67.9,71.3,21113100,2026-02-21T03:45:39Z
COP,2007-01-04,26.13,26.68,25.75,26.53,68988140,66.07,67.48,65.13,67.1,27279500,2026-02-21T03:45:39Z
COP,2007-01-05,26.66,26.75,26.13,26.38,40942614,67.42,67.65,66.07,66.7,16189700,2026-02-21T03:45:39Z
COP,2007-01-08,27.01,27.11,26.52,26.93,42429738,68.3,68.57,67.07,68.1,16777700,2026-02-21T03:45:39Z
COP,2007-01-09,26.3,26.75,26.26,26.49,50760796,66.51,67.65,66.41,67,20072000,2026-02-21T03:45:39Z
COP,2007-01-10,25.52,26.57,25.46,26.1,59518671,64.53,67.2,64.39,66,23535100,2026-02-21T03:45:39Z
COP,2007-01-11,24.45,25.48,24.35,25.11,83404178,61.82,64.44,61.59,63.5,32980000,2026-02-21T03:45:39Z
COP,2007-01-12,25.24,25.3,24.63,24.71,48503153,63.83,63.99,62.29,62.48,19179300,2026-02-21T03:45:39Z
COP,2007-01-16,24.84,25.41,24.71,25.26,42790915,62.81,64.27,62.5,63.88,16920500,2026-02-21T03:45:39Z
COP,2007-01-17,25.13,25.34,24.8,24.8,45541741,63.55,64.07,62.71,62.71,18008300,2026-02-21T03:45:39Z
COP,2007-01-18,24.76,25.47,24.68,25.33,40386519,62.61,64.4,62.42,64.05,15969800,2026-02-21T03:45:39Z
COP,2007-01-19,25.29,25.4,24.9,24.91,35385655,63.95,64.23,62.96,63,13992300,2026-02-21T03:45:39Z
COP,2007-01-22,25.06,25.53,24.96,25.47,33953528,63.38,64.57,63.13,64.4,13426000,2026-02-21T03:45:39Z
COP,2007-01-23,25.69,25.83,25.18,25.25,40019316,64.97,65.31,63.67,63.86,15824600,2026-02-21T03:45:39Z
COP,2007-01-24,25.95,26.03,25.49,25.7,31916905,65.62,65.82,64.45,65,12620700,2026-02-21T03:45:39Z
COP,2007-01-25,25.33,25.96,25.28,25.95,23905537,64.06,65.66,63.92,65.62,9452800,2026-02-21T03:45:39Z
COP,2007-01-26,25.61,25.75,25.34,25.49,21391986,64.77,65.11,64.09,64.46,8458900,2026-02-21T03:45:39Z
COP,2007-01-29,25.55,25.88,25.49,25.68,26285452,64.62,65.44,64.46,64.95,10393900,2026-02-21T03:45:39Z
COP,2007-01-30,25.96,26.03,25.6,25.68,28256093,65.65,65.83,64.75,64.93,11173100,2026-02-21T03:45:39Z
COP,2007-01-31,26.26,26.35,25.76,25.93,40457346,66.41,66.64,65.15,65.58,15997800,2026-02-21T03:45:39Z
COP,2007-02-01,26.62,26.66,26.23,26.38,35291220,67.31,67.42,66.34,66.7,13955000,2026-02-21T03:45:39Z
COP,2007-02-02,26.61,26.7,26.3,26.63,17587758,67.29,67.53,66.52,67.35,6954600,2026-02-21T03:45:39Z
COP,2007-02-05,26.51,26.8,26.45,26.65,16557179,67.04,67.77,66.88,67.4,6547100,2026-02-21T03:45:39Z
COP,2007-02-06,26.35,26.83,26.19,26.83,21082983,66.64,67.86,66.24,67.86,8336700,2026-02-21T03:45:39Z
COP,2007-02-07,26.19,26.47,26.01,26.43,25160111,66.23,66.94,65.77,66.84,9948900,2026-02-21T03:45:39Z
COP,2007-02-08,26.44,26.55,25.94,26.18,25155280,66.87,67.13,65.61,66.21,9947000,2026-02-21T03:45:39Z
COP,2007-02-09,26.49,26.62,26.31,26.49,23915388,66.99,67.33,66.53,67,9456700,2026-02-21T03:45:39Z
COP,2007-02-12,26.11,26.4,25.98,26.14,22956916,66.03,66.76,65.7,66.1,9077700,2026-02-21T03:45:39Z
COP,2007-02-13,26.6,26.63,26.16,26.18,24712275,67.27,67.35,66.15,66.2,9771800,2026-02-21T03:45:39Z
COP,2007-02-14,26.68,26.93,26.57,26.59,24106024,67.46,68.1,67.2,67.24,9532100,2026-02-21T03:45:39Z
COP,2007-02-15,26.32,26.69,26.17,26.69,26184292,66.16,67.09,65.77,67.08,10417200,2026-02-21T03:45:39Z
COP,2007-02-16,26.32,26.42,26.16,26.18,17749037,66.15,66.4,65.75,65.81,7061300,2026-02-21T03:45:39Z
COP,2007-02-20,26.09,26.12,25.87,26.1,18240211,65.58,65.65,65.02,65.61,7256700,2026-02-21T03:45:39Z
COP,2007-02-21,26.37,26.4,25.73,26.06,27048478,66.29,66.36,64.67,65.51,10761000,2026-02-21T03:45:39Z
COP,2007-02-22,26.61,26.64,26.1,26.37,22617584,66.88,66.97,65.6,66.29,8998200,2026-02-21T03:45:39Z
COP,2007-02-23,26.73,26.95,26.7,26.76,22288062,67.2,67.74,67.1,67.27,8867100,2026-02-21T03:45:39Z
COP,2007-02-26,27.04,27.23,26.84,26.89,19805631,67.96,68.44,67.46,67.59,7879500,2026-02-21T03:45:39Z
COP,2007-02-27,25.88,26.87,25.47,26.62,42605393,65.05,67.53,64.01,66.9,16950200,2026-02-21T03:45:39Z
COP,2007-02-28,25.99,26.43,25.72,26.06,35353285,65.32,66.44,64.65,65.5,14065000,2026-02-21T03:45:39Z
COP,2007-03-01,26.24,26.39,25.37,25.82,36234594,65.95,66.34,63.77,64.91,14415600,2026-02-21T03:45:39Z
COP,2007-03-02,25.83,26.25,25.67,26.13,27161374,64.93,65.99,64.51,65.69,10805900,2026-02-21T03:45:39Z
COP,2007-03-05,25.66,26.13,25.39,25.51,31077702,64.49,65.69,63.83,64.11,12364000,2026-02-21T03:45:39Z
COP,2007-03-06,26.19,26.24,25.82,25.87,24143059,65.82,65.96,64.89,65.03,9605100,2026-02-21T03:45:39Z
COP,2007-03-07,26.72,27.35,26.14,26.19,41134775,67.16,68.75,65.71,65.82,16365100,2026-02-21T03:45:39Z
COP,2007-03-08,26.88,27.11,26.75,26.97,25296303,67.57,68.14,67.23,67.8,10063900,2026-02-21T03:45:39Z
COP,2007-03-09,26.97,27.17,26.83,27.12,30647193,67.8,68.3,67.43,68.16,12192700,2026-02-21T03:45:39Z
COP,2007-03-12,26.75,26.95,26.58,26.66,26916711,67.24,67.73,66.8,67,10708600,2026-02-21T03:45:39Z
COP,2007-03-13,26.49,27.23,26.48,26.69,32567702,66.59,68.44,66.56,67.09,12956800,2026-02-21T03:45:39Z
COP,2007-03-14,27.02,27.03,26.21,26.63,39273955,67.91,67.95,65.87,66.94,15624800,2026-02-21T03:45:39Z
COP,2007-03-15,26.46,26.93,26.44,26.85,32679115,66.52,67.69,66.46,67.5,13001100,2026-02-21T03:45:39Z
COP,2007-03-16,26,26.51,25.93,26.46,36365690,65.34,66.64,65.18,66.51,14467800,2026-02-21T03:45:39Z
COP,2007-03-19,26.12,26.32,25.9,26.12,37203755,65.65,66.16,65.11,65.66,14801200,2026-02-21T03:45:39Z
COP,2007-03-20,26.38,26.42,25.85,26.22,31349384,66.31,66.41,64.97,65.91,12472100,2026-02-21T03:45:39Z
COP,2007-03-21,26.72,26.87,26.36,26.45,28691085,67.17,67.55,66.25,66.48,11414500,2026-02-21T03:45:39Z
COP,2007-03-22,27.32,27.59,26.84,26.84,41455286,68.68,69.34,67.47,67.47,16492600,2026-02-21T03:45:39Z
COP,2007-03-23,27.55,27.79,27.33,27.53,27586890,69.25,69.84,68.7,69.2,10975200,2026-02-21T03:45:39Z
COP,2007-03-26,27.67,27.86,27.44,27.65,25867545,69.56,70.03,68.97,69.51,10291200,2026-02-21T03:45:39Z
COP,2007-03-27,27.64,27.74,27.45,27.57,21079518,69.48,69.73,69,69.31,8386300,2026-02-21T03:45:39Z
COP,2007-03-28,27.55,28.04,26.89,27.82,29410505,69.24,70.49,67.6,69.92,11700700,2026-02-21T03:45:39Z
COP,2007-03-29,27.52,27.79,27.4,27.77,27291266,69.17,69.85,68.86,69.79,10857600,2026-02-21T03:45:39Z
COP,2007-03-30,27.19,27.48,27.05,27.36,27165305,68.35,69.08,68,68.78,10807500,2026-02-21T03:45:39Z
COP,2007-04-02,27.13,27.36,26.97,27.26,25393792,68.19,68.77,67.8,68.51,10102700,2026-02-21T03:45:39Z
COP,2007-04-03,26.99,27.18,26.74,26.91,25811505,67.84,68.33,67.2,67.64,10268900,2026-02-21T03:45:39Z
COP,2007-04-04,26.95,27.03,26.51,26.85,28739817,67.74,67.94,66.63,67.48,11433900,2026-02-21T03:45:39Z
COP,2007-04-05,27.04,27.2,26.8,26.93,17400654,67.96,68.36,67.35,67.68,6922700,2026-02-21T03:45:39Z
COP,2007-04-09,27.22,27.52,26.35,26.66,24348152,68.42,69.16,66.24,67.02,9686700,2026-02-21T03:45:39Z
COP,2007-04-10,27.63,27.77,27.32,27.32,30461369,69.45,69.8,68.68,68.68,12118800,2026-02-21T03:45:39Z
COP,2007-04-11,27.54,27.83,27.46,27.75,27516704,69.23,69.96,69.02,69.75,10947300,2026-02-21T03:45:39Z
COP,2007-04-12,28.04,28.08,27.47,27.73,29892861,70.49,70.59,69.04,69.69,11892600,2026-02-21T03:45:39Z
COP,2007-04-13,28.06,28.16,27.78,28.05,24745820,70.54,70.77,69.83,70.51,9844900,2026-02-21T03:45:39Z
COP,2007-04-16,28.09,28.18,27.79,28.15,19864952,70.6,70.82,69.86,70.76,7903100,2026-02-21T03:45:39Z
COP,2007-04-17,28.02,28.31,27.86,28.13,23115970,70.43,71.17,70.03,70.71,9196500,2026-02-21T03:45:39Z
COP,2007-04-18,27.79,27.89,27.64,27.82,19955219,69.84,70.09,69.47,69.93,7939000,2026-02-21T03:45:39Z
COP,2007-04-19,27.56,27.7,27.39,27.56,16835072,69.28,69.63,68.84,69.26,6697700,2026-02-21T03:45:39Z
COP,2007-04-20,28.35,28.37,27.6,27.87,31097568,71.25,71.32,69.37,70.05,12371900,2026-02-21T03:45:39Z
COP,2007-04-23,28.09,28.51,28,28.23,33151404,70.6,71.66,70.39,70.95,13189000,2026-02-21T03:45:39Z
COP,2007-04-24,27.71,28.1,27.61,27.91,27578803,69.64,70.62,69.4,70.14,10972000,2026-02-21T03:45:39Z
COP,2007-04-25,28.18,28.34,27.47,27.8,35232416,70.82,71.23,69.04,69.88,14016900,2026-02-21T03:45:39Z
COP,2007-04-26,28.14,28.25,27.76,27.76,24821218,70.73,71,69.78,69.78,9874900,2026-02-21T03:45:39Z
COP,2007-04-27,27.86,28.09,27.64,28.01,22183473,70.04,70.61,69.48,70.4,8825500,2026-02-21T03:45:39Z
COP,2007-04-30,27.59,28.14,27.5,27.71,27337023,69.35,70.74,69.13,69.65,10875800,2026-02-21T03:45:39Z
COP,2007-05-01,27.53,27.81,27.34,27.57,24377595,69.19,69.9,68.73,69.31,9698400,2026-02-21T03:45:39Z
COP,2007-05-02,27.62,27.72,27.33,27.54,23522649,69.42,69.67,68.7,69.21,9358300,2026-02-21T03:45:39Z
COP,2007-05-03,27.84,27.95,27.44,27.52,35748443,69.99,70.26,68.98,69.17,14222200,2026-02-21T03:45:39Z
COP,2007-05-04,27.92,28.23,27.81,27.91,21278067,70.19,70.95,69.9,70.14,8465300,2026-02-21T03:45:39Z
COP,2007-05-07,27.98,27.99,27.63,27.83,18779822,70.34,70.35,69.45,69.95,7471400,2026-02-21T03:45:39Z
COP,2007-05-08,27.95,28.07,27.67,27.86,18564153,70.25,70.55,69.56,70.03,7385600,2026-02-21T03:45:39Z
COP,2007-05-09,27.89,28.02,27.56,27.87,29651222,70.11,70.43,69.28,70.06,11796500,2026-02-21T03:45:39Z
COP,2007-05-10,27.48,28.04,27.33,27.93,24800824,69.08,70.47,68.7,70.21,9866800,2026-02-21T03:45:39Z
COP,2007-05-11,27.92,28.07,27.61,27.61,27319922,70.19,70.55,69.4,69.4,10869000,2026-02-21T03:45:39Z
COP,2007-05-14,28.14,28.21,27.92,27.92,26846671,70.72,70.9,70.19,70.19,10680700,2026-02-21T03:45:39Z
COP,2007-05-15,28.14,28.47,28.02,28.02,24909712,70.72,71.55,70.42,70.42,9910100,2026-02-21T03:45:39Z
COP,2007-05-16,28.58,28.59,28.11,28.22,39975988,71.85,71.87,70.65,70.94,15904100,2026-02-21T03:45:39Z
COP,2007-05-17,29.31,29.45,28.41,28.62,39260553,73.25,73.59,71,71.52,15709100,2026-02-21T03:45:39Z
COP,2007-05-18,29.95,30.05,29.11,29.44,43859875,74.85,75.11,72.74,73.57,17549400,2026-02-21T03:45:39Z
COP,2007-05-21,30.35,30.73,30.11,30.21,44157673,75.86,76.8,75.25,75.49,17668600,2026-02-21T03:45:39Z
COP,2007-05-22,30.35,30.77,30.01,30.01,34515942,75.85,76.9,75,75,13810700,2026-02-21T03:45:39Z
COP,2007-05-23,30.69,31.12,30.51,30.51,36268902,76.71,77.77,76.25,76.26,14512100,2026-02-21T03:45:39Z
COP,2007-05-24,30.09,31.03,29.88,30.65,52900218,75.19,77.54,74.67,76.6,21166700,2026-02-21T03:45:39Z
COP,2007-05-25,30.58,30.63,30.17,30.31,29093210,76.42,76.55,75.41,75.75,11640900,2026-02-21T03:45:39Z
COP,2007-05-29,30.15,30.53,29.88,30.52,26396018,75.35,76.29,74.67,76.28,10561700,2026-02-21T03:45:39Z
COP,2007-05-30,30.93,31,29.97,30,32615877,77.3,77.48,74.91,74.97,13050400,2026-02-21T03:45:39Z
COP,2007-05-31,30.98,31.18,30.78,31.06,33941371,77.43,77.93,76.92,77.62,13580800,2026-02-21T03:45:39Z
COP,2007-06-01,31.55,31.69,31.16,31.34,28826044,78.86,79.2,77.87,78.33,11534000,2026-02-21T03:45:39Z
COP,2007-06-04,31.77,31.97,31.41,31.56,22128603,79.41,79.91,78.51,78.88,8854200,2026-02-21T03:45:39Z
COP,2007-06-05,31.73,31.87,31.47,31.65,19102286,79.29,79.66,78.65,79.09,7643300,2026-02-21T03:45:39Z
COP,2007-06-06,31.37,31.57,31.15,31.46,24667541,78.4,78.91,77.85,78.63,9870100,2026-02-21T03:45:39Z
COP,2007-06-07,30.91,31.58,30.85,31.34,25320133,77.26,78.93,77.1,78.33,10131200,2026-02-21T03:45:39Z
COP,2007-06-08,30.93,30.97,30.49,30.69,27495962,77.29,77.39,76.2,76.71,11001800,2026-02-21T03:45:39Z
COP,2007-06-11,31.16,31.43,30.83,31.01,19214764,77.87,78.55,77.04,77.5,7688300,2026-02-21T03:45:39Z
COP,2007-06-12,30.86,31.29,30.83,31.15,23891065,77.12,78.19,77.05,77.85,9559400,2026-02-21T03:45:39Z
COP,2007-06-13,31.11,31.29,30.93,30.93,33701238,77.75,78.19,77.3,77.31,13484700,2026-02-21T03:45:39Z
COP,2007-06-14,31.7,31.78,31.21,31.34,21061418,79.22,79.42,78,78.33,8427200,2026-02-21T03:45:39Z
COP,2007-06-15,32.22,32.31,31.85,32.01,29850735,80.52,80.76,79.61,79.99,11944000,2026-02-21T03:45:39Z
COP,2007-06-18,32.29,32.57,32.26,32.3,18866847,80.69,81.4,80.62,80.72,7549100,2026-02-21T03:45:39Z
COP,2007-06-19,32.1,32.21,31.92,32.13,21921418,80.23,80.5,79.78,80.29,8771300,2026-02-21T03:45:39Z
COP,2007-06-20,31.29,32.32,31.25,32.17,27624684,78.2,80.78,78.1,80.41,11053300,2026-02-21T03:45:39Z
COP,2007-06-21,31.88,31.96,31.41,31.58,26468530,79.67,79.88,78.5,78.92,10590700,2026-02-21T03:45:39Z
COP,2007-06-22,31.51,32.01,31.27,31.85,31038841,78.74,80,78.16,79.59,12419400,2026-02-21T03:45:39Z
COP,2007-06-25,31.23,31.82,31.13,31.31,32048040,78.04,79.53,77.81,78.25,12823200,2026-02-21T03:45:39Z
COP,2007-06-26,30.33,31.43,30.13,31.37,42947294,75.8,78.54,75.31,78.4,17184300,2026-02-21T03:45:39Z
COP,2007-06-27,30.91,31.01,29.83,29.92,38571770,77.26,77.5,74.54,74.77,15433500,2026-02-21T03:45:39Z
COP,2007-06-28,30.71,31.21,30.62,31.03,24968688,76.74,77.99,76.53,77.54,9990600,2026-02-21T03:45:39Z
COP,2007-06-29,31.41,31.42,30.98,31.2,27840312,78.5,78.53,77.43,77.98,11139600,2026-02-21T03:45:39Z
COP,2007-07-02,32.01,32.21,31.56,31.57,33921399,80.01,80.5,78.88,78.89,13572800,2026-02-21T03:45:39Z
COP,2007-07-03,32.26,32.43,31.85,31.88,13679009,80.62,81.06,79.61,79.68,5473300,2026-02-21T03:45:39Z
COP,2007-07-05,32.3,32.51,31.96,32.3,30572688,80.72,81.26,79.87,80.72,12232900,2026-02-21T03:45:39Z
COP,2007-07-06,32.43,32.7,32.37,32.49,19551658,81.04,81.72,80.9,81.2,7823100,2026-02-21T03:45:39Z
COP,2007-07-09,33.63,33.9,32.4,32.47,44829998,84.05,84.73,80.98,81.15,17937600,2026-02-21T03:45:39Z
COP,2007-07-10,33.66,34.76,33.35,33.55,56228949,84.12,86.87,83.35,83.85,22498600,2026-02-21T03:45:39Z
COP,2007-07-11,34.25,34.5,33.84,33.88,44490093,85.59,86.23,84.58,84.68,17801600,2026-02-21T03:45:39Z
COP,2007-07-12,35.47,35.47,34.25,34.55,44794729,88.64,88.65,85.59,86.35,17923500,2026-02-21T03:45:39Z
COP,2007-07-13,36.08,36.35,35.21,35.77,34807192,90.17,90.84,88,89.4,13927200,2026-02-21T03:45:39Z
COP,2007-07-16,34.86,36.06,34.28,35.85,64297643,87.13,90.12,85.68,89.6,25727100,2026-02-21T03:45:39Z
COP,2007-07-17,34.4,35.37,34.27,35.11,35924824,85.98,88.4,85.64,87.75,14374400,2026-02-21T03:45:39Z
COP,2007-07-18,34.97,35.03,34.2,34.2,34037137,87.4,87.55,85.46,85.48,13619100,2026-02-21T03:45:39Z
COP,2007-07-19,34.95,35.39,34.93,35.17,23536159,87.36,88.44,87.29,87.91,9417400,2026-02-21T03:45:39Z
COP,2007-07-20,34.53,34.88,34.26,34.85,29264592,86.3,87.18,85.63,87.1,11709500,2026-02-21T03:45:39Z
COP,2007-07-23,34.26,34.5,33.62,34.49,30321776,85.63,86.23,84.02,86.19,12132500,2026-02-21T03:45:39Z
COP,2007-07-24,32.94,34.06,32.75,34.05,39757569,82.33,85.13,81.84,85.09,15908000,2026-02-21T03:45:39Z
COP,2007-07-25,33.73,33.99,32.53,33.05,36258958,84.29,84.95,81.29,82.59,14508100,2026-02-21T03:45:39Z
COP,2007-07-26,32.73,33.6,31.69,33.21,47021342,81.81,83.98,79.2,83.01,18814400,2026-02-21T03:45:39Z
COP,2007-07-27,32.09,32.96,31.8,32.58,43491032,79.8,81.95,79.07,81.02,17489500,2026-02-21T03:45:39Z
COP,2007-07-30,32.73,32.88,31.98,32.37,30098447,81.39,81.75,79.52,80.5,12103800,2026-02-21T03:45:39Z
COP,2007-07-31,32.51,33.33,32.44,33.14,31109066,80.84,82.88,80.67,82.42,12510200,2026-02-21T03:45:39Z
COP,2007-08-01,32.47,33.21,31.51,32.23,41662361,80.75,82.58,78.36,80.14,16754100,2026-02-21T03:45:39Z
COP,2007-08-02,32.28,32.77,31.71,32.61,34420804,80.26,81.5,78.86,81.1,13842000,2026-02-21T03:45:39Z
COP,2007-08-03,31.2,32.72,31.17,32.18,36315510,77.59,81.37,77.5,80.02,14603900,2026-02-21T03:45:39Z
COP,2007-08-06,31.75,31.83,30.26,31.34,42201658,78.95,79.14,75.24,77.93,16971000,2026-02-21T03:45:39Z
COP,2007-08-07,32.16,32.55,31.05,31.32,39477492,79.98,80.94,77.2,77.89,15875500,2026-02-21T03:45:39Z
COP,2007-08-08,32.44,32.94,31.97,32.22,30123868,80.67,81.92,79.5,80.12,12114000,2026-02-21T03:45:39Z
COP,2007-08-09,31.46,32.33,31.46,31.67,31534304,78.23,80.39,78.22,78.76,12681200,2026-02-21T03:45:39Z
COP,2007-08-10,31.45,31.69,30.56,31.17,42036811,78.21,78.8,76,77.5,16904700,2026-02-21T03:45:39Z
COP,2007-08-13,31.85,32.32,31.58,31.78,27132083,79.2,80.37,78.52,79.02,10910900,2026-02-21T03:45:39Z
COP,2007-08-14,31.71,32.33,31.59,32.13,28524362,78.86,80.39,78.55,79.89,11470800,2026-02-21T03:45:39Z
COP,2007-08-15,31.12,32.22,30.99,31.75,35629125,77.38,80.11,77.06,78.96,14327900,2026-02-21T03:45:39Z
COP,2007-08-16,31.08,31.32,29.66,30.57,55251118,77.28,77.87,73.75,76.01,22218700,2026-02-21T03:45:39Z
COP,2007-08-17,31.82,32.17,31.4,31.73,37094589,79.13,80,78.07,78.9,14917200,2026-02-21T03:45:39Z
COP,2007-08-20,32.11,32.33,31.47,31.73,29328844,79.86,80.4,78.25,78.9,11794300,2026-02-21T03:45:39Z
COP,2007-08-21,31.46,32.04,31.28,31.79,28994906,78.24,79.68,77.79,79.05,11660000,2026-02-21T03:45:39Z
COP,2007-08-22,31.73,31.81,31.41,31.64,30552589,78.9,79.11,78.11,78.68,12286400,2026-02-21T03:45:39Z
COP,2007-08-23,31.93,32.12,31.45,32.07,22650830,79.4,79.86,78.21,79.75,9108800,2026-02-21T03:45:39Z
COP,2007-08-24,32.47,32.57,32,32.42,22711234,80.74,81,79.58,80.61,9133100,2026-02-21T03:45:39Z
COP,2007-08-27,32.57,32.78,32.18,32.19,27086089,80.98,81.52,80.02,80.04,10892400,2026-02-21T03:45:39Z
COP,2007-08-28,31.69,32.43,31.62,32.24,23060592,78.81,80.65,78.64,80.18,9273600,2026-02-21T03:45:39Z
COP,2007-08-29,32.88,33.02,31.83,31.98,23022571,81.77,82.1,79.14,79.53,9258300,2026-02-21T03:45:39Z
COP,2007-08-30,32.69,33.07,32.49,32.67,23356514,81.29,82.24,80.8,81.23,9392600,2026-02-21T03:45:39Z
COP,2007-08-31,32.93,33.3,32.81,33.16,22155002,81.89,82.81,81.58,82.45,8909400,2026-02-21T03:45:39Z
COP,2007-09-04,33.57,33.84,32.81,32.86,22608577,83.48,84.16,81.58,81.71,9091800,2026-02-21T03:45:39Z
COP,2007-09-05,33.02,33.45,32.75,33.45,24813027,82.12,83.19,81.44,83.19,9978300,2026-02-21T03:45:39Z
COP,2007-09-06,33.63,33.74,33.21,33.28,24293256,83.63,83.9,82.58,82.75,9769300,2026-02-21T03:45:39Z
COP,2007-09-07,33.3,33.57,33.04,33.28,21719557,82.81,83.47,82.16,82.75,8734300,2026-02-21T03:45:39Z
COP,2007-09-10,33.05,33.42,32.55,33.34,23855614,82.19,83.1,80.93,82.91,9593300,2026-02-21T03:45:39Z
COP,2007-09-11,33.59,33.72,32.59,33.24,29092566,83.53,83.86,81.03,82.66,11699300,2026-02-21T03:45:39Z
COP,2007-09-12,34.12,34.3,33.41,33.41,24807015,84.85,85.3,83.08,83.08,9975900,2026-02-21T03:45:39Z
COP,2007-09-13,34.23,34.63,34.13,34.41,19547192,85.11,86.11,84.86,85.56,7860700,2026-02-21T03:45:39Z
COP,2007-09-14,34.29,34.55,33.89,34.02,17932051,85.27,85.91,84.27,84.6,7211200,2026-02-21T03:45:39Z
COP,2007-09-17,34.07,34.45,33.95,34.07,17953460,84.73,85.66,84.42,84.71,7219800,2026-02-21T03:45:39Z
COP,2007-09-18,35.3,35.49,33.88,34.04,27423757,87.79,88.24,84.24,84.65,11028200,2026-02-21T03:45:39Z
COP,2007-09-19,35.5,35.99,35.35,35.58,26579083,88.29,89.5,87.9,88.48,10688500,2026-02-21T03:45:39Z
COP,2007-09-20,35.55,35.78,33.58,35.61,18015863,88.41,88.98,83.5,88.55,7244900,2026-02-21T03:45:39Z
COP,2007-09-21,35.77,36.05,35.55,35.86,24070991,88.94,89.64,88.41,89.18,9679900,2026-02-21T03:45:39Z
COP,2007-09-24,35.86,36.09,35.56,35.77,30618232,89.18,89.74,88.43,88.94,12312800,2026-02-21T03:45:39Z
COP,2007-09-25,35.1,35.42,35.02,35.42,25285226,87.29,88.07,87.08,88.07,10168200,2026-02-21T03:45:39Z
COP,2007-09-26,35.11,35.51,34.67,35.37,25174084,87.3,88.31,86.21,87.95,10123500,2026-02-21T03:45:39Z
COP,2007-09-27,35.37,35.59,35.2,35.45,28559236,87.96,88.5,87.54,88.16,11484800,2026-02-21T03:45:39Z
COP,2007-09-28,35.3,35.75,35.03,35.45,17718967,87.77,88.9,87.12,88.16,7125500,2026-02-21T03:45:39Z
COP,2007-10-01,35.14,35.32,34.83,34.89,24535493,87.39,87.82,86.61,86.77,9866700,2026-02-21T03:45:39Z
COP,2007-10-02,34.37,34.9,33.98,34.9,31493764,85.47,86.78,84.5,86.78,12664900,2026-02-21T03:45:39Z
COP,2007-10-03,33.8,34.09,33.58,33.94,29733416,84.06,84.76,83.49,84.39,11957000,2026-02-21T03:45:39Z
COP,2007-10-04,33.76,33.98,33.14,33.53,35557802,83.94,84.49,82.41,83.39,14299200,2026-02-21T03:45:39Z
COP,2007-10-05,33.86,34,33.56,33.88,16825975,84.2,84.55,83.44,84.26,6766400,2026-02-21T03:45:39Z
COP,2007-10-08,33.91,34.04,33.58,33.6,18962284,84.33,84.65,83.5,83.55,7625500,2026-02-21T03:45:39Z
COP,2007-10-09,34.54,34.71,33.96,34.09,26056832,85.88,86.32,84.44,84.78,10478500,2026-02-21T03:45:39Z
COP,2007-10-10,34.88,35.35,33.92,33.92,24097330,86.73,87.91,84.36,84.36,9690500,2026-02-21T03:45:39Z
COP,2007-10-11,34.47,35.3,34.18,35.02,28752209,85.72,87.77,85,87.08,11562400,2026-02-21T03:45:39Z
COP,2007-10-12,34.47,34.93,34.38,34.69,16459709,85.72,86.87,85.48,86.27,6619100,2026-02-21T03:45:39Z
COP,2007-10-15,34.73,34.93,34.38,34.83,23116582,86.36,86.86,85.48,86.6,9296100,2026-02-21T03:45:39Z
COP,2007-10-16,35.31,35.45,34.6,34.66,31236877,87.8,88.15,86.03,86.2,12561600,2026-02-21T03:45:39Z
COP,2007-10-17,35.17,35.72,34.74,35.38,30934965,87.46,88.82,86.4,87.97,12440200,2026-02-21T03:45:39Z
COP,2007-10-18,35.39,35.47,34.91,34.99,20548838,88.01,88.21,86.82,87.01,8263500,2026-02-21T03:45:39Z
COP,2007-10-19,34.21,35.26,33.92,35.26,28317460,85.07,87.68,84.36,87.67,11387600,2026-02-21T03:45:39Z
COP,2007-10-22,33.43,33.91,32.82,33.78,32915130,83.12,84.33,81.6,84,13236500,2026-02-21T03:45:39Z
COP,2007-10-23,33.47,33.75,32.91,33.53,25780070,83.22,83.93,81.83,83.39,10367200,2026-02-21T03:45:39Z
COP,2007-10-24,32.83,33.47,32.37,33.47,36204588,81.65,83.22,80.5,83.22,14559300,2026-02-21T03:45:39Z
COP,2007-10-25,33.66,33.98,32.69,33.04,32662504,83.69,84.5,81.28,82.15,13134900,2026-02-21T03:45:39Z
COP,2007-10-26,34.11,34.32,33.7,34.23,22817173,84.81,85.33,83.8,85.12,9175700,2026-02-21T03:45:39Z
COP,2007-10-29,34.2,34.4,34.14,34.35,16623150,84.63,85.12,84.48,85.01,6717300,2026-02-21T03:45:39Z
COP,2007-10-30,33.43,33.88,33.32,33.86,30854257,82.72,83.83,82.45,83.8,12468000,2026-02-21T03:45:39Z
COP,2007-10-31,34.33,34.56,33.38,33.72,33189336,84.96,85.52,82.6,83.44,13411600,2026-02-21T03:45:39Z
COP,2007-11-01,33.62,34.32,33.41,33.78,29234343,83.21,84.93,82.68,83.6,11813400,2026-02-21T03:45:39Z
COP,2007-11-02,34.17,34.29,33.32,33.59,30690661,84.57,84.85,82.45,83.13,12401900,2026-02-21T03:45:39Z
COP,2007-11-05,33.91,34.35,33.42,33.43,24998938,83.92,85,82.7,82.72,10101900,2026-02-21T03:45:39Z
COP,2007-11-06,34.4,34.47,33.94,33.94,25169437,85.14,85.29,83.99,84,10170800,2026-02-21T03:45:39Z
COP,2007-11-07,33.3,34.55,33.28,34.15,29567454,82.41,85.49,82.35,84.52,11948000,2026-02-21T03:45:39Z
COP,2007-11-08,33.92,34.42,33.26,33.36,36239825,83.95,85.19,82.3,82.55,14644300,2026-02-21T03:45:39Z
COP,2007-11-09,33.36,33.77,32.93,33.39,31182844,82.56,83.57,81.5,82.64,12600800,2026-02-21T03:45:39Z
COP,2007-11-12,31.91,33.12,31.84,32.98,34664212,78.97,81.97,78.8,81.61,14007600,2026-02-21T03:45:39Z
COP,2007-11-13,32.23,32.26,31.22,32.11,31890428,79.77,79.82,77.26,79.47,12886700,2026-02-21T03:45:39Z
COP,2007-11-14,32.07,32.99,31.86,32.52,29506539,79.37,81.64,78.84,80.48,11923400,2026-02-21T03:45:39Z
COP,2007-11-15,31.54,32.24,31.14,31.83,33843853,78.04,79.79,77.06,78.78,13676100,2026-02-21T03:45:39Z
COP,2007-11-16,31.9,32.22,31.57,31.79,30543921,78.93,79.73,78.12,78.68,12342600,2026-02-21T03:45:39Z
COP,2007-11-19,31.17,32.02,31.15,31.74,27324645,77.13,79.24,77.09,78.55,11041700,2026-02-21T03:45:39Z
COP,2007-11-20,32.04,32.28,31.33,31.33,38102781,79.29,79.87,77.54,77.54,15397100,2026-02-21T03:45:39Z
COP,2007-11-21,31.45,32.38,31.39,31.79,27600257,77.82,80.12,77.68,78.67,11153100,2026-02-21T03:45:39Z
COP,2007-11-23,31.97,32.07,31.5,31.59,12348371,79.12,79.35,77.95,78.18,4989900,2026-02-21T03:45:39Z
COP,2007-11-26,30.99,32.28,30.96,31.92,31117521,76.7,79.89,76.61,79,12574400,2026-02-21T03:45:39Z
COP,2007-11-27,30.74,30.85,29.98,30.83,44853411,76.06,76.35,74.18,76.3,18125000,2026-02-21T03:45:39Z
COP,2007-11-28,31.41,31.55,30.75,30.82,39636925,77.72,78.08,76.1,76.27,16017000,2026-02-21T03:45:39Z
COP,2007-11-29,31.85,32.02,31.41,31.48,33446659,78.82,79.25,77.73,77.91,13515600,2026-02-21T03:45:39Z
COP,2007-11-30,32.34,32.65,31.72,32.03,52641353,80.04,80.8,78.5,79.27,21272000,2026-02-21T03:45:39Z
COP,2007-12-03,32.43,32.63,31.81,31.93,24653951,80.25,80.75,78.73,79.01,9962500,2026-02-21T03:45:39Z
COP,2007-12-04,32.21,32.52,32.07,32.3,21837267,79.71,80.47,79.36,79.93,8824300,2026-02-21T03:45:39Z
COP,2007-12-05,32.88,33.05,32.57,32.91,27130554,81.36,81.78,80.6,81.45,10963300,2026-02-21T03:45:39Z
COP,2007-12-06,33.66,33.81,32.81,32.81,21618257,83.3,83.66,81.2,81.2,8735800,2026-02-21T03:45:39Z
COP,2007-12-07,33.66,33.9,33.23,33.74,17324202,83.3,83.88,82.23,83.5,7000600,2026-02-21T03:45:39Z
COP,2007-12-10,33.72,33.94,33.56,33.69,16215803,83.45,84,83.05,83.37,6552700,2026-02-21T03:45:39Z
COP,2007-12-11,33.01,33.97,32.94,33.72,25234753,81.69,84.07,81.51,83.45,10197200,2026-02-21T03:45:39Z
COP,2007-12-12,33.69,34.23,33.31,33.64,29558482,83.37,84.7,82.42,83.25,11944400,2026-02-21T03:45:39Z
COP,2007-12-13,34.2,34.25,33.38,33.46,23633869,84.64,84.75,82.61,82.79,9550300,2026-02-21T03:45:39Z
COP,2007-12-14,33.66,34.2,33.61,33.85,24085056,83.29,84.64,83.17,83.78,9732600,2026-02-21T03:45:39Z
COP,2007-12-17,33.1,33.6,32.96,33.5,23527225,81.91,83.16,81.57,82.91,9507200,2026-02-21T03:45:39Z
COP,2007-12-18,33.76,33.9,33.21,33.34,26367636,83.54,83.88,82.18,82.5,10655000,2026-02-21T03:45:39Z
COP,2007-12-19,34.02,34.26,33.65,33.83,20964474,84.19,84.79,83.26,83.72,8471600,2026-02-21T03:45:39Z
COP,2007-12-20,34.44,34.47,33.88,34.2,23329496,85.23,85.3,83.85,84.64,9427300,2026-02-21T03:45:39Z
COP,2007-12-21,35.04,35.19,34.49,34.49,36851174,86.71,87.08,85.35,85.35,14891300,2026-02-21T03:45:39Z
COP,2007-12-24,35.23,35.51,35.03,35.16,10620565,87.19,87.87,86.7,87.02,4291700,2026-02-21T03:45:39Z
COP,2007-12-26,35.95,36.08,35.27,35.42,19337602,88.97,89.29,87.29,87.64,7814200,2026-02-21T03:45:39Z
COP,2007-12-27,35.82,36.09,35.74,35.93,20062429,88.65,89.3,88.44,88.92,8107100,2026-02-21T03:45:39Z
COP,2007-12-28,36.02,36.32,35.82,35.96,18102966,89.13,89.89,88.65,89,7315300,2026-02-21T03:45:39Z
COP,2007-12-31,35.68,36.02,35.44,36.01,16216028,88.3,89.13,87.7,89.1,6552800,2026-02-21T03:45:39Z
COP,2008-01-02,35.52,36.25,35.1,35.86,28446366,87.89,89.71,86.86,88.75,11495000,2026-02-21T03:45:39Z
COP,2008-01-03,35.66,35.98,35.56,35.56,21154728,88.25,89.05,88.01,88.01,8548500,2026-02-21T03:45:39Z
COP,2008-01-04,34.57,35.48,34.51,35.19,27505796,85.56,87.81,85.4,87.08,11114900,2026-02-21T03:45:39Z
COP,2008-01-07,34.1,34.95,33.86,34.85,33525605,84.39,86.49,83.79,86.25,13547500,2026-02-21T03:45:39Z
COP,2008-01-08,33.34,34.59,33.24,34.29,30607233,82.51,85.61,82.27,84.85,12368200,2026-02-21T03:45:39Z
COP,2008-01-09,33.83,33.92,33.2,33.36,31955694,83.71,83.93,82.16,82.55,12913100,2026-02-21T03:45:39Z
COP,2008-01-10,33.9,34.05,33.43,33.52,32641498,83.9,84.26,82.72,82.94,13190200,2026-02-21T03:45:39Z
COP,2008-01-11,33.56,34.23,33.39,33.66,27464702,83.04,84.7,82.63,83.29,11098300,2026-02-21T03:45:39Z
COP,2008-01-14,33.7,33.99,33.5,33.94,24776165,83.39,84.11,82.91,83.98,10011900,2026-02-21T03:45:39Z
COP,2008-01-15,32.57,33.72,32.57,33.35,37786275,80.61,83.45,80.61,82.52,15269200,2026-02-21T03:45:39Z
COP,2008-01-16,31.15,32.57,30.99,32.43,55824149,77.09,80.6,76.7,80.25,22558200,2026-02-21T03:45:39Z
COP,2008-01-17,29.69,31.57,29.54,31.24,49918132,73.48,78.13,73.11,77.3,20171600,2026-02-21T03:45:39Z
COP,2008-01-18,29.45,30.37,28.88,29.9,59065741,72.89,75.15,71.47,74,23868100,2026-02-21T03:45:39Z
COP,2008-01-22,28.76,28.92,27.53,27.86,69807555,71.18,71.56,68.12,68.95,28208800,2026-02-21T03:45:39Z
COP,2008-01-23,28.99,29.13,27.42,28.44,60345498,71.73,72.09,67.85,70.37,24385200,2026-02-21T03:45:39Z
COP,2008-01-24,30.09,30.28,29.2,29.31,62002075,74.47,74.94,72.27,72.54,25054600,2026-02-21T03:45:39Z
COP,2008-01-25,29.96,31.21,29.66,30.73,42818240,74.13,77.23,73.39,76.04,17302600,2026-02-21T03:45:39Z
COP,2008-01-28,30.88,30.91,29.6,30.06,34222756,76.41,76.48,73.24,74.39,13829200,2026-02-21T03:45:39Z
COP,2008-01-29,31.63,31.81,30.98,30.98,35604625,78.27,78.71,76.67,76.67,14387600,2026-02-21T03:45:39Z
COP,2008-01-30,31.98,32.63,31.34,31.56,37324305,79.13,80.75,77.55,78.09,15082500,2026-02-21T03:45:39Z
COP,2008-01-31,32.37,32.68,31.22,31.54,39110290,80.11,80.87,77.25,78.05,15804200,2026-02-21T03:45:39Z
COP,2008-02-01,32.47,32.66,32.14,32.53,32336776,80.36,80.83,79.54,80.5,13067100,2026-02-21T03:45:39Z
COP,2008-02-04,32.23,32.58,32.15,32.48,24610887,79.76,80.62,79.56,80.37,9945100,2026-02-21T03:45:39Z
COP,2008-02-05,30.75,31.73,30.74,31.73,35142579,76.09,78.52,76.08,78.52,14200900,2026-02-21T03:45:39Z
COP,2008-02-06,29.69,31.14,29.64,31,37804302,73.47,77.05,73.36,76.71,15276500,2026-02-21T03:45:39Z
COP,2008-02-07,30.11,30.33,29.49,29.52,35578090,74.52,75.06,72.98,73.06,14376900,2026-02-21T03:45:39Z
COP,2008-02-08,30.46,30.61,30.01,30.01,28541880,75.38,75.74,74.27,74.27,11533600,2026-02-21T03:45:39Z
COP,2008-02-11,31.1,31.18,30.23,30.46,34066348,76.97,77.15,74.81,75.38,13766000,2026-02-21T03:45:39Z
COP,2008-02-12,30.87,31.4,30.51,31.06,29451393,76.4,77.71,75.5,76.85,11901100,2026-02-21T03:45:39Z
COP,2008-02-13,31.78,31.94,30.84,31.03,31912864,78.65,79.05,76.32,76.78,12895800,2026-02-21T03:45:39Z
COP,2008-02-14,31.91,32.38,31.77,31.99,29100960,78.96,80.14,78.62,79.16,11759500,2026-02-21T03:45:39Z
COP,2008-02-15,31.94,32.09,31.39,31.92,26356766,79.05,79.42,77.68,79,10650600,2026-02-21T03:45:39Z
COP,2008-02-19,32.59,33.08,32.28,32.46,34958244,80.64,81.87,79.89,80.32,14126400,2026-02-21T03:45:39Z
COP,2008-02-20,32.97,33.24,32.05,32.24,25543370,81.6,82.27,79.3,79.78,10321900,2026-02-21T03:45:39Z
COP,2008-02-21,32.44,33.06,32.3,33.06,27004136,79.81,81.35,79.48,81.35,10975400,2026-02-21T03:45:39Z
COP,2008-02-22,32.76,32.8,32.04,32.62,26634046,80.61,80.7,78.84,80.25,10825000,2026-02-21T03:45:39Z
COP,2008-02-25,33.43,33.56,32.76,32.76,20657204,82.26,82.57,80.61,80.61,8395800,2026-02-21T03:45:39Z
COP,2008-02-26,34.38,34.48,33.23,33.34,37190942,84.6,84.84,81.75,82.02,15115700,2026-02-21T03:45:39Z
COP,2008-02-27,34.19,34.48,33.99,34.15,23899571,84.13,84.84,83.63,84.01,9713600,2026-02-21T03:45:39Z
COP,2008-02-28,34.63,34.79,34.01,34.01,22841332,85.2,85.6,83.69,83.69,9283500,2026-02-21T03:45:39Z
COP,2008-02-29,33.62,34.66,33.41,34.61,26559750,82.71,85.27,82.2,85.15,10794800,2026-02-21T03:45:39Z
COP,2008-03-03,33.91,34.26,33.49,33.51,26808004,83.44,84.29,82.39,82.45,10895700,2026-02-21T03:45:39Z
COP,2008-03-04,33.12,33.82,32.46,33.53,41341482,81.5,83.2,79.87,82.5,16802600,2026-02-21T03:45:39Z
COP,2008-03-05,33.58,33.95,32.9,33.18,32551354,82.63,83.53,80.95,81.63,13230000,2026-02-21T03:45:39Z
COP,2008-03-06,32.57,33.59,32.52,33.49,27104457,80.14,82.64,80,82.39,11016200,2026-02-21T03:45:39Z
COP,2008-03-07,31.85,32.52,31.61,32.41,32707864,78.36,80,77.78,79.75,13293600,2026-02-21T03:45:39Z
COP,2008-03-10,31.44,32.06,31.39,31.91,33135726,77.35,78.88,77.22,78.5,13467500,2026-02-21T03:45:39Z
COP,2008-03-11,32.31,32.48,31.48,32.18,38951712,79.5,79.91,77.45,79.18,15831300,2026-02-21T03:45:39Z
COP,2008-03-12,31.83,32.21,31.59,32.1,30557888,78.32,79.25,77.72,78.98,12419800,2026-02-21T03:45:39Z
COP,2008-03-13,31.71,31.98,31.32,31.36,40103168,78.02,78.69,77.06,77.16,16299300,2026-02-21T03:45:39Z
COP,2008-03-14,31.49,32.12,30.95,31.9,31256212,77.49,79.03,76.16,78.48,12703600,2026-02-21T03:45:39Z
COP,2008-03-17,30.84,31.25,30.37,30.73,39583681,75.88,76.88,74.73,75.6,16088200,2026-02-21T03:45:39Z
COP,2008-03-18,31.81,31.81,31.08,31.49,28224745,78.27,78.27,76.46,77.47,11471500,2026-02-21T03:45:39Z
COP,2008-03-19,29.92,32.1,29.82,31.3,37840839,73.61,78.98,73.36,77.02,15379800,2026-02-21T03:45:39Z
COP,2008-03-20,30.41,30.5,29.09,29.57,49787103,74.83,75.03,71.58,72.75,20235200,2026-02-21T03:45:39Z
COP,2008-03-24,30.73,31.2,30.24,30.48,22502801,75.6,76.77,74.41,75,9145900,2026-02-21T03:45:39Z
COP,2008-03-25,30.29,30.83,30.05,30.79,39573858,74.53,75.86,73.93,75.75,16084200,2026-02-21T03:45:39Z
COP,2008-03-26,31.02,31.14,30.28,30.54,40349207,76.31,76.62,74.51,75.15,16399300,2026-02-21T03:45:39Z
COP,2008-03-27,30.78,31.64,30.74,31.32,25198879,75.73,77.85,75.63,77.05,10241700,2026-02-21T03:45:39Z
COP,2008-03-28,30.75,31.11,30.5,31,20064732,75.67,76.54,75.03,76.27,8155000,2026-02-21T03:45:39Z
COP,2008-03-31,30.97,31.17,30.64,30.83,24271541,76.21,76.68,75.39,75.85,9864800,2026-02-21T03:45:39Z
COP,2008-04-01,31.59,31.6,30.69,30.85,21111636,77.72,77.76,75.52,75.9,8580500,2026-02-21T03:45:39Z
COP,2008-04-02,32.01,32.25,31.3,31.59,20801412,78.77,79.35,77,77.72,8454400,2026-02-21T03:45:39Z
COP,2008-04-03,31.86,32.39,31.63,31.7,21835524,78.38,79.69,77.81,78,8874700,2026-02-21T03:45:39Z
COP,2008-04-04,32.03,32.33,31.95,31.97,17793766,78.81,79.55,78.62,78.65,7232000,2026-02-21T03:45:39Z
COP,2008-04-07,32.07,32.58,31.97,32.31,20025601,78.9,80.16,78.65,79.5,8139100,2026-02-21T03:45:39Z
COP,2008-04-08,32.3,32.39,31.78,31.78,16008704,79.47,79.68,78.19,78.19,6506500,2026-02-21T03:45:39Z
COP,2008-04-09,32.28,32.77,32.23,32.38,22734038,79.43,80.63,79.3,79.67,9239900,2026-02-21T03:45:39Z
COP,2008-04-10,32.24,32.52,31.9,32.23,24485852,79.32,80,78.48,79.31,9951900,2026-02-21T03:45:39Z
COP,2008-04-11,31.94,32.34,31.92,32.18,15435200,78.59,79.58,78.54,79.18,6273400,2026-02-21T03:45:39Z
COP,2008-04-14,32.44,32.61,31.95,32.01,21420941,79.81,80.23,78.6,78.75,8706200,2026-02-21T03:45:39Z
COP,2008-04-15,33.02,33.1,32.56,32.62,28604891,81.24,81.44,80.11,80.25,11626000,2026-02-21T03:45:39Z
COP,2008-04-16,33.66,33.71,33.08,33.08,26443159,82.81,82.93,81.39,81.39,10747400,2026-02-21T03:45:39Z
COP,2008-04-17,33.66,33.89,33.17,33.21,20567178,82.81,83.39,81.62,81.72,8359200,2026-02-21T03:45:39Z
COP,2008-04-18,34.1,34.14,33.5,33.8,26571804,83.89,84,82.43,83.15,10799700,2026-02-21T03:45:39Z
COP,2008-04-21,34.28,34.47,33.96,34.09,21405405,84.34,84.82,83.56,83.88,8699900,2026-02-21T03:45:39Z
COP,2008-04-22,34.5,34.63,34.15,34.22,21951892,84.89,85.2,84.01,84.2,8922000,2026-02-21T03:45:39Z
COP,2008-04-23,34.34,34.6,34.13,34.53,24684411,84.48,85.13,83.98,84.96,10032600,2026-02-21T03:45:39Z
COP,2008-04-24,33.69,34.18,33.47,33.99,35225308,82.89,84.1,82.35,83.62,14316800,2026-02-21T03:45:39Z
COP,2008-04-25,33.97,34.22,33.8,33.95,26442907,83.57,84.2,83.15,83.53,10747300,2026-02-21T03:45:39Z
COP,2008-04-28,34.32,34.52,33.99,34,27640148,84.44,84.93,83.63,83.65,11233900,2026-02-21T03:45:39Z
COP,2008-04-29,34.73,34.91,34.22,34.22,33486602,85.45,85.9,84.19,84.19,13610100,2026-02-21T03:45:39Z
COP,2008-04-30,35.01,35.23,34.67,34.83,31608073,86.15,86.68,85.3,85.69,12846600,2026-02-21T03:45:39Z
COP,2008-05-01,35.21,35.32,34.23,34.65,37436517,86.64,86.91,84.22,85.24,15215500,2026-02-21T03:45:39Z
COP,2008-05-02,35.31,35.56,35.04,35.3,22042930,86.88,87.5,86.21,86.84,8959000,2026-02-21T03:45:39Z
COP,2008-05-05,35.43,35.77,35.34,35.36,20448781,87.18,88,86.96,87,8311100,2026-02-21T03:45:39Z
COP,2008-05-06,36.07,36.21,35.49,35.56,41189658,88.74,89.08,87.31,87.49,16740900,2026-02-21T03:45:39Z
COP,2008-05-07,35.73,36.32,35.6,36.08,38031915,87.91,89.37,87.6,88.77,15457500,2026-02-21T03:45:39Z
COP,2008-05-08,36.36,36.38,35.71,35.77,33360574,89.45,89.5,87.87,88,13558900,2026-02-21T03:45:39Z
COP,2008-05-09,36.05,36.42,35.68,36.42,27004601,88.71,89.6,87.79,89.6,10975600,2026-02-21T03:45:39Z
COP,2008-05-12,36.01,36.1,35.62,35.96,23342774,88.59,88.81,87.63,88.48,9487300,2026-02-21T03:45:39Z
COP,2008-05-13,36.02,36.32,35.73,35.93,30128615,88.62,89.36,87.9,88.41,12245300,2026-02-21T03:45:39Z
COP,2008-05-14,35.99,36.57,35.9,36.08,35232993,88.54,89.97,88.32,88.78,14319900,2026-02-21T03:45:39Z
COP,2008-05-15,36.3,36.53,35.69,36.34,32028257,89.31,89.89,87.81,89.42,13017400,2026-02-21T03:45:39Z
COP,2008-05-16,37.38,37.45,36.48,36.51,41193649,91.98,92.15,89.76,89.82,16742500,2026-02-21T03:45:39Z
COP,2008-05-19,37.68,38.02,37.45,37.54,26998187,92.7,93.55,92.13,92.36,10973000,2026-02-21T03:45:39Z
COP,2008-05-20,38.02,38.26,37.82,37.95,39074487,93.55,94.14,93.06,93.38,15881200,2026-02-21T03:45:39Z
COP,2008-05-21,37.73,38.64,37.62,38.08,53201208,92.83,95.07,92.56,93.69,21622800,2026-02-21T03:45:39Z
COP,2008-05-22,37.58,38.17,37.28,37.82,49043671,92,93.45,91.26,92.58,20034500,2026-02-21T03:45:39Z
COP,2008-05-23,37.34,37.86,36.98,37.75,41645687,91.4,92.69,90.53,92.4,17012400,2026-02-21T03:45:39Z
COP,2008-05-27,37.05,37.15,36.63,37.04,33661231,90.69,90.94,89.67,90.67,13750700,2026-02-21T03:45:39Z
COP,2008-05-28,37.81,37.81,36.71,36.82,34182400,92.56,92.56,89.86,90.14,13963600,2026-02-21T03:45:39Z
COP,2008-05-29,37.16,37.84,36.98,37.66,39411744,90.96,92.63,90.52,92.18,16099800,2026-02-21T03:45:39Z
COP,2008-05-30,38.03,38.03,37.18,37.33,59367044,93.1,93.1,91.01,91.37,24251600,2026-02-21T03:45:39Z
COP,2008-06-02,37.97,38.03,37.39,37.71,32545218,92.95,93.09,91.52,92.3,13294800,2026-02-21T03:45:39Z
COP,2008-06-03,37.44,38.19,37.42,37.89,34721653,91.65,93.49,91.59,92.75,14183900,2026-02-21T03:45:39Z
COP,2008-06-04,36.43,37.39,36.31,37.3,39299325,89.19,91.52,88.88,91.3,16053900,2026-02-21T03:45:39Z
COP,2008-06-05,38.33,38.42,36.5,36.5,38130983,93.82,94.05,89.35,89.35,15576600,2026-02-21T03:45:39Z
COP,2008-06-06,37.65,39.11,37.6,38.44,50304925,92.17,95.74,92.05,94.1,20549700,2026-02-21T03:45:39Z
COP,2008-06-09,38.91,39.15,37.96,37.97,33694266,95.24,95.84,92.93,92.94,13764200,2026-02-21T03:45:39Z
COP,2008-06-10,37.94,38.78,37.55,38.71,34577937,92.87,94.92,91.92,94.75,14125200,2026-02-21T03:45:39Z
COP,2008-06-11,38.43,38.71,38,38.22,32324174,94.08,94.76,93.02,93.57,13204500,2026-02-21T03:45:39Z
COP,2008-06-12,37.78,38.19,37.48,38.15,35168691,92.49,93.49,91.75,93.39,14366500,2026-02-21T03:45:39Z
COP,2008-06-13,38.51,38.68,37.42,37.55,28695012,94.26,94.69,91.61,91.93,11722000,2026-02-21T03:45:39Z
COP,2008-06-16,38.64,39.16,38.56,38.7,26029683,94.58,95.86,94.4,94.74,10633200,2026-02-21T03:45:39Z
COP,2008-06-17,39.13,39.2,38.42,38.69,22488706,95.78,95.96,94.05,94.7,9186700,2026-02-21T03:45:39Z
COP,2008-06-18,38.87,39.06,38.31,38.81,25172378,95.14,95.61,93.77,95.01,10283000,2026-02-21T03:45:39Z
COP,2008-06-19,38.26,39.19,38.15,39.17,29360853,93.66,95.94,93.38,95.89,11994000,2026-02-21T03:45:39Z
COP,2008-06-20,37.89,38.58,37.69,38.43,35851667,92.76,94.43,92.27,94.07,14645500,2026-02-21T03:45:39Z
COP,2008-06-23,39.03,39.03,37.59,37.59,29519957,95.54,95.54,92.03,92.03,12059000,2026-02-21T03:45:39Z
COP,2008-06-24,38.68,39.18,38.42,38.83,26783446,94.68,95.92,94.06,95.06,10941100,2026-02-21T03:45:39Z
COP,2008-06-25,38.41,38.95,38.06,38.78,38117276,94.02,95.34,93.18,94.93,15571000,2026-02-21T03:45:39Z
COP,2008-06-26,37.84,38.62,37.59,38.42,36760854,92.62,94.54,92.01,94.06,15016900,2026-02-21T03:45:39Z
COP,2008-06-27,37.44,38.26,37.39,37.91,39317232,91.64,93.67,91.54,92.81,16061200,2026-02-21T03:45:39Z
COP,2008-06-30,38.56,38.67,37.46,37.46,37999227,94.39,94.65,91.71,91.71,15522800,2026-02-21T03:45:39Z
COP,2008-07-01,38.58,38.67,37.99,38.59,31121210,94.44,94.65,93.01,94.47,12713100,2026-02-21T03:45:39Z
COP,2008-07-02,37.07,38.64,36.97,38.6,45950760,90.75,94.6,90.5,94.5,18771000,2026-02-21T03:45:39Z
COP,2008-07-03,37.52,38.02,36.56,37.35,29288905,91.84,93.07,89.5,91.42,11964600,2026-02-21T03:45:39Z
COP,2008-07-07,36.91,37.92,36.44,37.22,37498899,90.36,92.84,89.2,91.11,15318400,2026-02-21T03:45:39Z
COP,2008-07-08,36.42,36.71,35.83,36.49,44799723,89.15,89.87,87.71,89.33,18300800,2026-02-21T03:45:39Z
COP,2008-07-09,35.83,37.25,35.76,36.45,35633290,87.7,91.19,87.54,89.23,14556300,2026-02-21T03:45:39Z
COP,2008-07-10,36.81,36.81,35.56,35.9,32023037,90.1,90.1,87.04,87.89,13081500,2026-02-21T03:45:39Z
COP,2008-07-11,36,37.17,35.65,37.17,34691514,88.13,90.99,87.27,90.99,14171600,2026-02-21T03:45:39Z
COP,2008-07-14,36.14,36.65,35.67,36.31,22627776,88.47,89.72,87.33,88.89,9243500,2026-02-21T03:45:39Z
COP,2008-07-15,34.65,36.08,34.53,35.99,43035701,84.82,88.31,84.54,88.1,17580200,2026-02-21T03:45:39Z
COP,2008-07-16,33.98,34.69,33.73,34.62,56960033,83.19,84.93,82.58,84.75,23268300,2026-02-21T03:45:39Z
COP,2008-07-17,33.86,34.26,33.33,33.99,54748454,82.89,83.87,81.6,83.2,22364900,2026-02-21T03:45:39Z
COP,2008-07-18,34.28,34.45,33.74,33.94,37024194,83.91,84.34,82.6,83.08,15124500,2026-02-21T03:45:39Z
COP,2008-07-21,35.07,35.13,34.37,34.48,26710183,85.86,85.99,84.13,84.41,10911200,2026-02-21T03:45:39Z
COP,2008-07-22,34.44,35.12,34.22,34.93,30644563,84.31,85.98,83.77,85.5,12518400,2026-02-21T03:45:39Z
COP,2008-07-23,33.43,34.65,33.28,34.56,38670710,81.83,84.81,81.46,84.61,15797100,2026-02-21T03:45:39Z
COP,2008-07-24,33.41,33.98,33.21,33.62,34833098,81.79,83.18,81.29,82.29,14229400,2026-02-21T03:45:39Z
COP,2008-07-25,33.49,34.07,32.82,33.49,27571381,81.98,83.39,80.33,81.98,11263000,2026-02-21T03:45:39Z
COP,2008-07-28,33.6,34.05,33.26,33.94,27115812,82.25,83.34,81.41,83.08,11076900,2026-02-21T03:45:39Z
COP,2008-07-29,32.98,33.85,32.58,33.61,32875673,80.27,82.4,79.3,81.8,13507000,2026-02-21T03:45:39Z
COP,2008-07-30,34.79,34.92,32.83,32.91,38191774,84.68,84.99,79.91,80.11,15691100,2026-02-21T03:45:39Z
COP,2008-07-31,33.53,34.53,33.46,34.53,33624898,81.62,84.04,81.43,84.04,13814800,2026-02-21T03:45:39Z
COP,2008-08-01,33.34,34.2,33.21,33.35,25164885,81.15,83.23,80.83,81.16,10339000,2026-02-21T03:45:39Z
COP,2008-08-04,32.64,33.53,32.46,33.38,37922276,79.45,81.6,79.01,81.24,15580400,2026-02-21T03:45:39Z
COP,2008-08-05,32.8,32.95,32.24,32.53,29960293,79.84,80.2,78.46,79.17,12309200,2026-02-21T03:45:39Z
COP,2008-08-06,33.44,33.51,32.74,32.76,27592294,81.39,81.55,79.68,79.74,11336300,2026-02-21T03:45:39Z
COP,2008-08-07,33.19,33.99,33.18,33.68,26325639,80.78,82.74,80.77,81.97,10815900,2026-02-21T03:45:39Z
COP,2008-08-08,33.24,33.27,32.19,32.87,23620767,80.91,80.98,78.36,80,9704600,2026-02-21T03:45:39Z
COP,2008-08-11,32.96,33.61,32.42,33.34,27733959,80.23,81.8,78.9,81.15,11394500,2026-02-21T03:45:39Z
COP,2008-08-12,32.85,33.4,32.74,33.21,24862814,79.95,81.29,79.68,80.83,10214900,2026-02-21T03:45:39Z
COP,2008-08-13,33.84,34,32.77,32.79,31876518,82.37,82.75,79.75,79.81,13096500,2026-02-21T03:45:39Z
COP,2008-08-14,32.61,33.69,32.01,33.67,42190538,79.37,82,77.9,81.96,17334000,2026-02-21T03:45:39Z
COP,2008-08-15,31.91,32.49,31.69,32.48,37404417,77.66,79.07,77.12,79.05,15367600,2026-02-21T03:45:39Z
COP,2008-08-18,31.64,32.54,31.52,32.06,24735753,77,79.2,76.71,78.03,10162700,2026-02-21T03:45:39Z
COP,2008-08-19,32.56,32.69,31.52,31.52,29398533,79.25,79.57,76.71,76.71,12078400,2026-02-21T03:45:39Z
COP,2008-08-20,33.22,33.35,32.64,32.91,30714787,80.85,81.16,79.44,80.09,12619200,2026-02-21T03:45:39Z
COP,2008-08-21,34.94,35.1,33.45,33.51,37775097,85.05,85.42,81.41,81.55,15519900,2026-02-21T03:45:39Z
COP,2008-08-22,34.17,34.75,33.85,34.68,21380800,83.18,84.59,82.38,84.4,8784300,2026-02-21T03:45:39Z
COP,2008-08-25,33.62,34.38,33.42,34.18,19857824,81.82,83.68,81.35,83.2,8158600,2026-02-21T03:45:39Z
COP,2008-08-26,33.85,34.38,33.6,33.88,19002511,82.38,83.69,81.79,82.45,7807200,2026-02-21T03:45:39Z
COP,2008-08-27,34.29,34.61,34.04,34.28,20408632,83.47,84.25,82.86,83.43,8384900,2026-02-21T03:45:39Z
COP,2008-08-28,34.23,34.84,33.69,34.54,19528002,83.31,84.8,82,84.07,8023100,2026-02-21T03:45:39Z
COP,2008-08-29,33.9,34.51,33.85,34.51,19476657,82.51,83.99,82.39,83.99,8002000,2026-02-21T03:45:39Z
COP,2008-09-02,32.46,33.11,32.24,33.03,30748645,79,80.58,78.48,80.4,12633100,2026-02-21T03:45:39Z
COP,2008-09-03,32.49,32.67,31.91,32.34,32854980,79.09,79.51,77.67,78.71,13498500,2026-02-21T03:45:39Z
COP,2008-09-04,31.42,32.79,31.16,32.42,31425830,76.48,79.81,75.83,78.91,12911300,2026-02-21T03:45:39Z
COP,2008-09-05,30.99,31.68,30.24,31.45,33257058,75.43,77.11,73.61,76.54,13663700,2026-02-21T03:45:39Z
COP,2008-09-08,30.69,31.71,30.27,31.54,36609696,74.69,77.19,73.68,76.77,15041100,2026-02-21T03:45:39Z
COP,2008-09-09,28.07,30.57,28.04,30.35,58397387,68.31,74.4,68.25,73.86,23992600,2026-02-21T03:45:39Z
COP,2008-09-10,29.53,29.83,28.43,28.45,41884369,71.87,72.6,69.19,69.24,17208200,2026-02-21T03:45:39Z
COP,2008-09-11,29.78,29.84,28.68,29.23,40346125,72.48,72.64,69.81,71.15,16576200,2026-02-21T03:45:39Z
COP,2008-09-12,30.17,30.43,29.54,29.73,29516285,73.43,74.06,71.89,72.37,12126800,2026-02-21T03:45:39Z
COP,2008-09-15,28.23,29.8,28.18,28.96,42076199,68.72,72.54,68.6,70.49,17287000,2026-02-21T03:45:39Z
COP,2008-09-16,29.7,29.9,27.69,27.87,48588922,72.28,72.77,67.4,67.84,19962800,2026-02-21T03:45:39Z
COP,2008-09-17,28.48,31.94,28.36,29.81,49306912,69.32,77.75,69.03,72.55,20257800,2026-02-21T03:45:39Z
COP,2008-09-18,29.69,30.05,28.37,29.17,49701703,72.26,73.15,69.04,70.99,20420000,2026-02-21T03:45:39Z
COP,2008-09-19,32.17,32.82,30.24,30.9,51128816,78.31,79.88,73.6,75.2,21006300,2026-02-21T03:45:39Z
COP,2008-09-22,31.93,32.56,31.47,32.54,38838462,77.72,79.25,76.59,79.21,15956800,2026-02-21T03:45:39Z
COP,2008-09-23,30.64,32.26,30.38,31.77,34263106,74.58,78.53,73.94,77.32,14077000,2026-02-21T03:45:39Z
COP,2008-09-24,30.75,31.19,30.3,30.95,29137080,74.85,75.91,73.74,75.32,11971000,2026-02-21T03:45:39Z
COP,2008-09-25,31.57,31.96,30.7,30.94,32866657,76.85,77.8,74.72,75.31,13503300,2026-02-21T03:45:39Z
COP,2008-09-26,31.32,31.4,30.51,30.85,24576370,76.24,76.43,74.25,75.08,10097200,2026-02-21T03:45:39Z
COP,2008-09-29,28.48,30.42,27.65,30.35,50626530,69.31,74.05,67.31,73.88,20799900,2026-02-21T03:45:39Z
COP,2008-09-30,30.09,30.13,28.81,29.09,47265364,73.25,73.33,70.11,70.8,19419000,2026-02-21T03:45:39Z
COP,2008-10-01,29.05,29.68,28.16,29.67,37907258,70.7,72.25,68.54,72.21,15574200,2026-02-21T03:45:39Z
COP,2008-10-02,27.82,28.65,27.33,28.64,38907578,67.72,69.72,66.53,69.7,15985200,2026-02-21T03:45:39Z
COP,2008-10-03,27.17,29.34,27.06,27.95,39331026,66.14,71.42,65.85,68.02,16159200,2026-02-21T03:45:39Z
COP,2008-10-06,26.6,26.91,24.32,25.93,59725291,64.74,65.5,59.19,63.1,24538200,2026-02-21T03:45:39Z
COP,2008-10-07,25.13,27.63,24.67,27.22,49224022,61.16,67.24,60.05,66.24,20223700,2026-02-21T03:45:39Z
COP,2008-10-08,25.49,26.68,24.07,24.4,62536758,62.03,64.93,58.59,59.4,25693300,2026-02-21T03:45:39Z
COP,2008-10-09,22.12,26.11,22.12,25.9,53164792,53.83,63.54,53.83,63.03,21842800,2026-02-21T03:45:39Z
COP,2008-10-10,19.82,21.98,18.57,20.95,87920638,48.23,53.49,45.2,51,36122200,2026-02-21T03:45:39Z
COP,2008-10-13,23.11,23.27,20.25,20.86,71723521,56.24,56.64,49.28,50.78,29467600,2026-02-21T03:45:39Z
COP,2008-10-14,23.4,24.38,22.31,24.07,55269597,56.96,59.33,54.31,58.59,22707500,2026-02-21T03:45:39Z
COP,2008-10-15,20.17,22.54,19.8,22.54,45532510,49.09,54.85,48.19,54.85,18707100,2026-02-21T03:45:39Z
COP,2008-10-16,21.34,21.62,18.61,20.54,63554913,51.94,52.62,45.3,50,26111600,2026-02-21T03:45:39Z
COP,2008-10-17,21.57,23.2,20.07,20.86,50231562,52.51,56.46,48.84,50.76,20637700,2026-02-21T03:45:39Z
COP,2008-10-20,23.72,23.83,21.7,22.38,42158647,57.73,58,52.81,54.46,17320900,2026-02-21T03:45:39Z
COP,2008-10-21,22.17,23.5,22.1,22.96,40824571,53.96,57.2,53.8,55.89,16772800,2026-02-21T03:45:39Z
COP,2008-10-22,20.16,21.72,19.25,21.48,58885487,49.06,52.87,46.86,52.29,24193100,2026-02-21T03:45:39Z
COP,2008-10-23,21.15,21.26,18.94,20.38,54718669,51.49,51.75,46.1,49.6,22481200,2026-02-21T03:45:39Z
COP,2008-10-24,19.91,20.33,18.92,19.08,39995823,48.45,49.49,46.04,46.43,16432300,2026-02-21T03:45:39Z
COP,2008-10-27,18.74,20.38,18.49,19.59,38896873,45.62,49.6,45,47.67,15980800,2026-02-21T03:45:39Z
COP,2008-10-28,20.61,20.9,18.49,19.72,47074946,50.16,50.86,45,48,19340800,2026-02-21T03:45:39Z
COP,2008-10-29,20.8,21.98,20.31,20.99,47554369,50.15,52.99,48.97,50.6,19722500,2026-02-21T03:45:39Z
COP,2008-10-30,21.5,21.77,20.71,21.36,43579316,51.84,52.5,49.93,51.5,18073900,2026-02-21T03:45:39Z
COP,2008-10-31,21.57,22.4,20.86,21.15,39539949,52.01,54,50.3,50.99,16398700,2026-02-21T03:45:39Z
COP,2008-11-03,21.38,21.76,21.11,21.2,24451203,51.56,52.47,50.91,51.12,10140800,2026-02-21T03:45:39Z
COP,2008-11-04,23.13,23.21,21.9,21.94,37359551,55.77,55.97,52.8,52.9,15494400,2026-02-21T03:45:39Z
COP,2008-11-05,22.17,23.38,21.98,22.53,30233433,53.46,56.38,53,54.33,12538900,2026-02-21T03:45:39Z
COP,2008-11-06,20.37,22.19,20.16,21.81,36652925,49.11,53.5,48.6,52.58,15201300,2026-02-21T03:45:39Z
COP,2008-11-07,21.39,21.57,20.41,20.73,28604680,51.58,52,49.21,49.99,11863400,2026-02-21T03:45:39Z
COP,2008-11-10,21.12,22.19,20.74,22.03,25227381,50.93,53.5,50,53.12,10462700,2026-02-21T03:45:39Z
COP,2008-11-11,20.36,20.92,19.95,20.56,26565499,49.08,50.45,48.09,49.57,11017700,2026-02-21T03:45:39Z
COP,2008-11-12,18.47,19.94,18.43,19.92,36279587,44.54,48.08,44.44,48.03,15046500,2026-02-21T03:45:39Z
COP,2008-11-13,20.4,20.55,17.48,18.77,51199837,49.18,49.55,42.15,45.25,21234400,2026-02-21T03:45:39Z
COP,2008-11-14,19.65,20.72,18.87,19.94,39785184,47.39,49.97,45.5,48.07,16500400,2026-02-21T03:45:39Z
COP,2008-11-17,19.39,20.25,19.31,19.92,45624100,46.76,48.82,46.57,48.04,18922000,2026-02-21T03:45:39Z
COP,2008-11-18,20.69,20.83,19.29,19.56,48360837,49.89,50.22,46.52,47.15,20057000,2026-02-21T03:45:39Z
COP,2008-11-19,19.22,21.1,19.16,20.68,46651282,46.34,50.88,46.19,49.85,19348000,2026-02-21T03:45:39Z
COP,2008-11-20,17.34,19.46,17.12,18.7,57484646,41.8,46.93,41.27,45.09,23841000,2026-02-21T03:45:39Z
COP,2008-11-21,19.43,19.58,17.57,17.81,67058339,46.84,47.22,42.37,42.95,27811600,2026-02-21T03:45:39Z
COP,2008-11-24,20.53,21.33,19.05,19.76,53693144,49.51,51.42,45.92,47.64,22268500,2026-02-21T03:45:39Z
COP,2008-11-25,21.25,21.55,20.61,21.07,37189551,51.23,51.97,49.69,50.8,15423900,2026-02-21T03:45:39Z
COP,2008-11-26,22.67,22.78,20.63,20.94,32552229,54.66,54.93,49.73,50.5,13500600,2026-02-21T03:45:39Z
COP,2008-11-28,21.78,22.18,21.28,22.16,18842774,52.52,53.47,51.3,53.42,7814800,2026-02-21T03:45:39Z
COP,2008-12-01,19.92,21.35,19.9,20.97,41004238,48.02,51.47,47.97,50.57,17006000,2026-02-21T03:45:39Z
COP,2008-12-02,20.54,20.84,19.78,20.6,34660722,49.52,50.24,47.7,49.66,14375100,2026-02-21T03:45:39Z
COP,2008-12-03,20.64,20.78,19.39,19.96,38889728,49.76,50.1,46.75,48.13,16129000,2026-02-21T03:45:39Z
COP,2008-12-04,19.19,20.58,18.9,20.13,36821943,46.28,49.61,45.57,48.53,15271400,2026-02-21T03:45:39Z
COP,2008-12-05,19.81,20.15,18.1,18.91,48703841,47.77,48.58,43.65,45.59,20199300,2026-02-21T03:45:39Z
COP,2008-12-08,21.09,21.55,20.61,20.74,39086653,50.85,51.97,49.7,50,16210700,2026-02-21T03:45:39Z
COP,2008-12-09,21.21,21.87,20.74,20.84,33141488,51.13,52.72,50,50.25,13745000,2026-02-21T03:45:39Z
COP,2008-12-10,22.11,22.37,21.44,21.58,33546364,53.31,53.93,51.7,52.02,13912900,2026-02-21T03:45:39Z
COP,2008-12-11,21.9,22.89,21.62,22.28,29105996,52.81,55.19,52.14,53.72,12071300,2026-02-21T03:45:39Z
COP,2008-12-12,21.31,21.93,20.74,20.94,29554925,51.39,52.87,50.01,50.5,12257500,2026-02-21T03:45:39Z
COP,2008-12-15,21.52,22.16,21.15,21.81,28586136,51.9,53.42,51,52.59,11855700,2026-02-21T03:45:39Z
COP,2008-12-16,22.45,22.55,21.69,21.86,32784654,54.13,54.36,52.3,52.71,13597000,2026-02-21T03:45:39Z
COP,2008-12-17,22.16,22.77,22.1,22.33,28597950,53.42,54.89,53.28,53.84,11860600,2026-02-21T03:45:39Z
COP,2008-12-18,21.38,22.26,20.97,22.16,37619823,51.54,53.66,50.55,53.42,15602300,2026-02-21T03:45:39Z
COP,2008-12-19,21.07,22.14,21,21.71,46891010,50.8,53.39,50.63,52.34,19447400,2026-02-21T03:45:39Z
COP,2008-12-22,20.54,21.35,20.27,21.29,27162305,49.53,51.48,48.88,51.34,11265200,2026-02-21T03:45:39Z
COP,2008-12-23,20.1,20.85,20.03,20.68,27954902,48.46,50.26,48.3,49.86,11593900,2026-02-21T03:45:39Z
COP,2008-12-24,19.91,20.15,19.83,20,10234906,48,48.58,47.81,48.22,4244800,2026-02-21T03:45:39Z
COP,2008-12-26,20.15,20.28,19.87,20.02,12398923,48.59,48.89,47.9,48.28,5142300,2026-02-21T03:45:39Z
COP,2008-12-29,20.32,20.73,20.04,20.53,23708293,49,49.99,48.31,49.51,9832700,2026-02-21T03:45:39Z
COP,2008-12-30,21.34,21.38,20.24,20.38,22499822,51.45,51.56,48.8,49.14,9331500,2026-02-21T03:45:39Z
COP,2008-12-31,21.48,21.76,21.09,21.21,23978303,51.8,52.47,50.84,51.13,9944700,2026-02-21T03:45:39Z
COP,2009-01-02,22.75,22.91,21.5,21.56,28560300,54.85,55.24,51.83,51.98,11845000,2026-02-21T03:45:39Z
COP,2009-01-05,23.01,23.25,22.58,22.67,37478792,55.47,56.05,54.45,54.65,15543800,2026-02-21T03:45:39Z
COP,2009-01-06,23.09,23.82,22.94,23.45,31401659,55.68,57.44,55.31,56.53,13023400,2026-02-21T03:45:39Z
COP,2009-01-07,22.08,22.81,21.87,22.81,24717107,53.24,55,52.74,55,10251100,2026-02-21T03:45:39Z
COP,2009-01-08,22.39,22.5,21.8,21.98,18538054,53.99,54.24,52.57,52.99,7688400,2026-02-21T03:45:39Z
COP,2009-01-09,21.56,22.48,21.48,22.4,25398238,51.99,54.19,51.8,54,10533600,2026-02-21T03:45:39Z
COP,2009-01-12,20.93,21.35,20.7,21.32,28042316,50.47,51.47,49.91,51.4,11630200,2026-02-21T03:45:39Z
COP,2009-01-13,21.24,21.49,20.82,20.85,29958545,51.22,51.81,50.21,50.27,12424900,2026-02-21T03:45:39Z
COP,2009-01-14,20.41,20.99,20.13,20.95,35669207,49.22,50.6,48.53,50.52,14793300,2026-02-21T03:45:39Z
COP,2009-01-15,20.1,20.36,19.14,20.31,56015170,48.46,49.09,46.16,48.96,23231500,2026-02-21T03:45:39Z
COP,2009-01-16,20.48,20.81,20.04,20.48,38389415,49.38,50.18,48.33,49.39,15921500,2026-02-21T03:45:39Z
COP,2009-01-20,18.95,20.2,18.85,20,44458127,45.69,48.71,45.46,48.22,18438400,2026-02-21T03:45:39Z
COP,2009-01-21,20.48,20.49,19.04,19.04,38864897,49.38,49.4,45.9,45.91,16118700,2026-02-21T03:45:39Z
COP,2009-01-22,19.94,20.43,19.48,20.04,33280371,48.09,49.25,46.97,48.32,13802600,2026-02-21T03:45:39Z
COP,2009-01-23,19.98,20.31,19.29,19.43,28845067,48.18,48.97,46.5,46.86,11963100,2026-02-21T03:45:39Z
COP,2009-01-26,20.38,21.04,20.13,20.25,28814929,49.13,50.72,48.53,48.83,11950600,2026-02-21T03:45:39Z
COP,2009-01-27,20.53,20.72,20.11,20.38,27201614,49.51,49.97,48.5,49.13,11281500,2026-02-21T03:45:39Z
COP,2009-01-28,20.8,20.99,20.41,20.99,45033619,50.16,50.62,49.22,50.62,18677100,2026-02-21T03:45:39Z
COP,2009-01-29,19.56,20.33,19.44,20.33,38838582,47.16,49.01,46.88,49.01,16107800,2026-02-21T03:45:39Z
COP,2009-01-30,19.71,20.03,19.58,19.87,45820234,47.53,48.29,47.21,47.91,19003300,2026-02-21T03:45:39Z
COP,2009-02-02,18.97,19.39,18.87,19.39,41153117,45.73,46.75,45.5,46.75,17067700,2026-02-21T03:45:39Z
COP,2009-02-03,19.18,19.33,18.87,19.12,33384749,46.25,46.6,45.5,46.1,13845900,2026-02-21T03:45:39Z
COP,2009-02-04,19.01,19.42,18.88,19.42,34668228,45.83,46.83,45.51,46.83,14378200,2026-02-21T03:45:39Z
COP,2009-02-05,19.46,19.63,18.69,18.9,39353640,46.91,47.32,45.06,45.58,16321400,2026-02-21T03:45:39Z
COP,2009-02-06,19.88,20.01,19.1,19.25,29895318,47.94,48.24,46.05,46.42,12398700,2026-02-21T03:45:39Z
COP,2009-02-09,20.13,20.39,19.75,19.92,30764540,48.53,49.17,47.62,48.03,12759200,2026-02-21T03:45:39Z
COP,2009-02-10,19.12,20.35,18.95,19.96,37855840,46.11,49.07,45.68,48.13,15700200,2026-02-21T03:45:39Z
COP,2009-02-11,19.06,19.48,18.68,19.39,30988331,45.96,46.96,45.04,46.74,12852000,2026-02-21T03:45:39Z
COP,2009-02-12,19.16,19.22,18.5,18.86,34439261,46.2,46.34,44.6,45.48,14283200,2026-02-21T03:45:39Z
COP,2009-02-13,18.94,19.34,18.91,19.19,24300270,45.67,46.63,45.6,46.26,10078200,2026-02-21T03:45:39Z
COP,2009-02-17,17.81,18.46,17.79,18.29,35003642,42.94,44.5,42.89,44.1,14517300,2026-02-21T03:45:39Z
COP,2009-02-18,17.53,18.06,17.37,17.94,38214167,42.27,43.55,41.89,43.26,15848800,2026-02-21T03:45:39Z
COP,2009-02-19,17.53,18.01,17.42,17.88,25808816,41.79,42.93,41.54,42.63,10824200,2026-02-21T03:45:39Z
COP,2009-02-20,16.54,17.19,16.34,17.19,54399738,39.44,40.99,38.97,40.99,22815200,2026-02-21T03:45:39Z
COP,2009-02-23,15.76,17.04,15.64,16.85,46503255,37.58,40.63,37.3,40.17,19503400,2026-02-21T03:45:39Z
COP,2009-02-24,16.46,16.51,15.78,15.9,41838469,39.25,39.36,37.63,37.92,17547000,2026-02-21T03:45:39Z
COP,2009-02-25,16.1,16.49,15.94,16.42,43930999,38.39,39.32,38,39.16,18424700,2026-02-21T03:45:39Z
COP,2009-02-26,16.13,16.77,16.08,16.38,34504591,38.45,39.99,38.35,39.06,14471200,2026-02-21T03:45:39Z
COP,2009-02-27,15.66,16.26,15.5,15.74,40813757,37.35,38.78,36.95,37.52,17117300,2026-02-21T03:45:39Z
COP,2009-03-02,14.73,15.46,14.7,15.4,46664591,35.13,36.85,35.05,36.71,19571100,2026-02-21T03:45:39Z
COP,2009-03-03,14.79,15.25,14.68,15.01,45773368,35.27,36.36,35,35.78,19197300,2026-02-21T03:45:39Z
COP,2009-03-04,15.54,15.87,15.16,15.34,40360436,37.05,37.85,36.15,36.58,16927200,2026-02-21T03:45:39Z
COP,2009-03-05,14.85,15.29,14.61,15.19,44672744,35.4,36.45,34.83,36.21,18735800,2026-02-21T03:45:39Z
COP,2009-03-06,14.83,15.5,14.31,15.2,50800852,35.36,36.95,34.12,36.24,21305900,2026-02-21T03:45:39Z
COP,2009-03-09,15.32,15.64,14.55,14.75,52725976,36.53,37.29,34.7,35.16,22113300,2026-02-21T03:45:39Z
COP,2009-03-10,15.94,16.02,15.67,15.76,49266568,38,38.2,37.37,37.57,20662400,2026-02-21T03:45:39Z
COP,2009-03-11,15.93,16.34,15.63,16.04,36071559,37.98,38.95,37.26,38.25,15128400,2026-02-21T03:45:39Z
COP,2009-03-12,15.68,16.1,15.17,15.95,61040161,37.39,38.38,36.16,38.02,25600300,2026-02-21T03:45:39Z
COP,2009-03-13,15.27,15.95,14.83,15.9,61943235,36.41,38.04,35.35,37.9,25978900,2026-02-21T03:45:39Z
COP,2009-03-16,15.15,15.73,15.12,15.33,45372285,36.12,37.5,36.05,36.54,19029100,2026-02-21T03:45:39Z
COP,2009-03-17,15.77,15.78,15.06,15.21,40929529,37.6,37.63,35.9,36.26,17165800,2026-02-21T03:45:39Z
COP,2009-03-18,16.06,16.21,15.25,15.65,41057534,38.29,38.66,36.37,37.31,17219500,2026-02-21T03:45:39Z
COP,2009-03-19,16.04,16.87,16.03,16.74,61965620,38.25,40.23,38.23,39.91,25988300,2026-02-21T03:45:39Z
COP,2009-03-20,15.86,16.48,15.79,16.28,53445446,37.81,39.3,37.65,38.82,22415000,2026-02-21T03:45:39Z
COP,2009-03-23,17.09,17.1,16.25,16.27,43794117,40.75,40.78,38.75,38.79,18367200,2026-02-21T03:45:39Z
COP,2009-03-24,16.62,16.97,16.47,16.78,32203678,39.62,40.46,39.28,40,13506200,2026-02-21T03:45:39Z
COP,2009-03-25,16.65,16.96,16.2,16.63,36471586,39.7,40.43,38.62,39.64,15296200,2026-02-21T03:45:39Z
COP,2009-03-26,16.91,17.05,16.63,16.99,32797830,40.31,40.66,39.66,40.5,13755400,2026-02-21T03:45:39Z
COP,2009-03-27,16.91,17.12,16.61,16.69,34260617,40.33,40.83,39.61,39.8,14368900,2026-02-21T03:45:39Z
COP,2009-03-30,16.36,16.52,16.04,16.51,40283708,39.02,39.4,38.25,39.37,16895000,2026-02-21T03:45:39Z
COP,2009-03-31,16.42,16.8,16.34,16.57,41023614,39.16,40.05,38.95,39.5,17205300,2026-02-21T03:45:39Z
COP,2009-04-01,16.69,16.85,16,16.04,36827177,39.8,40.18,38.15,38.25,15445300,2026-02-21T03:45:39Z
COP,2009-04-02,17.38,17.83,17.14,17.2,47702993,41.45,42.5,40.86,41.01,20006600,2026-02-21T03:45:39Z
COP,2009-04-03,17.77,17.84,17.06,17.29,41041925,42.36,42.53,40.68,41.23,17213000,2026-02-21T03:45:39Z
COP,2009-04-06,17.26,17.66,17.05,17.44,35074400,41.16,42.1,40.66,41.58,14710200,2026-02-21T03:45:39Z
COP,2009-04-07,16.65,16.95,16.55,16.94,31473270,39.69,40.42,39.47,40.4,13199900,2026-02-21T03:45:39Z
COP,2009-04-08,16.59,16.67,16.13,16.5,35418632,39.55,39.75,38.47,39.34,14854600,2026-02-21T03:45:39Z
COP,2009-04-09,16.94,17.05,16.66,16.99,29729306,40.4,40.65,39.72,40.5,12468500,2026-02-21T03:45:39Z
COP,2009-04-13,16.8,16.97,16.51,16.72,22876440,40.06,40.45,39.36,39.86,9594400,2026-02-21T03:45:39Z
COP,2009-04-14,16.6,16.96,16.45,16.62,28055010,39.57,40.43,39.21,39.63,11766300,2026-02-21T03:45:39Z
COP,2009-04-15,16.65,16.7,16.26,16.54,27954430,39.7,39.83,38.76,39.44,11724100,2026-02-21T03:45:39Z
COP,2009-04-16,16.69,16.79,16.32,16.79,29000759,39.79,40.03,38.91,40.03,12162900,2026-02-21T03:45:39Z
COP,2009-04-17,16.85,17.04,16.66,16.73,30717210,40.17,40.63,39.72,39.89,12882800,2026-02-21T03:45:39Z
COP,2009-04-20,15.91,16.55,15.85,16.51,33455729,37.94,39.47,37.79,39.36,14031300,2026-02-21T03:45:39Z
COP,2009-04-21,16.24,16.31,15.74,15.79,30261512,38.71,38.88,37.52,37.65,12691700,2026-02-21T03:45:39Z
COP,2009-04-22,15.96,16.31,15.93,16.07,28906228,38.06,38.89,37.98,38.32,12123300,2026-02-21T03:45:39Z
COP,2009-04-23,16.75,16.78,16.24,16.45,44409507,39.93,40,38.71,39.23,18625300,2026-02-21T03:45:39Z
COP,2009-04-24,17.28,17.6,17.03,17.1,40122253,41.21,41.96,40.6,40.76,16827300,2026-02-21T03:45:39Z
COP,2009-04-27,17.21,17.33,16.8,16.91,35625379,41.03,41.33,40.05,40.31,14941300,2026-02-21T03:45:39Z
COP,2009-04-28,17.07,17.3,16.96,16.99,25664968,40.7,41.25,40.44,40.51,10763900,2026-02-21T03:45:39Z
COP,2009-04-29,17.41,17.61,17.09,17.22,32882441,41.51,42,40.74,41.05,13790900,2026-02-21T03:45:39Z
COP,2009-04-30,17.2,17.71,16.99,17.64,34263469,41,42.23,40.52,42.05,14370100,2026-02-21T03:45:39Z
COP,2009-05-01,17.82,17.85,17.2,17.26,34236527,42.5,42.56,41.02,41.15,14358800,2026-02-21T03:45:39Z
COP,2009-05-04,18.4,18.48,17.93,18.06,33296579,43.87,44.05,42.75,43.05,13964600,2026-02-21T03:45:39Z
COP,2009-05-05,18.02,18.58,17.91,18.54,23806660,42.96,44.29,42.71,44.2,9984500,2026-02-21T03:45:39Z
COP,2009-05-06,18.55,18.74,18.16,18.35,33412672,44.22,44.67,43.3,43.75,14013300,2026-02-21T03:45:39Z
COP,2009-05-07,18.34,19.08,18.22,18.97,41513253,43.74,45.5,43.45,45.24,17410700,2026-02-21T03:45:39Z
COP,2009-05-08,19.67,19.83,18.72,18.76,53180165,46.91,47.27,44.64,44.74,22303700,2026-02-21T03:45:39Z
COP,2009-05-11,18.93,19.27,18.81,19.27,31263747,45.13,45.94,44.85,45.94,13112000,2026-02-21T03:45:39Z
COP,2009-05-12,19.07,19.37,18.85,19.18,29622345,45.47,46.19,44.95,45.74,12423600,2026-02-21T03:45:39Z
COP,2009-05-13,18.71,19.32,18.65,18.86,34765693,44.6,46.07,44.46,44.97,14580700,2026-02-21T03:45:39Z
COP,2009-05-14,18.76,18.94,18.47,18.55,23676272,44.74,45.17,44.03,44.23,9929800,2026-02-21T03:45:39Z
COP,2009-05-15,18.42,18.8,18.28,18.66,23898479,43.93,44.82,43.58,44.49,10023000,2026-02-21T03:45:39Z
COP,2009-05-18,19.09,19.26,18.68,18.7,26006182,45.52,45.93,44.55,44.59,10907000,2026-02-21T03:45:39Z
COP,2009-05-19,19.25,19.51,19.19,19.23,26359506,45.9,46.52,45.75,45.86,11055200,2026-02-21T03:45:39Z
COP,2009-05-20,19.37,19.85,19.31,19.61,27308993,46.19,47.32,46.04,46.76,11453400,2026-02-21T03:45:39Z
COP,2009-05-21,18.92,19.22,18.7,19.14,28169959,44.66,45.35,44.13,45.18,11935900,2026-02-21T03:45:39Z
COP,2009-05-22,18.8,19.14,18.76,19.04,17789008,44.38,45.17,44.27,44.93,7537400,2026-02-21T03:45:39Z
COP,2009-05-26,19.08,19.13,18.52,18.64,23941561,45.03,45.15,43.7,44,10144300,2026-02-21T03:45:39Z
COP,2009-05-27,18.84,19.53,18.75,19.13,26385476,44.47,46.1,44.26,45.14,11179800,2026-02-21T03:45:39Z
COP,2009-05-28,19.33,19.44,19,19,35762035,45.61,45.88,44.83,44.85,15152800,2026-02-21T03:45:39Z
COP,2009-05-29,19.42,19.77,19.26,19.68,33048024,45.84,46.65,45.45,46.45,14002800,2026-02-21T03:45:39Z
COP,2009-06-01,20.3,20.42,19.8,19.93,31734771,47.9,48.19,46.72,47.03,13446400,2026-02-21T03:45:39Z
COP,2009-06-02,20.31,20.64,20.25,20.34,33642453,47.93,48.71,47.78,48,14254700,2026-02-21T03:45:39Z
COP,2009-06-03,19.33,20.03,19.05,20.03,49589301,45.63,47.28,44.95,47.28,21011500,2026-02-21T03:45:39Z
COP,2009-06-04,19.48,19.65,19.15,19.53,46786121,45.97,46.38,45.2,46.1,19823800,2026-02-21T03:45:39Z
COP,2009-06-05,19.07,19.76,18.95,19.64,43967457,45,46.63,44.72,46.35,18629500,2026-02-21T03:45:39Z
COP,2009-06-08,19.08,19.19,18.74,18.97,31872378,45.02,45.3,44.22,44.76,13504700,2026-02-21T03:45:39Z
COP,2009-06-09,19.3,19.48,19.03,19.29,30464690,45.55,45.97,44.91,45.52,12908200,2026-02-21T03:45:39Z
COP,2009-06-10,19.39,19.72,19.17,19.67,31653203,45.76,46.53,45.25,46.43,13411800,2026-02-21T03:45:39Z
COP,2009-06-11,19.3,19.7,19.27,19.45,42016220,45.55,46.5,45.47,45.91,17802700,2026-02-21T03:45:39Z
COP,2009-06-12,18.8,19.06,18.55,19.05,48384279,44.37,44.99,43.77,44.96,20501000,2026-02-21T03:45:39Z
COP,2009-06-15,18.26,18.58,17.99,18.57,48882937,43.1,43.86,42.45,43.83,20712300,2026-02-21T03:45:39Z
COP,2009-06-16,18.33,18.74,18.25,18.61,39035281,43.27,44.22,43.08,43.92,16539700,2026-02-21T03:45:39Z
COP,2009-06-17,18.02,18.32,17.78,18.26,33382949,42.53,43.23,41.96,43.1,14144700,2026-02-21T03:45:39Z
COP,2009-06-18,18.14,18.18,17.81,18,31382183,42.81,42.9,42.04,42.47,13297000,2026-02-21T03:45:39Z
COP,2009-06-19,18.21,18.49,18.16,18.39,40659704,42.97,43.63,42.85,43.4,17228000,2026-02-21T03:45:39Z
COP,2009-06-22,17.13,17.88,17.13,17.88,45930698,40.43,42.2,40.43,42.2,19461300,2026-02-21T03:45:39Z
COP,2009-06-23,17.48,17.6,17.18,17.4,37120542,41.25,41.54,40.54,41.06,15728400,2026-02-21T03:45:39Z
COP,2009-06-24,17.67,18.03,17.59,17.72,35514200,41.7,42.56,41.51,41.82,15047800,2026-02-21T03:45:39Z
COP,2009-06-25,17.69,17.8,17.36,17.6,42038018,41.76,42,40.98,41.53,17812000,2026-02-21T03:45:39Z
COP,2009-06-26,17.63,17.78,17.51,17.72,27153107,41.62,41.96,41.32,41.83,11505100,2026-02-21T03:45:39Z
COP,2009-06-29,17.88,18.04,17.74,17.9,31673376,42.21,42.57,41.86,42.24,13420400,2026-02-21T03:45:39Z
COP,2009-06-30,17.82,18.03,17.5,17.88,49809845,42.06,42.56,41.3,42.19,21105000,2026-02-21T03:45:39Z
COP,2009-07-01,17.82,18.19,17.8,18.14,28246349,42.06,42.94,42,42.8,11968300,2026-02-21T03:45:39Z
COP,2009-07-02,17.36,17.6,17.36,17.58,29445312,40.96,41.54,40.96,41.49,12476300,2026-02-21T03:45:39Z
COP,2009-07-06,17.3,17.33,16.84,17,32442432,40.83,40.89,39.74,40.13,13746200,2026-02-21T03:45:39Z
COP,2009-07-07,16.94,17.3,16.75,17.26,38872729,39.99,40.84,39.54,40.73,16470800,2026-02-21T03:45:39Z
COP,2009-07-08,16.71,16.98,16.36,16.87,54102313,39.44,40.08,38.62,39.81,22923800,2026-02-21T03:45:39Z
COP,2009-07-09,17.08,17.36,16.89,16.93,37988604,40.31,40.97,39.87,39.96,16096200,2026-02-21T03:45:39Z
COP,2009-07-10,16.83,16.89,16.55,16.81,29993321,39.72,39.85,39.06,39.67,12708500,2026-02-21T03:45:39Z
COP,2009-07-13,17.21,17.22,16.59,16.94,30975960,40.62,40.64,39.16,39.97,13124900,2026-02-21T03:45:39Z
COP,2009-07-14,17.18,17.47,17.02,17.32,34283472,40.55,41.24,40.18,40.87,14526300,2026-02-21T03:45:39Z
COP,2009-07-15,17.64,17.71,17.4,17.45,32411527,41.64,41.8,41.07,41.18,13733100,2026-02-21T03:45:39Z
COP,2009-07-16,17.95,18.05,17.52,17.54,27406231,42.37,42.6,41.34,41.4,11612300,2026-02-21T03:45:39Z
COP,2009-07-17,17.96,18.11,17.8,17.96,26014862,42.38,42.74,42,42.39,11022800,2026-02-21T03:45:39Z
COP,2009-07-20,18.3,18.36,18.03,18.17,30457279,43.19,43.32,42.56,42.88,12905100,2026-02-21T03:45:39Z
COP,2009-07-21,18.43,18.61,18.22,18.45,29066794,43.5,43.93,43,43.55,12315900,2026-02-21T03:45:39Z
COP,2009-07-22,18.29,18.5,18.06,18.2,26290989,43.16,43.65,42.63,42.95,11139800,2026-02-21T03:45:39Z
COP,2009-07-23,18.64,18.73,18.25,18.26,29127083,43.99,44.2,43.06,43.1,12341500,2026-02-21T03:45:39Z
COP,2009-07-24,19.05,19.11,18.54,18.54,29161638,44.95,45.11,43.75,43.76,12356100,2026-02-21T03:45:39Z
COP,2009-07-27,19.17,19.38,19,19.14,26753881,45.25,45.74,44.84,45.17,11335900,2026-02-21T03:45:39Z
COP,2009-07-28,19.02,19.11,18.71,18.96,33097131,44.9,45.09,44.16,44.75,14023600,2026-02-21T03:45:39Z
COP,2009-07-29,18.35,18.81,18.14,18.8,45375918,42.86,43.93,42.37,43.9,19429700,2026-02-21T03:45:39Z
COP,2009-07-30,18.49,18.8,18.35,18.61,32343983,43.19,43.9,42.86,43.46,13849500,2026-02-21T03:45:39Z
COP,2009-07-31,18.72,18.77,18.24,18.41,32038388,43.71,43.84,42.59,43,13718600,2026-02-21T03:45:39Z
COP,2009-08-03,19.26,19.41,18.95,18.99,31080852,44.99,45.34,44.26,44.34,13308600,2026-02-21T03:45:39Z
COP,2009-08-04,19.2,19.3,19.02,19.18,20471795,44.85,45.07,44.43,44.8,8765900,2026-02-21T03:45:39Z
COP,2009-08-05,19.09,19.24,18.91,19.21,20754222,44.59,44.92,44.15,44.87,8886800,2026-02-21T03:45:39Z
COP,2009-08-06,18.89,19.15,18.76,19.11,18726578,44.12,44.71,43.82,44.63,8018600,2026-02-21T03:45:39Z
COP,2009-08-07,18.87,19.2,18.81,19.15,16524760,44.07,44.83,43.92,44.71,7075800,2026-02-21T03:45:39Z
COP,2009-08-10,18.93,19.06,18.77,18.84,19834742,44.22,44.5,43.84,43.99,8493100,2026-02-21T03:45:39Z
COP,2009-08-11,18.68,18.96,18.65,18.86,18977870,43.62,44.27,43.56,44.05,8126200,2026-02-21T03:45:39Z
COP,2009-08-12,18.79,18.92,18.69,18.69,26071876,43.89,44.19,43.64,43.64,11163800,2026-02-21T03:45:39Z
COP,2009-08-13,18.93,18.95,18.68,18.85,24485234,44.21,44.25,43.62,44.03,10484400,2026-02-21T03:45:39Z
COP,2009-08-14,18.74,19.01,18.52,18.93,19778473,43.77,44.4,43.25,44.21,8469000,2026-02-21T03:45:39Z
COP,2009-08-17,18.14,18.33,18.01,18.33,23896875,42.36,42.81,42.06,42.81,10232500,2026-02-21T03:45:39Z
COP,2009-08-18,18.24,18.33,18.07,18.17,18953541,42.59,42.81,42.2,42.44,8115800,2026-02-21T03:45:39Z
COP,2009-08-19,18.46,18.69,18.01,18.06,24234843,43.12,43.64,42.05,42.17,10377200,2026-02-21T03:45:39Z
COP,2009-08-20,18.52,18.69,18.4,18.49,21193419,43.25,43.65,42.98,43.17,9074900,2026-02-21T03:45:39Z
COP,2009-08-21,18.93,18.97,18.73,18.83,36668607,44.2,44.31,43.75,43.98,15701300,2026-02-21T03:45:39Z
COP,2009-08-24,19.4,19.44,19.03,19.07,39816911,45.31,45.41,44.44,44.54,17049300,2026-02-21T03:45:39Z
COP,2009-08-25,19.28,19.62,19.21,19.48,27488905,45.03,45.83,44.87,45.5,11770600,2026-02-21T03:45:39Z
COP,2009-08-26,19.52,19.59,19.06,19.12,36293013,45.59,45.76,44.5,44.66,15540400,2026-02-21T03:45:39Z
COP,2009-08-27,19.58,19.65,19.09,19.48,35132692,45.73,45.88,44.57,45.49,15043600,2026-02-21T03:45:39Z
COP,2009-08-28,19.57,19.74,19.47,19.68,15526891,45.7,46.11,45.46,45.96,6648500,2026-02-21T03:45:39Z
COP,2009-08-31,19.28,19.41,19.13,19.35,24025762,45.03,45.34,44.67,45.2,10287700,2026-02-21T03:45:39Z
COP,2009-09-01,18.9,19.5,18.84,19.26,35730425,44.15,45.53,44,44.98,15299500,2026-02-21T03:45:39Z
COP,2009-09-02,18.99,19.21,18.94,19.16,24737647,44.34,44.87,44.23,44.74,10592500,2026-02-21T03:45:39Z
COP,2009-09-03,18.93,19.09,18.81,19.07,16800830,44.22,44.58,43.92,44.54,7194000,2026-02-21T03:45:39Z
COP,2009-09-04,19.26,19.32,18.87,18.87,19806194,44.97,45.12,44.07,44.07,8480900,2026-02-21T03:45:39Z
COP,2009-09-08,19.7,19.8,19.57,19.59,21400372,46,46.24,45.7,45.75,9163500,2026-02-21T03:45:39Z
COP,2009-09-09,19.62,19.82,19.5,19.76,23926342,45.83,46.29,45.53,46.14,10245100,2026-02-21T03:45:39Z
COP,2009-09-10,19.86,19.89,19.56,19.71,23599627,46.38,46.46,45.69,46.04,10105200,2026-02-21T03:45:39Z
COP,2009-09-11,19.68,20.01,19.58,19.91,24993338,45.96,46.73,45.72,46.5,10702000,2026-02-21T03:45:39Z
COP,2009-09-14,19.95,19.98,19.41,19.42,26107869,46.59,46.67,45.32,45.36,11179200,2026-02-21T03:45:39Z
COP,2009-09-15,19.84,20.02,19.72,19.99,34482319,46.33,46.76,46.05,46.69,14765100,2026-02-21T03:45:39Z
COP,2009-09-16,20.04,20.06,19.84,19.97,28169001,46.79,46.84,46.34,46.63,12061800,2026-02-21T03:45:39Z
COP,2009-09-17,20.04,20.15,19.85,19.98,25530482,46.79,47.06,46.35,46.67,10932000,2026-02-21T03:45:39Z
COP,2009-09-18,20.04,20.25,19.91,20.14,28760063,46.8,47.3,46.5,47.04,12314900,2026-02-21T03:45:39Z
COP,2009-09-21,19.76,19.84,19.61,19.76,22309107,46.15,46.34,45.79,46.14,9552600,2026-02-21T03:45:39Z
COP,2009-09-22,19.97,20.06,19.85,19.98,18501023,46.64,46.85,46.36,46.66,7922000,2026-02-21T03:45:39Z
COP,2009-09-23,19.62,20.04,19.59,20.03,33701131,45.83,46.79,45.75,46.77,14430600,2026-02-21T03:45:39Z
COP,2009-09-24,19.29,19.67,19.18,19.64,27435027,45.06,45.93,44.8,45.87,11747500,2026-02-21T03:45:39Z
COP,2009-09-25,19.29,19.55,19.23,19.31,20738055,45.06,45.65,44.91,45.1,8879900,2026-02-21T03:45:39Z
COP,2009-09-28,19.56,19.65,19.35,19.36,19962899,45.69,45.89,45.19,45.22,8548000,2026-02-21T03:45:39Z
COP,2009-09-29,19.36,19.71,19.33,19.71,26658286,45.22,46.04,45.15,46.04,11414900,2026-02-21T03:45:39Z
COP,2009-09-30,19.34,19.49,19.07,19.44,39676494,45.16,45.51,44.53,45.39,16989200,2026-02-21T03:45:39Z
COP,2009-10-01,19.48,19.62,19.22,19.27,55858176,45.5,45.82,44.88,45,23918100,2026-02-21T03:45:39Z
COP,2009-10-02,20.04,20.15,19.27,19.35,62709367,46.8,47.06,45,45.2,26851800,2026-02-21T03:45:39Z
COP,2009-10-05,20.49,20.58,20.1,20.17,41174927,47.86,48.06,46.94,47.11,17630800,2026-02-21T03:45:39Z
COP,2009-10-06,20.73,20.89,20.56,20.74,43267687,48.41,48.78,48.02,48.43,18526900,2026-02-21T03:45:39Z
COP,2009-10-07,21.28,21.3,20.55,20.59,57503487,49.7,49.75,48,48.09,24622600,2026-02-21T03:45:39Z
COP,2009-10-08,22.01,22.26,21.28,21.39,67244926,51.41,51.99,49.7,49.95,28793800,2026-02-21T03:45:39Z
COP,2009-10-09,21.74,21.94,21.53,21.88,29023749,50.78,51.23,50.28,51.09,12427800,2026-02-21T03:45:39Z
COP,2009-10-12,21.99,22.22,21.9,22.05,21542615,51.36,51.89,51.14,51.5,9224400,2026-02-21T03:45:39Z
COP,2009-10-13,21.83,22.05,21.58,21.98,27595497,50.97,51.5,50.4,51.34,11816200,2026-02-21T03:45:39Z
COP,2009-10-14,21.77,22.04,21.7,21.98,38145066,50.84,51.47,50.68,51.34,16333500,2026-02-21T03:45:39Z
COP,2009-10-15,22.17,22.22,21.58,21.68,39931438,51.77,51.89,50.4,50.62,17098400,2026-02-21T03:45:39Z
COP,2009-10-16,22.25,22.42,22.02,22.06,31029476,51.96,52.35,51.42,51.51,13286600,2026-02-21T03:45:39Z
COP,2009-10-19,22.73,22.87,22.27,22.37,30368063,53.08,53.4,52,52.25,13003400,2026-02-21T03:45:39Z
COP,2009-10-20,22.65,22.9,22.37,22.84,24433616,52.9,53.49,52.25,53.33,10462300,2026-02-21T03:45:39Z
COP,2009-10-21,22.68,23.17,22.38,22.54,31476668,52.97,54.11,52.27,52.65,13478100,2026-02-21T03:45:39Z
COP,2009-10-22,22.66,22.69,22.23,22.63,25831058,52.93,52.98,51.91,52.84,11060700,2026-02-21T03:45:39Z
COP,2009-10-23,22.25,22.79,22.11,22.72,25817786,51.97,53.23,51.63,53.07,11055000,2026-02-21T03:45:39Z
COP,2009-10-26,21.73,22.78,21.59,22.33,38464688,50.74,53.2,50.42,52.14,16470300,2026-02-21T03:45:39Z
COP,2009-10-27,22.01,22.25,21.86,21.95,46271932,51.4,51.97,51.05,51.25,19813300,2026-02-21T03:45:39Z
COP,2009-10-28,21.4,22.18,21.3,22.02,59928703,49.49,51.3,49.27,50.92,25913200,2026-02-21T03:45:39Z
COP,2009-10-29,22.2,22.29,21.52,21.64,38466680,51.33,51.55,49.77,50.04,16633000,2026-02-21T03:45:39Z
COP,2009-10-30,21.7,22.23,21.49,22.12,38163099,50.18,51.41,49.7,51.15,16501700,2026-02-21T03:45:39Z
COP,2009-11-02,21.61,22.07,21.31,21.7,25723467,49.98,51.03,49.28,50.18,11122800,2026-02-21T03:45:39Z
COP,2009-11-03,21.94,22.02,21.24,21.3,29058974,50.75,50.92,49.13,49.25,12565100,2026-02-21T03:45:39Z
COP,2009-11-04,22.16,22.49,22.05,22.08,27065449,51.25,52,51,51.07,11703100,2026-02-21T03:45:39Z
COP,2009-11-05,22.46,22.63,22.29,22.29,22038369,51.95,52.33,51.54,51.56,9529400,2026-02-21T03:45:39Z
COP,2009-11-06,22.53,22.65,22.19,22.25,19536971,52.11,52.39,51.31,51.45,8447800,2026-02-21T03:45:39Z
COP,2009-11-09,22.85,23.02,22.77,22.83,21042358,52.85,53.23,52.65,52.79,9098700,2026-02-21T03:45:39Z
COP,2009-11-10,23.17,23.24,22.73,22.73,31636669,53.58,53.75,52.57,52.57,13679700,2026-02-21T03:45:39Z
COP,2009-11-11,22.99,23.39,22.92,23.33,24896835,53.16,54.09,53,53.95,10765400,2026-02-21T03:45:39Z
COP,2009-11-12,22.58,23.01,22.48,22.92,24130693,52.22,53.22,51.99,53.01,10434100,2026-02-21T03:45:39Z
COP,2009-11-13,22.84,23,22.42,22.61,22646382,52.83,53.2,51.85,52.3,9792300,2026-02-21T03:45:39Z
COP,2009-11-16,23.28,23.41,22.96,22.97,21898259,53.84,54.13,53.09,53.13,9468800,2026-02-21T03:45:39Z
COP,2009-11-17,23.22,23.31,22.97,23.15,19479927,53.69,53.91,53.11,53.54,8423100,2026-02-21T03:45:39Z
COP,2009-11-18,23.17,23.33,22.95,23.25,19586256,53.58,53.96,53.07,53.76,8469100,2026-02-21T03:45:39Z
COP,2009-11-19,22.73,23.04,22.65,23,22418174,52.56,53.29,52.39,53.2,9693600,2026-02-21T03:45:39Z
COP,2009-11-20,22.52,22.72,22.33,22.61,27413957,52.08,52.55,51.63,52.28,11853800,2026-02-21T03:45:39Z
COP,2009-11-23,22.64,23.21,22.55,22.82,24852206,52.37,53.67,52.15,52.78,10746100,2026-02-21T03:45:39Z
COP,2009-11-24,22.78,22.83,22.39,22.61,24437362,52.68,52.8,51.79,52.28,10566700,2026-02-21T03:45:39Z
COP,2009-11-25,22.87,22.9,22.69,22.79,16729923,52.9,52.96,52.48,52.7,7234000,2026-02-21T03:45:39Z
COP,2009-11-27,22.45,22.56,21.97,22.12,12157960,51.92,52.18,50.8,51.15,5257100,2026-02-21T03:45:39Z
COP,2009-11-30,22.39,22.58,22.18,22.39,19485008,51.77,52.23,51.29,51.77,8425300,2026-02-21T03:45:39Z
