ticker,tradeDate,clsPx,hiPx,loPx,open,stockVolume,unadjClsPx,unadjHiPx,unadjLoPx,unadjOpen,unadjStockVolume,updatedAt
COST,2006-01-03,34.71,34.8,33.89,34.59,3714726,49.92,50.05,48.74,49.75,2583000,2026-02-03T03:45:01Z
COST,2006-01-04,34.82,34.93,34.47,34.64,3336643,50.08,50.23,49.57,49.81,2320100,2026-02-03T03:45:01Z
COST,2006-01-05,34.61,35.1,34.36,35.1,5135908,49.78,50.48,49.41,50.48,3571200,2026-02-03T03:45:01Z
COST,2006-01-06,34.66,34.81,34.46,34.8,3779014,49.85,50.06,49.56,50.05,2627700,2026-02-03T03:45:01Z
COST,2006-01-09,34.8,34.98,34.5,34.72,4665626,50.05,50.3,49.61,49.93,3244200,2026-02-03T03:45:01Z
COST,2006-01-10,34.77,34.86,34.56,34.56,2204245,50,50.13,49.7,49.7,1532700,2026-02-03T03:45:01Z
COST,2006-01-11,35.25,35.32,34.71,34.77,3031896,50.69,50.79,49.92,50,2108200,2026-02-03T03:45:01Z
COST,2006-01-12,35.27,35.43,34.99,35.27,3172979,50.73,50.96,50.32,50.72,2206300,2026-02-03T03:45:01Z
COST,2006-01-13,35.46,35.52,35.3,35.43,2748155,51,51.08,50.76,50.95,1910900,2026-02-03T03:45:01Z
COST,2006-01-17,35.18,35.41,35.07,35.33,3635631,50.6,50.93,50.44,50.81,2528000,2026-02-03T03:45:01Z
COST,2006-01-18,35.28,35.39,34.85,34.91,4029832,50.74,50.9,50.12,50.2,2802100,2026-02-03T03:45:01Z
COST,2006-01-19,35.18,35.34,34.85,35.24,3166081,50.59,50.83,50.12,50.68,2201500,2026-02-03T03:45:01Z
COST,2006-01-20,34.55,35.34,34.54,35.16,7110343,49.69,50.83,49.67,50.56,4944100,2026-02-03T03:45:01Z
COST,2006-01-23,34.16,34.7,34.04,34.48,5066738,49.13,49.9,48.95,49.59,3523100,2026-02-03T03:45:01Z
COST,2006-01-24,34.45,34.7,34.13,34.2,3564730,49.55,49.9,49.09,49.19,2478700,2026-02-03T03:45:01Z
COST,2006-01-25,34.73,34.93,34.27,34.41,3138750,49.94,50.23,49.28,49.48,2182500,2026-02-03T03:45:01Z
COST,2006-01-26,34.83,35.05,34.66,35.05,3140476,50.09,50.4,49.84,50.4,2183700,2026-02-03T03:45:01Z
COST,2006-01-27,34.8,35.37,34.72,34.79,2507691,50.05,50.87,49.93,50.03,1743700,2026-02-03T03:45:01Z
COST,2006-01-30,34.54,34.93,34.36,34.71,2513589,49.68,50.23,49.42,49.92,1747800,2026-02-03T03:45:01Z
COST,2006-01-31,34.69,34.82,34.27,34.59,2713637,49.89,50.08,49.29,49.74,1886900,2026-02-03T03:45:01Z
COST,2006-02-01,34.42,34.79,34.1,34.71,3486067,49.5,50.03,49.04,49.92,2424000,2026-02-03T03:45:01Z
COST,2006-02-02,34.91,35.06,34.24,34.61,3321542,50.21,50.42,49.24,49.77,2309600,2026-02-03T03:45:01Z
COST,2006-02-03,34.38,35,34.25,34.57,3420922,49.45,50.34,49.26,49.71,2378700,2026-02-03T03:45:01Z
COST,2006-02-06,34.26,34.39,34.04,34.18,2013979,49.27,49.45,48.96,49.16,1400400,2026-02-03T03:45:01Z
COST,2006-02-07,33.96,34.6,33.82,34.4,3791144,48.72,49.64,48.53,49.35,2642300,2026-02-03T03:45:01Z
COST,2006-02-08,34.2,34.27,33.79,33.93,2061077,49.07,49.17,48.48,48.68,1436500,2026-02-03T03:45:01Z
COST,2006-02-09,34.13,34.5,33.96,33.98,2889095,48.97,49.5,48.72,48.76,2013600,2026-02-03T03:45:01Z
COST,2006-02-10,34.67,34.81,34.07,34.23,3057537,49.74,49.94,48.88,49.11,2131000,2026-02-03T03:45:01Z
COST,2006-02-13,34.92,34.92,34.6,34.63,2234970,50.11,50.11,49.64,49.68,1557700,2026-02-03T03:45:01Z
COST,2006-02-14,35.67,35.78,34.85,34.96,4290742,51.18,51.33,50,50.16,2990500,2026-02-03T03:45:01Z
COST,2006-02-15,35.94,35.95,35.43,35.62,3700173,51.57,51.58,50.84,51.1,2578900,2026-02-03T03:45:01Z
COST,2006-02-16,36.06,36.35,35.82,35.98,3292558,51.74,52.15,51.4,51.63,2294800,2026-02-03T03:45:01Z
COST,2006-02-17,35.53,36.17,35.45,36.03,2464677,50.98,51.89,50.86,51.69,1717800,2026-02-03T03:45:01Z
COST,2006-02-21,35.34,35.78,35.2,35.55,2544598,50.7,51.34,50.5,51.01,1773500,2026-02-03T03:45:01Z
COST,2006-02-22,35.9,36.18,35.43,35.49,2584345,51.51,51.91,50.83,50.92,1801200,2026-02-03T03:45:01Z
COST,2006-02-23,35.62,36.02,35.52,35.92,2403555,51.11,51.68,50.97,51.54,1675200,2026-02-03T03:45:01Z
COST,2006-02-24,35.33,35.71,35.13,35.71,1981589,50.69,51.23,50.4,51.23,1381100,2026-02-03T03:45:01Z
COST,2006-02-27,35.97,36.21,35.2,35.53,3286388,51.61,51.96,50.51,50.98,2290500,2026-02-03T03:45:01Z
COST,2006-02-28,35.68,36.17,35.48,35.82,3783397,51.19,51.9,50.91,51.4,2636900,2026-02-03T03:45:01Z
COST,2006-03-01,36.37,36.51,35.75,36.03,5243864,52.19,52.39,51.29,51.7,3654800,2026-02-03T03:45:01Z
COST,2006-03-02,36.8,37.15,35.39,35.72,9817553,52.8,53.3,50.78,51.25,6842500,2026-02-03T03:45:01Z
COST,2006-03-03,37.3,37.69,36.42,36.42,6436759,53.52,54.07,52.26,52.26,4486200,2026-02-03T03:45:01Z
COST,2006-03-06,37.47,37.5,36.81,37.1,9405622,53.76,53.81,52.81,53.23,6555400,2026-02-03T03:45:01Z
COST,2006-03-07,37.37,37.59,37.16,37.25,4809849,53.62,53.93,53.31,53.44,3352300,2026-02-03T03:45:01Z
COST,2006-03-08,37.48,37.56,37.27,37.36,3456693,53.77,53.89,53.48,53.6,2409200,2026-02-03T03:45:01Z
COST,2006-03-09,36.99,37.57,36.94,37.52,2946340,53.07,53.9,53,53.83,2053500,2026-02-03T03:45:01Z
COST,2006-03-10,37.62,37.64,36.97,37.01,3743219,53.97,54.01,53.04,53.1,2608900,2026-02-03T03:45:01Z
COST,2006-03-13,37.8,37.92,37.6,37.66,3844947,54.23,54.4,53.95,54.04,2679800,2026-02-03T03:45:01Z
COST,2006-03-14,38.52,38.55,37.64,37.66,5261233,55.27,55.31,54,54.03,3666900,2026-02-03T03:45:01Z
COST,2006-03-15,38.33,38.58,38.03,38.33,4196323,55,55.35,54.56,55,2924700,2026-02-03T03:45:01Z
COST,2006-03-16,38.33,38.47,38.17,38.38,3509490,55,55.19,54.77,55.07,2446000,2026-02-03T03:45:01Z
COST,2006-03-17,38.95,39.09,38.22,38.33,6398871,55.88,56.08,54.84,54.99,4459800,2026-02-03T03:45:01Z
COST,2006-03-20,39.03,39.25,38.77,38.97,5009856,56,56.31,55.62,55.91,3491700,2026-02-03T03:45:01Z
COST,2006-03-21,38.61,39.11,38.4,39.01,4748583,55.4,56.11,55.1,55.97,3309600,2026-02-03T03:45:01Z
COST,2006-03-22,38.44,38.56,38.06,38.47,4465778,55.16,55.33,54.61,55.19,3112500,2026-02-03T03:45:01Z
COST,2006-03-23,38.33,38.48,38.05,38.46,3051221,54.99,55.21,54.6,55.18,2126600,2026-02-03T03:45:01Z
COST,2006-03-24,38.08,38.6,37.85,38.39,3691994,54.64,55.38,54.31,55.08,2573200,2026-02-03T03:45:01Z
COST,2006-03-27,38.17,38.3,37.87,38,3133719,54.77,54.95,54.34,54.52,2184100,2026-02-03T03:45:01Z
COST,2006-03-28,37.82,38.53,37.71,38.3,4327177,54.27,55.29,54.1,54.95,3015900,2026-02-03T03:45:01Z
COST,2006-03-29,38.11,38.35,37.81,37.87,2830841,54.68,55.02,54.25,54.34,1973000,2026-02-03T03:45:01Z
COST,2006-03-30,37.79,38.39,37.6,38.05,3532309,54.22,55.08,53.95,54.6,2461900,2026-02-03T03:45:01Z
COST,2006-03-31,37.75,38.01,37.73,37.83,3117080,54.16,54.53,54.14,54.28,2172500,2026-02-03T03:45:01Z
COST,2006-04-03,37.86,38.18,37.71,37.97,3943663,54.32,54.78,54.11,54.48,2748600,2026-02-03T03:45:01Z
COST,2006-04-04,38.12,38.26,37.74,38.01,3041894,54.7,54.9,54.15,54.54,2120100,2026-02-03T03:45:01Z
COST,2006-04-05,38.43,38.59,37.96,38.03,4828213,55.14,55.37,54.46,54.57,3365100,2026-02-03T03:45:01Z
COST,2006-04-06,39.44,39.45,38.67,38.81,8341153,56.59,56.6,55.49,55.69,5813500,2026-02-03T03:45:01Z
COST,2006-04-07,38.82,39.99,38.77,39.34,5237559,55.7,57.38,55.62,56.45,3650400,2026-02-03T03:45:01Z
COST,2006-04-10,37.94,38.47,37.63,38.34,10092447,54.43,55.19,53.99,55.01,7034100,2026-02-03T03:45:01Z
COST,2006-04-11,37.8,38.26,37.52,38.04,3827296,54.24,54.9,53.83,54.58,2667500,2026-02-03T03:45:01Z
COST,2006-04-12,37.96,38.12,37.63,37.8,2265386,54.47,54.7,53.99,54.24,1578900,2026-02-03T03:45:01Z
COST,2006-04-13,37.7,38.12,37.64,37.87,2209433,54.09,54.69,54,54.33,1539900,2026-02-03T03:45:01Z
COST,2006-04-17,37.56,37.87,37.12,37.66,3159551,53.89,54.34,53.26,54.03,2202100,2026-02-03T03:45:01Z
COST,2006-04-18,38.54,38.66,37.5,37.5,6309923,55.3,55.47,53.81,53.81,4397800,2026-02-03T03:45:01Z
COST,2006-04-19,38.19,38.74,37.87,38.74,4319289,54.79,55.59,54.33,55.58,3010400,2026-02-03T03:45:01Z
COST,2006-04-20,38.23,38.4,37.99,38.17,2945479,54.85,55.09,54.5,54.76,2052900,2026-02-03T03:45:01Z
COST,2006-04-21,37.62,38.44,37.41,38.29,3863311,53.97,55.15,53.67,54.94,2692600,2026-02-03T03:45:01Z
COST,2006-04-24,37.97,38.15,37.38,37.42,2899855,54.48,54.73,53.63,53.69,2021100,2026-02-03T03:45:01Z
COST,2006-04-25,38.01,38.25,37.79,37.79,2768422,54.54,54.88,54.22,54.22,1929500,2026-02-03T03:45:01Z
COST,2006-04-26,38,38.16,37.76,38.09,3400738,54.52,54.75,54.17,54.65,2370200,2026-02-03T03:45:01Z
COST,2006-04-27,37.89,38.27,37.64,37.81,3863600,54.36,54.91,54.01,54.25,2692800,2026-02-03T03:45:01Z
COST,2006-04-28,37.94,38.01,37.5,38.01,3844372,54.43,54.54,53.8,54.54,2679400,2026-02-03T03:45:01Z
COST,2006-05-01,37.72,38.29,37.65,38.16,4214552,54.12,54.94,54.02,54.75,2937400,2026-02-03T03:45:01Z
COST,2006-05-02,37.62,37.92,37.51,37.72,3782099,53.98,54.4,53.82,54.12,2636000,2026-02-03T03:45:01Z
COST,2006-05-03,37.61,37.96,37.18,37.53,5395383,53.96,54.46,53.34,53.84,3760400,2026-02-03T03:45:01Z
COST,2006-05-04,38.7,39.01,37.99,38.23,6064272,55.53,55.97,54.51,54.85,4226600,2026-02-03T03:45:01Z
COST,2006-05-05,39.52,39.61,38.77,38.96,4834378,56.7,56.83,55.63,55.9,3369400,2026-02-03T03:45:01Z
COST,2006-05-08,39.71,39.99,39.28,39.61,2678049,56.85,57.24,56.23,56.7,1870800,2026-02-03T03:45:01Z
COST,2006-05-09,39.55,39.78,39.27,39.78,2086126,56.61,56.95,56.22,56.94,1457300,2026-02-03T03:45:01Z
COST,2006-05-10,39.68,39.99,39.35,39.57,2722567,56.8,57.24,56.33,56.64,1901900,2026-02-03T03:45:01Z
COST,2006-05-11,39.16,39.71,38.9,39.48,3197972,56.06,56.84,55.68,56.52,2234000,2026-02-03T03:45:01Z
COST,2006-05-12,38.58,39.21,38.35,39.2,3833700,55.23,56.13,54.9,56.12,2678100,2026-02-03T03:45:01Z
COST,2006-05-15,38.81,38.85,38.04,38.2,4268870,55.55,55.62,54.46,54.68,2982100,2026-02-03T03:45:01Z
COST,2006-05-16,38.59,38.87,38.49,38.7,3458503,55.24,55.64,55.1,55.4,2416000,2026-02-03T03:45:01Z
COST,2006-05-17,37.73,38.49,37.65,38.28,5687056,54.01,55.1,53.89,54.8,3972800,2026-02-03T03:45:01Z
COST,2006-05-18,37.35,37.92,36.98,37.92,3725195,53.47,54.29,52.93,54.29,2602300,2026-02-03T03:45:01Z
COST,2006-05-19,37.86,38.07,37.05,37.39,5276220,54.2,54.5,53.03,53.52,3685800,2026-02-03T03:45:01Z
COST,2006-05-22,37.8,38.04,37.53,37.61,4099960,54.11,54.46,53.72,53.84,2864100,2026-02-03T03:45:01Z
COST,2006-05-23,37.47,38.21,37.44,37.74,3749669,53.64,54.7,53.6,54.02,2619400,2026-02-03T03:45:01Z
COST,2006-05-24,37.59,38.09,37.37,37.44,6706996,53.81,54.52,53.5,53.59,4685300,2026-02-03T03:45:01Z
COST,2006-05-25,38,38.07,37.45,37.62,4182556,54.4,54.49,53.61,53.85,2921800,2026-02-03T03:45:01Z
COST,2006-05-26,38.02,38.18,37.83,38.09,2775531,54.43,54.66,54.16,54.53,1938900,2026-02-03T03:45:01Z
COST,2006-05-30,37.42,37.95,37.27,37.91,4407016,53.56,54.32,53.35,54.27,3078600,2026-02-03T03:45:01Z
COST,2006-05-31,36.98,37.43,36.55,37.02,12252924,52.93,53.58,52.32,52.99,8559500,2026-02-03T03:45:01Z
COST,2006-06-01,37.88,37.9,36.95,37.09,5987111,54.23,54.25,52.9,53.1,4182400,2026-02-03T03:45:01Z
COST,2006-06-02,37.34,37.75,36.85,37.67,4527685,53.45,54.04,52.75,53.93,3162900,2026-02-03T03:45:01Z
COST,2006-06-05,36.72,37.31,36.69,37.19,3689120,52.57,53.41,52.52,53.23,2577100,2026-02-03T03:45:01Z
COST,2006-06-06,36.68,36.86,36.35,36.73,4700902,52.51,52.77,52.03,52.58,3283900,2026-02-03T03:45:01Z
COST,2006-06-07,36.53,37.12,36.46,36.67,4726958,52.29,53.14,52.19,52.49,3302100,2026-02-03T03:45:01Z
COST,2006-06-08,37.34,37.53,36.53,36.56,7460826,53.45,53.72,52.29,52.34,5211900,2026-02-03T03:45:01Z
COST,2006-06-09,37.05,37.53,37.03,37.41,3931036,53.04,53.72,53.01,53.55,2746100,2026-02-03T03:45:01Z
COST,2006-06-12,36.54,37.12,36.49,37,3780018,52.31,53.13,52.24,52.96,2640600,2026-02-03T03:45:01Z
COST,2006-06-13,36.77,37.06,36.47,36.49,5314734,52.63,53.05,52.2,52.24,3712700,2026-02-03T03:45:01Z
COST,2006-06-14,37.01,37.28,36.63,36.72,4147631,52.98,53.37,52.44,52.57,2897400,2026-02-03T03:45:01Z
COST,2006-06-15,37.63,37.71,36.9,37.02,4294637,53.87,53.98,52.82,53,3000100,2026-02-03T03:45:01Z
COST,2006-06-16,37.55,37.72,37.27,37.45,4552745,53.75,54,53.35,53.61,3180400,2026-02-03T03:45:01Z
COST,2006-06-19,37.41,37.71,37.09,37.55,2912244,53.55,53.98,53.1,53.75,2034400,2026-02-03T03:45:01Z
COST,2006-06-20,38.34,38.66,37.92,37.95,9084444,54.88,55.34,54.28,54.32,6346100,2026-02-03T03:45:01Z
COST,2006-06-21,38.95,39.24,38.23,38.23,5940716,55.76,56.17,54.72,54.72,4150000,2026-02-03T03:45:01Z
COST,2006-06-22,38.61,38.9,38.41,38.78,3885944,55.27,55.68,54.98,55.51,2714600,2026-02-03T03:45:01Z
COST,2006-06-23,38.77,39.22,38.49,38.49,2689933,55.5,56.14,55.1,55.1,1879100,2026-02-03T03:45:01Z
COST,2006-06-26,39.33,39.39,38.69,38.73,3955518,56.3,56.38,55.39,55.44,2763200,2026-02-03T03:45:01Z
COST,2006-06-27,38.88,39.65,38.72,39.2,4264725,55.65,56.76,55.43,56.12,2979200,2026-02-03T03:45:01Z
COST,2006-06-28,39.16,39.29,38.77,38.94,2678910,56.06,56.25,55.5,55.74,1871400,2026-02-03T03:45:01Z
COST,2006-06-29,39.93,39.98,38.9,39.15,5935849,57.16,57.23,55.69,56.04,4146600,2026-02-03T03:45:01Z
COST,2006-06-30,39.91,40.08,39.61,39.88,5787266,57.13,57.38,56.7,57.09,4042800,2026-02-03T03:45:01Z
COST,2006-07-03,40.22,40.25,39.78,39.94,1928800,57.58,57.62,56.95,57.18,1347400,2026-02-03T03:45:01Z
COST,2006-07-05,39.71,40.48,39.6,40.17,3076864,56.85,57.94,56.69,57.5,2149400,2026-02-03T03:45:01Z
COST,2006-07-06,39.02,39.09,38.51,38.7,6739075,55.85,55.95,55.13,55.4,4707700,2026-02-03T03:45:01Z
COST,2006-07-07,39.23,39.61,38.76,38.86,4891861,56.16,56.7,55.49,55.63,3417300,2026-02-03T03:45:01Z
COST,2006-07-10,39.34,39.64,39.11,39.14,3724902,56.31,56.75,55.99,56.03,2602100,2026-02-03T03:45:01Z
COST,2006-07-11,39.63,39.73,39.11,39.3,4321264,56.73,56.87,55.98,56.26,3018700,2026-02-03T03:45:01Z
COST,2006-07-12,39.04,39.75,39.01,39.47,4993784,55.88,56.9,55.84,56.5,3488500,2026-02-03T03:45:01Z
COST,2006-07-13,38.46,39.04,38.19,38.81,8768645,55.05,55.88,54.67,55.56,6125500,2026-02-03T03:45:01Z
COST,2006-07-14,37.39,38.53,37.09,38.34,9280403,53.52,55.15,53.1,54.89,6483000,2026-02-03T03:45:01Z
COST,2006-07-17,37.69,37.9,37.33,37.37,5323752,53.96,54.26,53.44,53.49,3719000,2026-02-03T03:45:01Z
COST,2006-07-18,36.94,37.49,36.58,37.42,7966864,52.88,53.67,52.36,53.56,5565400,2026-02-03T03:45:01Z
COST,2006-07-19,37.58,37.83,37.02,37.02,8952164,53.79,54.16,53,53,6253700,2026-02-03T03:45:01Z
COST,2006-07-20,37.27,37.76,37.25,37.45,4348324,53.35,54.05,53.32,53.61,3037600,2026-02-03T03:45:01Z
COST,2006-07-21,36.72,37.27,36.64,37.11,7583663,52.56,53.35,52.45,53.12,5297700,2026-02-03T03:45:01Z
COST,2006-07-24,37.28,37.41,36.76,36.96,6327657,53.36,53.55,52.62,52.91,4420300,2026-02-03T03:45:01Z
COST,2006-07-25,37.72,37.79,36.86,37.31,4675561,54,54.1,52.76,53.41,3266200,2026-02-03T03:45:01Z
COST,2006-07-26,37.25,37.69,37.03,37.65,5342075,53.33,53.95,53.01,53.9,3731800,2026-02-03T03:45:01Z
COST,2006-07-27,35.94,37.36,35.79,37.3,7606423,51.45,53.48,51.23,53.4,5313600,2026-02-03T03:45:01Z
COST,2006-07-28,36.33,36.52,35.51,36.28,6565549,51.87,52.14,50.7,51.8,4598100,2026-02-03T03:45:01Z
COST,2006-07-31,36.95,37.05,36.28,36.42,5507345,52.76,52.9,51.81,52,3857000,2026-02-03T03:45:01Z
COST,2006-08-01,36.59,36.8,36.13,36.7,5052996,52.25,52.55,51.59,52.4,3538800,2026-02-03T03:45:01Z
COST,2006-08-02,36.73,36.87,36.17,36.6,3920395,52.44,52.65,51.64,52.26,2745600,2026-02-03T03:45:01Z
COST,2006-08-03,35.72,36.82,35.01,36.17,10523358,51,52.57,49.99,51.65,7369900,2026-02-03T03:45:01Z
COST,2006-08-04,36.26,36.73,35.97,36.05,6288677,51.78,52.45,51.36,51.48,4404200,2026-02-03T03:45:01Z
COST,2006-08-07,36.05,36.41,35.64,36.31,4539665,51.47,51.99,50.89,51.85,3179300,2026-02-03T03:45:01Z
COST,2006-08-08,36.18,36.53,35.98,36.31,4535103,51.66,52.16,51.37,51.85,3176100,2026-02-03T03:45:01Z
COST,2006-08-09,35.16,36.77,35.01,36.53,5728228,50.2,52.5,49.99,52.16,4011700,2026-02-03T03:45:01Z
COST,2006-08-10,35.9,36.12,34.61,35.02,6744605,51.26,51.58,49.42,50.01,4723500,2026-02-03T03:45:01Z
COST,2006-08-11,35.54,35.91,35.2,35.76,6386783,50.75,51.27,50.26,51.06,4472900,2026-02-03T03:45:01Z
COST,2006-08-14,36.17,36.76,35.7,35.89,5516345,51.65,52.49,50.97,51.24,3863300,2026-02-03T03:45:01Z
COST,2006-08-15,36.29,36.7,35.89,36.7,4705158,51.82,52.4,51.25,52.4,3295200,2026-02-03T03:45:01Z
COST,2006-08-16,36.38,36.47,35.86,36.35,5089693,51.95,52.08,51.2,51.91,3564500,2026-02-03T03:45:01Z
COST,2006-08-17,36.31,36.83,36.04,36.38,6410194,51.85,52.59,51.46,51.95,4489300,2026-02-03T03:45:01Z
COST,2006-08-18,36.8,36.82,36.03,36.5,4926343,52.55,52.57,51.45,52.12,3450100,2026-02-03T03:45:01Z
COST,2006-08-21,36.02,36.75,35.97,36.39,6037939,51.43,52.48,51.36,51.96,4228600,2026-02-03T03:45:01Z
COST,2006-08-22,36.13,36.52,35.84,35.84,5443805,51.59,52.14,51.18,51.18,3812500,2026-02-03T03:45:01Z
COST,2006-08-23,35.37,36.36,35.27,36.36,5387822,50.5,51.92,50.36,51.92,3773300,2026-02-03T03:45:01Z
COST,2006-08-24,34.74,35.63,34.16,35.63,9951471,49.61,50.88,48.78,50.88,6969400,2026-02-03T03:45:01Z
COST,2006-08-25,34.03,34.31,33.87,34.18,7341031,48.59,48.99,48.36,48.8,5141200,2026-02-03T03:45:01Z
COST,2006-08-28,34.43,34.65,33.92,34.11,5064842,49.16,49.48,48.44,48.71,3547100,2026-02-03T03:45:01Z
COST,2006-08-29,34.49,34.67,33.83,34.58,4439148,49.25,49.51,48.3,49.37,3108900,2026-02-03T03:45:01Z
COST,2006-08-30,33.04,33.61,32.22,32.75,34238658,47.18,47.99,46,46.76,23978600,2026-02-03T03:45:01Z
COST,2006-08-31,32.77,33.33,32.6,33.13,12846089,46.79,47.59,46.55,47.31,8996600,2026-02-03T03:45:01Z
COST,2006-09-01,33.16,33.37,32.87,32.99,6542698,47.35,47.65,46.93,47.11,4582100,2026-02-03T03:45:01Z
COST,2006-09-05,33.76,33.9,33.17,33.27,7128842,48.21,48.4,47.37,47.5,4992600,2026-02-03T03:45:01Z
COST,2006-09-06,33.41,33.82,33.34,33.6,6503149,47.7,48.29,47.6,47.97,4554400,2026-02-03T03:45:01Z
COST,2006-09-07,33.05,33.64,32.87,33.46,6385497,47.19,48.03,46.94,47.77,4472000,2026-02-03T03:45:01Z
COST,2006-09-08,33.67,33.73,33.01,33.25,6104061,48.07,48.16,47.14,47.48,4274900,2026-02-03T03:45:01Z
COST,2006-09-11,34.06,34.42,33.39,33.62,7310620,48.63,49.15,47.68,48,5119900,2026-02-03T03:45:01Z
COST,2006-09-12,34.72,35.27,33.86,34.06,8259740,49.58,50.36,48.35,48.63,5784600,2026-02-03T03:45:01Z
COST,2006-09-13,34.69,35.05,34.32,34.67,6383783,49.54,50.05,49,49.5,4470800,2026-02-03T03:45:01Z
COST,2006-09-14,34.95,35.16,34.18,34.53,6916939,49.91,50.2,48.81,49.31,4844200,2026-02-03T03:45:01Z
COST,2006-09-15,34.89,35.81,34.68,35.33,11415786,49.82,51.13,49.52,50.44,7994900,2026-02-03T03:45:01Z
COST,2006-09-18,34.69,34.95,34.4,34.95,5320723,49.54,49.9,49.12,49.9,3726300,2026-02-03T03:45:01Z
COST,2006-09-19,35.62,35.67,34.79,34.98,7221939,50.86,50.94,49.67,49.94,5057800,2026-02-03T03:45:01Z
COST,2006-09-20,36.33,36.54,35.74,35.79,8780196,51.87,52.18,51.03,51.1,6149100,2026-02-03T03:45:01Z
COST,2006-09-21,35.2,36.66,34.7,36.38,10098691,50.26,52.35,49.55,51.94,7072500,2026-02-03T03:45:01Z
COST,2006-09-22,34.94,35.32,34.88,35.08,5182935,49.89,50.43,49.81,50.09,3629800,2026-02-03T03:45:01Z
COST,2006-09-25,35.89,36.23,34.84,35.57,7433843,51.25,51.73,49.75,50.79,5206200,2026-02-03T03:45:01Z
COST,2006-09-26,36.15,36.39,35.19,36.01,8972392,51.62,51.96,50.25,51.42,6283700,2026-02-03T03:45:01Z
COST,2006-09-27,35.45,36.08,35.12,35.89,10599028,50.62,51.52,50.15,51.25,7422900,2026-02-03T03:45:01Z
COST,2006-09-28,35.07,35.65,34.72,35.5,9125028,50.07,50.91,49.57,50.69,6390600,2026-02-03T03:45:01Z
COST,2006-09-29,34.79,35.34,34.74,35.17,5892867,49.68,50.46,49.6,50.22,4127000,2026-02-03T03:45:01Z
COST,2006-10-02,34.14,34.72,33.97,34.72,7738258,48.75,49.57,48.5,49.57,5419400,2026-02-03T03:45:01Z
COST,2006-10-03,34.5,34.81,33.54,33.79,11001846,49.26,49.71,47.89,48.25,7705000,2026-02-03T03:45:01Z
COST,2006-10-04,35.24,35.32,33.97,34.31,8105801,50.32,50.43,48.51,48.99,5676800,2026-02-03T03:45:01Z
COST,2006-10-05,35.27,35.55,34.33,34.74,11368231,50.36,50.76,49.02,49.6,7961600,2026-02-03T03:45:01Z
COST,2006-10-06,34.65,35.26,34.47,35.26,6020954,49.48,50.35,49.22,50.35,4216700,2026-02-03T03:45:01Z
COST,2006-10-09,34.88,35.03,34.42,34.77,3269424,49.81,50.02,49.15,49.64,2289700,2026-02-03T03:45:01Z
COST,2006-10-10,34.85,35.28,34.67,35.01,4406160,49.76,50.37,49.5,49.99,3085800,2026-02-03T03:45:01Z
COST,2006-10-11,35.07,35.13,34.52,34.86,5658842,50.07,50.16,49.29,49.77,3963100,2026-02-03T03:45:01Z
COST,2006-10-12,37.75,38.06,35.99,36.27,26192366,53.9,54.35,51.39,51.79,18343500,2026-02-03T03:45:01Z
COST,2006-10-13,37.26,37.62,37.09,37.54,7016894,53.2,53.72,52.96,53.6,4914200,2026-02-03T03:45:01Z
COST,2006-10-16,37.1,37.57,36.98,37.13,6182158,52.98,53.65,52.8,53.01,4329600,2026-02-03T03:45:01Z
COST,2006-10-17,36.75,37.14,36.64,36.8,5456656,52.47,53.03,52.31,52.54,3821500,2026-02-03T03:45:01Z
COST,2006-10-18,36.52,37.19,36.42,36.94,5757794,52.14,53.1,52,52.74,4032400,2026-02-03T03:45:01Z
COST,2006-10-19,36.18,36.7,36.02,36.42,6688923,51.66,52.4,51.43,52,4684500,2026-02-03T03:45:01Z
COST,2006-10-20,36.2,36.31,35.77,36.31,5000152,51.69,51.85,51.07,51.84,3501800,2026-02-03T03:45:01Z
COST,2006-10-23,36.9,37.01,36.02,36.02,7474392,52.69,52.84,51.43,51.43,5234600,2026-02-03T03:45:01Z
COST,2006-10-24,36.76,37,36.56,36.85,4458138,52.49,52.83,52.2,52.62,3122200,2026-02-03T03:45:01Z
COST,2006-10-25,36.82,37.24,36.43,36.78,7336736,52.57,53.17,52.02,52.52,5138200,2026-02-03T03:45:01Z
COST,2006-10-26,37.46,37.71,36.77,36.94,5069834,53.49,53.85,52.5,52.75,3550600,2026-02-03T03:45:01Z
COST,2006-10-27,37.12,37.49,37.03,37.48,3948380,53.01,53.53,52.88,53.52,2765200,2026-02-03T03:45:01Z
COST,2006-10-30,37.19,37.4,36.85,36.92,3681655,53.1,53.4,52.62,52.71,2578400,2026-02-03T03:45:01Z
COST,2006-10-31,37.38,37.68,37.06,37.16,5861176,53.38,53.8,52.92,53.06,4104800,2026-02-03T03:45:01Z
COST,2006-11-01,37.05,37.77,36.77,37.5,6267685,52.91,53.93,52.5,53.55,4389500,2026-02-03T03:45:01Z
COST,2006-11-02,37.12,37.41,36.07,36.42,9092184,53,53.42,51.5,52,6367600,2026-02-03T03:45:01Z
COST,2006-11-03,36.29,37.29,36,37.29,6421758,51.82,53.25,51.4,53.25,4497400,2026-02-03T03:45:01Z
COST,2006-11-06,36.7,37.02,36.35,36.4,3193744,52.41,52.86,51.9,51.98,2236700,2026-02-03T03:45:01Z
COST,2006-11-07,36.82,37.29,36.59,36.78,3686645,52.58,53.25,52.25,52.51,2581900,2026-02-03T03:45:01Z
COST,2006-11-08,36.75,36.95,36.38,36.73,4524676,52.47,52.76,51.95,52.45,3168800,2026-02-03T03:45:01Z
COST,2006-11-09,36.24,36.82,36.18,36.68,4221817,51.74,52.57,51.66,52.38,2956700,2026-02-03T03:45:01Z
COST,2006-11-10,37.05,37.12,36.22,36.4,3738621,52.9,53,51.72,51.97,2618300,2026-02-03T03:45:01Z
COST,2006-11-13,36.51,37.41,36.45,37.13,3742909,52.13,53.42,52.05,53.01,2621300,2026-02-03T03:45:01Z
COST,2006-11-14,36.72,37.2,36.63,36.87,7269493,52.43,53.11,52.3,52.64,5091100,2026-02-03T03:45:01Z
COST,2006-11-15,37.22,37.46,36.76,36.76,4073473,53.01,53.36,52.36,52.36,2859900,2026-02-03T03:45:01Z
COST,2006-11-16,37.51,37.52,36.88,37.48,3601024,53.42,53.44,52.53,53.39,2528200,2026-02-03T03:45:01Z
COST,2006-11-17,37.49,37.65,37.13,37.26,5593532,53.4,53.62,52.88,53.07,3927100,2026-02-03T03:45:01Z
COST,2006-11-20,37.76,38.45,37.58,37.6,6475771,53.79,54.77,53.52,53.55,4546500,2026-02-03T03:45:01Z
COST,2006-11-21,37.72,37.91,37.52,37.64,2600276,53.72,54,53.44,53.61,1825600,2026-02-03T03:45:01Z
COST,2006-11-22,37.74,37.91,37.37,37.91,2159732,53.76,54,53.23,53.99,1516300,2026-02-03T03:45:01Z
COST,2006-11-24,37.57,37.89,37.42,37.53,1370645,53.51,53.97,53.3,53.46,962300,2026-02-03T03:45:01Z
COST,2006-11-27,37.48,38.19,37.32,37.81,3648591,53.39,54.39,53.16,53.86,2561600,2026-02-03T03:45:01Z
COST,2006-11-28,37.14,37.54,36.89,37.46,3809541,52.9,53.47,52.55,53.36,2674600,2026-02-03T03:45:01Z
COST,2006-11-29,37.42,37.49,37.09,37.14,3374550,53.3,53.4,52.83,52.9,2369200,2026-02-03T03:45:01Z
COST,2006-11-30,36.72,37.15,36.52,37.07,6133217,52.3,52.92,52.01,52.8,4306000,2026-02-03T03:45:01Z
COST,2006-12-01,36.65,36.97,36.32,36.71,4573705,52.2,52.66,51.73,52.28,3211100,2026-02-03T03:45:01Z
COST,2006-12-04,37.48,37.76,36.59,36.59,4136713,53.39,53.78,52.11,52.11,2904300,2026-02-03T03:45:01Z
COST,2006-12-05,38.19,38.25,37.32,37.69,4256643,54.4,54.48,53.15,53.68,2988500,2026-02-03T03:45:01Z
COST,2006-12-06,38.21,38.4,37.89,38.26,2891559,54.43,54.7,53.97,54.5,2030100,2026-02-03T03:45:01Z
COST,2006-12-07,37.69,38.4,37.63,38.21,3078571,53.68,54.69,53.6,54.43,2161400,2026-02-03T03:45:01Z
COST,2006-12-08,37.69,38.13,37.56,37.73,2639305,53.69,54.31,53.5,53.74,1853000,2026-02-03T03:45:01Z
COST,2006-12-11,37.95,38.21,37.5,37.74,2956077,54.06,54.42,53.41,53.75,2075400,2026-02-03T03:45:01Z
COST,2006-12-12,37.38,37.98,37.2,37.71,5463343,53.24,54.09,52.99,53.71,3835700,2026-02-03T03:45:01Z
COST,2006-12-13,37.31,37.66,37.01,37.65,4386113,53.14,53.64,52.71,53.62,3079400,2026-02-03T03:45:01Z
COST,2006-12-14,37.99,38.7,37.79,38.3,14011812,54.11,55.12,53.83,54.55,9837400,2026-02-03T03:45:01Z
COST,2006-12-15,37.72,38.31,37.66,38.26,8031433,53.73,54.57,53.64,54.5,5638700,2026-02-03T03:45:01Z
COST,2006-12-18,37.78,38.05,37.67,37.87,5600804,53.81,54.19,53.65,53.94,3932200,2026-02-03T03:45:01Z
COST,2006-12-19,37.41,37.7,37.17,37.67,5788533,53.28,53.7,52.95,53.66,4064000,2026-02-03T03:45:01Z
COST,2006-12-20,37.16,37.53,37.1,37.35,3314587,52.93,53.45,52.84,53.2,2327100,2026-02-03T03:45:01Z
COST,2006-12-21,36.74,37.42,36.62,37.27,3081276,52.33,53.3,52.16,53.09,2163300,2026-02-03T03:45:01Z
COST,2006-12-22,36.65,36.92,36.47,36.7,2492313,52.2,52.58,51.95,52.27,1749800,2026-02-03T03:45:01Z
COST,2006-12-26,36.99,37.13,36.65,36.87,2556125,52.69,52.89,52.2,52.51,1794600,2026-02-03T03:45:01Z
COST,2006-12-27,37.49,37.6,37.03,37.21,4531970,53.4,53.55,52.75,53,3181800,2026-02-03T03:45:01Z
COST,2006-12-28,37.28,37.5,37.2,37.33,2335206,53.1,53.41,52.98,53.17,1639500,2026-02-03T03:45:01Z
COST,2006-12-29,37.12,37.48,36.97,37.06,2241771,52.87,53.39,52.66,52.78,1573900,2026-02-03T03:45:01Z
COST,2007-01-03,37.1,37.98,36.81,37.46,5538701,52.84,54.09,52.43,53.35,3888600,2026-02-03T03:45:01Z
COST,2007-01-04,37.96,38.07,37.22,37.52,5678422,54.07,54.22,53.02,53.44,3986700,2026-02-03T03:45:01Z
COST,2007-01-05,37.5,38.08,37.29,38.02,5001579,53.41,54.24,53.11,54.15,3511500,2026-02-03T03:45:01Z
COST,2007-01-08,37.65,37.78,37.29,37.33,4234138,53.63,53.81,53.12,53.17,2972700,2026-02-03T03:45:01Z
COST,2007-01-09,37.93,38.03,37.63,37.65,4568719,54.03,54.16,53.6,53.63,3207600,2026-02-03T03:45:01Z
COST,2007-01-10,38.2,38.21,37.53,37.68,5457793,54.41,54.43,53.46,53.67,3831800,2026-02-03T03:45:01Z
COST,2007-01-11,38.84,38.91,38.07,38.2,4881645,55.32,55.42,54.22,54.41,3427300,2026-02-03T03:45:01Z
COST,2007-01-12,39.28,39.36,38.61,38.61,5036900,55.95,56.06,54.99,54.99,3536300,2026-02-03T03:45:01Z
COST,2007-01-16,39.48,39.49,39.11,39.25,4325156,56.24,56.24,55.7,55.9,3036600,2026-02-03T03:45:01Z
COST,2007-01-17,39.79,39.87,39.27,39.32,6678884,56.68,56.79,55.93,56,4689100,2026-02-03T03:45:01Z
COST,2007-01-18,39.95,40.19,39.64,39.79,5236589,56.9,57.25,56.46,56.68,3676500,2026-02-03T03:45:01Z
COST,2007-01-19,39.86,40,39.61,39.78,3992430,56.77,56.98,56.42,56.66,2803000,2026-02-03T03:45:01Z
COST,2007-01-22,39.56,39.84,39.24,39.75,4782229,56.34,56.74,55.89,56.62,3357500,2026-02-03T03:45:01Z
COST,2007-01-23,39.63,40.12,39.4,39.58,3953119,56.44,57.14,56.12,56.37,2775400,2026-02-03T03:45:01Z
COST,2007-01-24,40.06,40.15,39.65,39.67,2885289,57.06,57.18,56.48,56.5,2025700,2026-02-03T03:45:01Z
COST,2007-01-25,39.13,40,39.02,39.9,3583220,55.73,56.97,55.58,56.83,2515700,2026-02-03T03:45:01Z
COST,2007-01-26,38.87,39.21,38.71,39.21,2622496,55.36,55.85,55.14,55.85,1841200,2026-02-03T03:45:01Z
COST,2007-01-29,38.8,39.24,38.38,38.61,4378425,55.27,55.89,54.66,55,3074000,2026-02-03T03:45:01Z
COST,2007-01-30,38.82,39.2,38.6,39.02,3100368,55.3,55.83,54.98,55.58,2176700,2026-02-03T03:45:01Z
COST,2007-01-31,39.43,39.68,38.64,38.96,4411903,56.16,56.52,55.03,55.49,3097500,2026-02-03T03:45:01Z
COST,2007-02-01,39.59,39.93,39.38,39.49,3039831,56.39,56.88,56.09,56.25,2134200,2026-02-03T03:45:01Z
COST,2007-02-02,39.32,39.82,39.18,39.67,3168165,56.01,56.72,55.8,56.51,2224300,2026-02-03T03:45:01Z
COST,2007-02-05,39.46,39.81,39.22,39.32,4722695,56.21,56.7,55.86,56,3315700,2026-02-03T03:45:01Z
COST,2007-02-06,39.72,40.05,39.6,39.69,2342756,56.57,57.04,56.41,56.53,1644800,2026-02-03T03:45:01Z
COST,2007-02-07,40.11,40.33,39.75,39.75,4254372,57.13,57.45,56.62,56.62,2986900,2026-02-03T03:45:01Z
COST,2007-02-08,39.75,40.08,39.09,39.34,7675634,56.62,57.09,55.68,56.04,5388900,2026-02-03T03:45:01Z
COST,2007-02-09,39.3,39.93,39.21,39.86,3575522,55.98,56.88,55.85,56.78,2510300,2026-02-03T03:45:01Z
COST,2007-02-12,39.27,39.9,39.16,39.89,3453963,55.8,56.7,55.64,56.68,2430600,2026-02-03T03:45:01Z
COST,2007-02-13,39.73,39.84,39.34,39.51,3245928,56.46,56.62,55.9,56.14,2284200,2026-02-03T03:45:01Z
COST,2007-02-14,40.15,40.22,39.65,39.77,3189370,57.05,57.15,56.34,56.51,2244400,2026-02-03T03:45:01Z
COST,2007-02-15,40.74,40.74,39.94,40.03,4606279,57.9,57.9,56.76,56.89,3241500,2026-02-03T03:45:01Z
COST,2007-02-16,40.67,40.89,40.51,40.62,5338115,57.8,58.1,57.57,57.72,3756500,2026-02-03T03:45:01Z
COST,2007-02-20,41.01,41.31,40.53,40.79,4904981,58.28,58.7,57.6,57.97,3451700,2026-02-03T03:45:01Z
COST,2007-02-21,40.94,41.01,40.69,40.88,2645824,58.18,58.28,57.82,58.09,1861900,2026-02-03T03:45:01Z
COST,2007-02-22,40.88,41.05,40.5,41.05,2983175,58.09,58.33,57.55,58.33,2099300,2026-02-03T03:45:01Z
COST,2007-02-23,40.44,40.95,40.3,40.89,4473271,57.47,58.19,57.27,58.1,3147900,2026-02-03T03:45:01Z
COST,2007-02-26,40.39,40.87,40.09,40.76,3881272,57.4,58.07,56.97,57.92,2731300,2026-02-03T03:45:01Z
COST,2007-02-27,38.99,40.2,38.96,40.07,6863451,55.4,57.12,55.36,56.94,4829900,2026-02-03T03:45:01Z
COST,2007-02-28,39.33,39.58,38.74,39.27,7275839,55.89,56.25,55.05,55.8,5120100,2026-02-03T03:45:01Z
COST,2007-03-01,39.41,39.68,38.54,38.78,6251700,56,56.39,54.77,55.1,4399400,2026-02-03T03:45:01Z
COST,2007-03-02,39.23,39.93,39.06,39.06,6670759,55.75,56.74,55.5,55.5,4694300,2026-02-03T03:45:01Z
COST,2007-03-05,38.88,39.5,38.87,38.9,5401355,55.25,56.13,55.23,55.28,3801000,2026-02-03T03:45:01Z
COST,2007-03-06,39.21,39.47,38.82,39.2,4685573,55.72,56.09,55.16,55.71,3297300,2026-02-03T03:45:01Z
COST,2007-03-07,39.49,39.78,39.21,39.4,4458774,56.12,56.53,55.72,55.99,3137700,2026-02-03T03:45:01Z
COST,2007-03-08,38.18,39.73,38.04,39.04,18170934,54.26,56.46,54.05,55.48,12787100,2026-02-03T03:45:01Z
COST,2007-03-09,38.24,38.37,37.65,38.31,10859558,54.34,54.53,53.5,54.44,7642000,2026-02-03T03:45:01Z
COST,2007-03-12,37.75,38.26,37.49,38.24,8917698,53.65,54.37,53.28,54.34,6275500,2026-02-03T03:45:01Z
COST,2007-03-13,37.27,37.94,36.99,37.47,9346007,52.96,53.92,52.57,53.24,6576900,2026-02-03T03:45:01Z
COST,2007-03-14,36.97,37.4,36.26,37.18,10112088,52.53,53.15,51.52,52.83,7116000,2026-02-03T03:45:01Z
COST,2007-03-15,37.43,37.64,36.87,36.87,5367102,53.19,53.48,52.4,52.4,3776900,2026-02-03T03:45:01Z
COST,2007-03-16,37.28,37.68,37.14,37.31,7856189,52.98,53.55,52.77,53.02,5528500,2026-02-03T03:45:01Z
COST,2007-03-19,37.47,37.8,37.26,37.37,4493165,53.24,53.72,52.95,53.1,3161900,2026-02-03T03:45:01Z
COST,2007-03-20,37.42,37.56,37.09,37.56,7425339,53.18,53.38,52.71,53.38,5225300,2026-02-03T03:45:01Z
COST,2007-03-21,38.24,38.39,37.36,37.4,5953715,54.34,54.55,53.09,53.15,4189700,2026-02-03T03:45:01Z
COST,2007-03-22,38.17,38.47,37.98,38.36,5234093,54.24,54.66,53.97,54.51,3683300,2026-02-03T03:45:01Z
COST,2007-03-23,38.39,38.72,38.06,38.13,3859099,54.56,55.02,54.09,54.19,2715700,2026-02-03T03:45:01Z
COST,2007-03-26,38.37,38.37,37.78,38.31,3978614,54.52,54.53,53.69,54.44,2799800,2026-02-03T03:45:01Z
COST,2007-03-27,38.09,38.26,37.87,38.19,4035734,54.13,54.37,53.81,54.27,2840000,2026-02-03T03:45:01Z
COST,2007-03-28,37.8,38.21,37.42,37.83,5253565,53.71,54.29,53.17,53.76,3697000,2026-02-03T03:45:01Z
COST,2007-03-29,37.79,38.14,37.47,38.1,4965375,53.7,54.2,53.24,54.14,3494200,2026-02-03T03:45:01Z
COST,2007-03-30,37.89,37.94,37.32,37.7,6119399,53.84,53.92,53.03,53.57,4306300,2026-02-03T03:45:01Z
COST,2007-04-02,37.94,38.02,37.54,37.54,6459019,53.91,54.02,53.35,53.35,4545300,2026-02-03T03:45:01Z
COST,2007-04-03,38.39,38.7,37.89,37.99,6509337,54.55,55,53.84,53.98,4580700,2026-02-03T03:45:01Z
COST,2007-04-04,38.32,38.49,38.06,38.49,4895174,54.45,54.7,54.09,54.69,3444800,2026-02-03T03:45:01Z
COST,2007-04-05,38.62,38.79,38.19,38.35,3960702,54.88,55.12,54.27,54.5,2787200,2026-02-03T03:45:01Z
COST,2007-04-09,38.58,38.77,38.37,38.75,3270371,54.82,55.09,54.53,55.06,2301400,2026-02-03T03:45:01Z
COST,2007-04-10,38.47,38.76,38.24,38.56,3483237,54.67,55.08,54.34,54.79,2451200,2026-02-03T03:45:01Z
COST,2007-04-11,38.02,38.55,37.89,38.43,5447677,54.03,54.78,53.84,54.61,3833600,2026-02-03T03:45:01Z
COST,2007-04-12,38.48,38.73,37.83,38.48,5268771,54.68,55.04,53.75,54.68,3707700,2026-02-03T03:45:01Z
COST,2007-04-13,38.11,38.54,37.87,38.53,3722397,54.16,54.77,53.81,54.75,2619500,2026-02-03T03:45:01Z
COST,2007-04-16,38.28,38.32,38,38.23,3972214,54.4,54.46,54,54.33,2795300,2026-02-03T03:45:01Z
COST,2007-04-17,39.13,39.43,38.82,38.99,8467097,55.6,56.03,55.17,55.4,5958400,2026-02-03T03:45:01Z
COST,2007-04-18,38.72,39.2,38.56,38.94,5049500,55.02,55.7,54.8,55.33,3553400,2026-02-03T03:45:01Z
COST,2007-04-19,38.93,39.01,38.5,38.52,4670938,55.32,55.43,54.71,54.74,3287000,2026-02-03T03:45:01Z
COST,2007-04-20,38.79,39.46,38.6,39.32,8762960,55.12,56.07,54.85,55.87,6166600,2026-02-03T03:45:01Z
COST,2007-04-23,38.62,38.93,38.42,38.8,3931571,54.88,55.32,54.6,55.14,2766700,2026-02-03T03:45:01Z
COST,2007-04-24,38.18,38.42,38.02,38.41,5610246,54.25,54.6,54.03,54.58,3948000,2026-02-03T03:45:01Z
COST,2007-04-25,38.29,38.47,38.05,38.35,5036862,54.27,54.52,53.93,54.35,3554000,2026-02-03T03:45:01Z
COST,2007-04-26,38.13,38.36,38.07,38.07,3822989,54.04,54.36,53.96,53.96,2697500,2026-02-03T03:45:01Z
COST,2007-04-27,38.43,38.51,37.86,38.13,6056701,54.46,54.57,53.66,54.04,4273600,2026-02-03T03:45:01Z
COST,2007-04-30,37.8,38.58,37.79,38.43,5924050,53.57,54.68,53.56,54.46,4180000,2026-02-03T03:45:01Z
COST,2007-05-01,37.72,38.04,37.47,37.81,5533741,53.46,53.91,53.11,53.58,3904600,2026-02-03T03:45:01Z
COST,2007-05-02,37.64,38.3,37.6,37.72,3918231,53.35,54.28,53.29,53.46,2764700,2026-02-03T03:45:01Z
COST,2007-05-03,37.5,37.98,37.4,37.85,5634650,53.14,53.83,53,53.64,3975800,2026-02-03T03:45:01Z
COST,2007-05-04,37.95,38.11,37.6,37.69,6277656,53.79,54.01,53.29,53.41,4429500,2026-02-03T03:45:01Z
COST,2007-05-07,38.16,38.37,37.95,38.15,3500996,54.08,54.38,53.78,54.07,2470300,2026-02-03T03:45:01Z
COST,2007-05-08,38.53,38.55,38.31,38.38,6336612,54.61,54.64,54.29,54.39,4471100,2026-02-03T03:45:01Z
COST,2007-05-09,38.77,38.91,38.42,38.51,7260358,54.94,55.15,54.45,54.58,5122900,2026-02-03T03:45:01Z
COST,2007-05-10,38.77,39.66,38.53,39.13,7376440,54.95,56.21,54.61,55.46,5204800,2026-02-03T03:45:01Z
COST,2007-05-11,38.79,39.26,38.43,38.49,4655474,54.97,55.64,54.47,54.55,3284900,2026-02-03T03:45:01Z
COST,2007-05-14,38.6,39.08,38.48,38.82,5735420,54.7,55.39,54.54,55.01,4046900,2026-02-03T03:45:01Z
COST,2007-05-15,38.25,38.94,38.15,38.7,5057974,54.21,55.18,54.07,54.85,3568900,2026-02-03T03:45:01Z
COST,2007-05-16,38.67,38.68,38.14,38.36,4257657,54.81,54.82,54.05,54.37,3004200,2026-02-03T03:45:01Z
COST,2007-05-17,39.22,39.42,38.62,38.69,5153918,55.58,55.86,54.74,54.83,3636600,2026-02-03T03:45:01Z
COST,2007-05-18,39.8,39.8,39.27,39.46,5332070,56.41,56.41,55.66,55.92,3762300,2026-02-03T03:45:01Z
COST,2007-05-21,39.35,39.86,39.13,39.8,4989101,55.77,56.49,55.46,56.41,3520300,2026-02-03T03:45:01Z
COST,2007-05-22,39.48,39.58,39.12,39.22,8543960,55.95,56.1,55.44,55.59,6028600,2026-02-03T03:45:01Z
COST,2007-05-23,39.53,40.12,39.49,39.79,5795793,56.02,56.86,55.96,56.39,4089500,2026-02-03T03:45:01Z
COST,2007-05-24,39.73,40.09,39.51,39.58,6833488,56.3,56.82,55.99,56.1,4821700,2026-02-03T03:45:01Z
COST,2007-05-25,39.8,40.01,39.59,39.85,4816756,56.4,56.7,56.11,56.48,3398700,2026-02-03T03:45:01Z
COST,2007-05-29,39.92,40.21,39.68,39.73,4632805,56.57,56.98,56.23,56.3,3268900,2026-02-03T03:45:01Z
COST,2007-05-30,39.89,39.92,39.45,39.73,4466418,56.53,56.58,55.91,56.31,3151500,2026-02-03T03:45:01Z
COST,2007-05-31,39.85,40.54,39.49,39.6,9918091,56.47,57.45,55.97,56.12,6998200,2026-02-03T03:45:01Z
COST,2007-06-01,39.72,40.15,39.15,39.94,6973093,56.29,56.9,55.49,56.61,4920200,2026-02-03T03:45:01Z
COST,2007-06-04,39.6,40,39.45,39.49,3895698,56.12,56.69,55.91,55.96,2748800,2026-02-03T03:45:01Z
COST,2007-06-05,39.13,39.44,38.91,39.39,4194882,55.45,55.9,55.15,55.83,2959900,2026-02-03T03:45:01Z
COST,2007-06-06,39.39,39.53,38.7,39.02,7060957,55.82,56.03,54.85,55.3,4982200,2026-02-03T03:45:01Z
COST,2007-06-07,38.99,39.73,38.99,39.53,9833488,55.26,56.3,55.26,56.02,6938500,2026-02-03T03:45:01Z
COST,2007-06-08,39.52,39.68,38.91,38.91,5639747,56.01,56.24,55.15,55.15,3979400,2026-02-03T03:45:01Z
COST,2007-06-11,39.3,39.45,39.03,39.32,4435529,55.7,55.91,55.32,55.72,3129700,2026-02-03T03:45:01Z
COST,2007-06-12,38.92,39.32,38.89,38.94,3538982,55.16,55.73,55.11,55.18,2497100,2026-02-03T03:45:01Z
COST,2007-06-13,39.49,39.49,38.89,38.91,4026222,55.97,55.97,55.11,55.15,2840900,2026-02-03T03:45:01Z
COST,2007-06-14,39.34,39.58,39.23,39.38,3263893,55.76,56.1,55.6,55.81,2303000,2026-02-03T03:45:01Z
COST,2007-06-15,39.58,39.82,39.53,39.56,5470252,56.09,56.43,56.02,56.06,3859800,2026-02-03T03:45:01Z
COST,2007-06-18,39.51,39.82,39.45,39.45,3341561,56,56.44,55.91,55.91,2357800,2026-02-03T03:45:01Z
COST,2007-06-19,39.75,39.8,39.31,39.32,4834614,56.33,56.41,55.71,55.72,3411300,2026-02-03T03:45:01Z
COST,2007-06-20,39.76,40.09,39.44,39.8,5270557,56.35,56.82,55.9,56.41,3718900,2026-02-03T03:45:01Z
COST,2007-06-21,40.35,40.38,39.44,39.65,6966989,57.19,57.23,55.9,56.19,4915900,2026-02-03T03:45:01Z
COST,2007-06-22,40.34,40.63,40.01,40.14,6373449,57.17,57.58,56.7,56.89,4497100,2026-02-03T03:45:01Z
COST,2007-06-25,40.36,40.48,40.01,40.36,5670368,57.2,57.37,56.71,57.2,4001000,2026-02-03T03:45:01Z
COST,2007-06-26,40.45,40.57,40.26,40.4,7165258,57.33,57.49,57.06,57.25,5055800,2026-02-03T03:45:01Z
COST,2007-06-27,41.19,41.26,40.27,40.32,6631681,58.38,58.48,57.07,57.14,4679300,2026-02-03T03:45:01Z
COST,2007-06-28,41.08,41.44,40.87,41.23,5288694,58.22,58.73,57.92,58.43,3731700,2026-02-03T03:45:01Z
COST,2007-06-29,41.29,41.69,41.12,41.32,7115099,58.52,59.09,58.28,58.56,5020400,2026-02-03T03:45:01Z
COST,2007-07-02,42.51,42.56,41.93,41.98,6285162,60.25,60.31,59.43,59.5,4434800,2026-02-03T03:45:01Z
COST,2007-07-03,42.39,42.53,42.01,42.28,4091983,60.08,60.28,59.54,59.92,2887300,2026-02-03T03:45:01Z
COST,2007-07-05,42.42,42.48,42.06,42.34,4372172,60.12,60.2,59.61,60.01,3085000,2026-02-03T03:45:01Z
COST,2007-07-06,43.35,43.51,42.45,42.53,6051879,61.44,61.67,60.16,60.27,4270200,2026-02-03T03:45:01Z
COST,2007-07-09,43.3,43.49,43.02,43.49,6156478,61.36,61.63,60.97,61.63,4344000,2026-02-03T03:45:01Z
COST,2007-07-10,42.7,43.04,42.28,43.04,6764748,60.51,61,59.92,61,4773200,2026-02-03T03:45:01Z
COST,2007-07-11,42.84,42.94,42.51,42.58,4710899,60.72,60.86,60.24,60.35,3324000,2026-02-03T03:45:01Z
COST,2007-07-12,43.56,43.64,42.63,42.87,7392580,61.74,61.85,60.42,60.75,5216200,2026-02-03T03:45:01Z
COST,2007-07-13,44.44,44.5,43.23,43.57,6494627,62.98,63.07,61.26,61.75,4582600,2026-02-03T03:45:01Z
COST,2007-07-16,43.64,44.33,43.51,44.17,4284019,61.85,62.82,61.66,62.6,3022800,2026-02-03T03:45:01Z
COST,2007-07-17,43.84,44.08,43.51,43.6,5298910,62.13,62.47,61.66,61.79,3738900,2026-02-03T03:45:01Z
COST,2007-07-18,44.04,44.26,43.75,43.82,5603464,62.42,62.72,62.01,62.1,3953800,2026-02-03T03:45:01Z
COST,2007-07-19,43.87,44.28,43.64,44.27,4377845,62.18,62.75,61.85,62.74,3089000,2026-02-03T03:45:01Z
COST,2007-07-20,43.22,43.89,43.03,43.71,5210896,61.25,62.2,60.98,61.94,3676800,2026-02-03T03:45:01Z
COST,2007-07-23,42.97,43.56,42.88,43.49,3687928,60.9,61.73,60.77,61.64,2602200,2026-02-03T03:45:01Z
COST,2007-07-24,42.44,43.78,42.3,42.93,7302161,60.15,62.04,59.95,60.84,5152400,2026-02-03T03:45:01Z
COST,2007-07-25,42.65,42.88,42.09,42.86,5006337,60.3,60.62,59.51,60.6,3541000,2026-02-03T03:45:01Z
COST,2007-07-26,41.77,42.46,41.26,42.16,8910171,59.05,60.03,58.34,59.6,6302200,2026-02-03T03:45:01Z
COST,2007-07-27,41.43,42.31,41.36,41.8,7206094,58.57,59.82,58.47,59.09,5096900,2026-02-03T03:45:01Z
COST,2007-07-30,42.07,42.13,41.38,41.43,8913856,59.48,59.57,58.51,58.57,6304800,2026-02-03T03:45:01Z
COST,2007-07-31,42.3,43.19,42.17,42.17,8287097,59.8,61.06,59.62,59.62,5861500,2026-02-03T03:45:01Z
COST,2007-08-01,42.52,43.23,41.73,42.44,9411938,60.12,61.12,59,60,6657100,2026-02-03T03:45:01Z
COST,2007-08-02,43.03,43.12,42.4,42.52,5894774,60.84,60.97,59.95,60.12,4169400,2026-02-03T03:45:01Z
COST,2007-08-03,42.78,43.69,42.73,42.96,8587258,60.49,61.77,60.41,60.74,6073800,2026-02-03T03:45:01Z
COST,2007-08-06,44.51,44.53,42.82,43.16,6558996,62.93,62.96,60.54,61.02,4639200,2026-02-03T03:45:01Z
COST,2007-08-07,45.54,45.85,44.2,44.21,11192925,64.39,64.82,62.49,62.5,7916800,2026-02-03T03:45:01Z
COST,2007-08-08,45.94,46.06,45.21,45.98,9474142,64.95,65.12,63.92,65,6701100,2026-02-03T03:45:01Z
COST,2007-08-09,44.73,46.38,44.73,45.61,9578061,63.24,65.57,63.24,64.49,6774600,2026-02-03T03:45:01Z
COST,2007-08-10,44.74,45.3,44.21,44.56,7342808,63.25,64.04,62.5,63,5193600,2026-02-03T03:45:01Z
COST,2007-08-13,43.7,44.94,43.65,44.56,5870465,61.78,63.53,61.71,63,4152200,2026-02-03T03:45:01Z
COST,2007-08-14,43,43.68,42.95,43.59,6125510,60.8,61.76,60.72,61.63,4332600,2026-02-03T03:45:01Z
COST,2007-08-15,41.37,43.08,41.23,43.08,9834529,58.49,60.9,58.29,60.9,6956000,2026-02-03T03:45:01Z
COST,2007-08-16,41.89,42.12,40.49,41.17,9091143,59.23,59.55,57.24,58.2,6430200,2026-02-03T03:45:01Z
COST,2007-08-17,41.29,42.82,40.88,42.23,13768489,58.37,60.54,57.8,59.7,9738500,2026-02-03T03:45:01Z
COST,2007-08-20,40.97,41.94,40.55,41.3,7454507,57.93,59.29,57.33,58.39,5272600,2026-02-03T03:45:01Z
COST,2007-08-21,42.64,42.76,41.04,41.17,7668270,60.28,60.45,58.02,58.2,5423800,2026-02-03T03:45:01Z
COST,2007-08-22,43.33,43.6,42.73,42.9,4742378,61.26,61.64,60.41,60.65,3354300,2026-02-03T03:45:01Z
COST,2007-08-23,43.04,43.66,42.84,43.53,5487462,60.85,61.73,60.57,61.54,3881300,2026-02-03T03:45:01Z
COST,2007-08-24,43.63,43.64,42.91,43.3,3214884,61.68,61.7,60.67,61.22,2273900,2026-02-03T03:45:01Z
COST,2007-08-27,43.17,43.77,43.15,43.63,3244154,61.03,61.88,61.01,61.68,2294600,2026-02-03T03:45:01Z
COST,2007-08-28,41.73,43.17,41.61,43.05,6131739,59,61.03,58.83,60.86,4337000,2026-02-03T03:45:01Z
COST,2007-08-29,43.36,43.39,41.89,42.05,4550660,61.31,61.34,59.23,59.45,3218700,2026-02-03T03:45:01Z
COST,2007-08-30,43.16,43.49,42.84,42.94,2970433,61.02,61.49,60.57,60.71,2101000,2026-02-03T03:45:01Z
COST,2007-08-31,43.68,43.99,43.36,43.43,3479128,61.75,62.19,61.3,61.4,2460800,2026-02-03T03:45:01Z
COST,2007-09-04,43.58,43.98,43.43,43.83,3365455,61.61,62.18,61.4,61.96,2380400,2026-02-03T03:45:01Z
COST,2007-09-05,41.73,42.06,40.94,41.19,19052079,59,59.47,57.88,58.24,13475600,2026-02-03T03:45:01Z
COST,2007-09-06,41.23,42.16,39.67,42.08,9015936,58.29,59.61,56.09,59.49,6377000,2026-02-03T03:45:01Z
COST,2007-09-07,40.32,40.9,40.08,40.88,8554885,57,57.82,56.66,57.8,6050900,2026-02-03T03:45:01Z
COST,2007-09-10,40.49,41.01,39.96,40.38,6870734,57.24,57.98,56.5,57.09,4859700,2026-02-03T03:45:01Z
COST,2007-09-11,41.44,41.65,40.68,40.76,6081832,58.59,58.89,57.52,57.62,4301700,2026-02-03T03:45:01Z
COST,2007-09-12,41.36,41.79,41.07,41.27,4017088,58.48,59.08,58.06,58.35,2841300,2026-02-03T03:45:01Z
COST,2007-09-13,42.4,42.65,41.42,41.66,6142475,59.95,60.3,58.56,58.9,4344600,2026-02-03T03:45:01Z
COST,2007-09-14,42.41,42.64,41.86,42.2,4477711,59.96,60.28,59.18,59.66,3167100,2026-02-03T03:45:01Z
COST,2007-09-17,42.09,42.62,41.8,42.15,3994893,59.51,60.25,59.09,59.59,2825600,2026-02-03T03:45:01Z
COST,2007-09-18,43.73,44.24,42.38,42.38,7289799,61.82,62.54,59.92,59.92,5156100,2026-02-03T03:45:01Z
COST,2007-09-19,43.8,44.38,43.5,43.74,5489019,61.92,62.74,61.5,61.84,3882400,2026-02-03T03:45:01Z
COST,2007-09-20,43.25,43.71,42.9,43.52,5683558,61.15,61.8,60.65,61.53,4020000,2026-02-03T03:45:01Z
COST,2007-09-21,42.95,43.49,42.64,43.34,8244828,60.72,61.48,60.29,61.27,5831600,2026-02-03T03:45:01Z
COST,2007-09-24,42.62,42.99,42.24,42.88,5370117,60.25,60.78,59.72,60.63,3798300,2026-02-03T03:45:01Z
COST,2007-09-25,42,42.16,41.14,41.63,7285130,59.38,59.61,58.17,58.85,5152800,2026-02-03T03:45:01Z
COST,2007-09-26,42.93,43.08,42.09,42.16,6128337,60.69,60.9,59.5,59.61,4334600,2026-02-03T03:45:01Z
COST,2007-09-27,43.23,43.35,42.93,42.95,3939891,61.12,61.29,60.7,60.72,2786700,2026-02-03T03:45:01Z
COST,2007-09-28,43.41,43.87,43.29,43.39,5769519,61.37,62.02,61.21,61.34,4080800,2026-02-03T03:45:01Z
COST,2007-10-01,43.72,43.99,43.3,43.51,5588976,61.81,62.2,61.22,61.52,3953100,2026-02-03T03:45:01Z
COST,2007-10-02,43.58,43.85,43.26,43.8,5520819,61.62,62,61.16,61.92,3904900,2026-02-03T03:45:01Z
COST,2007-10-03,43.8,44.54,43.39,43.39,4270164,61.92,62.97,61.35,61.35,3020300,2026-02-03T03:45:01Z
COST,2007-10-04,43.92,44.33,43.82,43.99,3358669,62.09,62.68,61.95,62.2,2375600,2026-02-03T03:45:01Z
COST,2007-10-05,44.75,45.27,44.23,44.29,5219116,63.27,64,62.53,62.62,3691500,2026-02-03T03:45:01Z
COST,2007-10-08,45.06,45.44,44.83,44.98,3758075,63.71,64.24,63.38,63.6,2658100,2026-02-03T03:45:01Z
COST,2007-10-09,44.78,45.23,44.34,45.08,5644958,63.31,63.95,62.69,63.74,3992700,2026-02-03T03:45:01Z
COST,2007-10-10,48.9,49.48,47.55,48.32,38743895,69.13,69.95,67.22,68.32,27403700,2026-02-03T03:45:01Z
COST,2007-10-11,48.97,49.9,48.66,48.75,10085626,69.24,70.55,68.8,68.93,7133600,2026-02-03T03:45:01Z
COST,2007-10-12,48.1,48.44,47.78,48.21,9702187,68,68.49,67.55,68.16,6862400,2026-02-03T03:45:01Z
COST,2007-10-15,47.09,48.03,46.58,47.96,7622893,66.57,67.9,65.86,67.8,5391700,2026-02-03T03:45:01Z
COST,2007-10-16,46.65,47.05,46.25,47,6187437,65.95,66.52,65.39,66.45,4376400,2026-02-03T03:45:01Z
COST,2007-10-17,47.05,47.35,46.52,47.13,6427513,66.52,66.95,65.77,66.63,4546200,2026-02-03T03:45:01Z
COST,2007-10-18,47.06,47.35,46.47,46.97,3861708,66.53,66.94,65.7,66.41,2731400,2026-02-03T03:45:01Z
COST,2007-10-19,46.47,47.3,46.21,46.99,7638577,65.7,66.88,65.33,66.43,5402800,2026-02-03T03:45:01Z
COST,2007-10-22,47.42,47.74,46.15,46.22,6383398,67.05,67.5,65.24,65.34,4515000,2026-02-03T03:45:01Z
COST,2007-10-23,46.82,47.57,46.38,47.43,4944414,66.19,67.25,65.57,67.05,3497200,2026-02-03T03:45:01Z
COST,2007-10-24,46.14,46.63,45.48,46.48,6664180,65.24,65.93,64.3,65.72,4713600,2026-02-03T03:45:01Z
COST,2007-10-25,45.85,47.01,45.28,46.4,9588107,64.82,66.47,64.01,65.6,6781700,2026-02-03T03:45:01Z
COST,2007-10-26,46.35,46.73,45.73,46.18,4030094,65.53,66.07,64.66,65.29,2850500,2026-02-03T03:45:01Z
COST,2007-10-29,47.39,48.83,46.19,46.19,4773060,67,69.04,65.3,65.3,3376000,2026-02-03T03:45:01Z
COST,2007-10-30,47.5,47.81,47.21,47.38,3540066,67.15,67.6,66.75,66.99,2503900,2026-02-03T03:45:01Z
COST,2007-10-31,47.57,47.84,46.53,47.57,5399383,67.26,67.63,65.78,67.25,3819000,2026-02-03T03:45:01Z
COST,2007-11-01,45.88,47.43,45.81,47.18,6197198,64.86,67.05,64.77,66.7,4383300,2026-02-03T03:45:01Z
COST,2007-11-02,46.39,46.78,44.67,46.23,8700360,65.58,66.14,63.15,65.36,6153800,2026-02-03T03:45:01Z
COST,2007-11-05,46.63,46.89,45.98,46.25,5277219,65.92,66.29,65.01,65.39,3732600,2026-02-03T03:45:01Z
COST,2007-11-06,47.59,47.67,46.54,46.54,6323021,67.29,67.39,65.8,65.8,4472300,2026-02-03T03:45:01Z
COST,2007-11-07,46.79,47.52,46.61,47.28,5216999,66.15,67.19,65.9,66.85,3690000,2026-02-03T03:45:01Z
COST,2007-11-08,47.09,48.1,45.93,47.43,8279608,66.58,68,64.93,67.06,5856200,2026-02-03T03:45:01Z
COST,2007-11-09,46.18,47.18,45.98,47.1,6066129,65.29,66.71,65,66.59,4290600,2026-02-03T03:45:01Z
COST,2007-11-12,46.49,47.52,46.1,46.1,6310581,65.73,67.19,65.17,65.17,4463500,2026-02-03T03:45:01Z
COST,2007-11-13,47.68,47.74,46.49,46.86,8262512,67.41,67.5,65.73,66.25,5844100,2026-02-03T03:45:01Z
COST,2007-11-14,46.72,48.16,46.64,48.1,6390038,66.06,68.09,65.94,68,4519700,2026-02-03T03:45:01Z
COST,2007-11-15,46.92,47.61,46.48,46.64,6600703,66.34,67.31,65.71,65.94,4668700,2026-02-03T03:45:01Z
COST,2007-11-16,47.25,47.44,46.59,47.1,6231126,66.8,67.07,65.87,66.59,4407300,2026-02-03T03:45:01Z
COST,2007-11-19,47.01,47.45,46.75,47.14,6329105,66.46,67.08,66.09,66.65,4476600,2026-02-03T03:45:01Z
COST,2007-11-20,46.92,47.93,46.01,47.21,7289506,66.33,67.76,65.05,66.75,5155900,2026-02-03T03:45:01Z
COST,2007-11-21,46.73,47.58,46.64,47.04,5261383,66.07,67.27,65.94,66.5,3721400,2026-02-03T03:45:01Z
COST,2007-11-23,47.37,47.71,46.88,46.92,2935374,66.97,67.45,66.28,66.33,2076200,2026-02-03T03:45:01Z
COST,2007-11-26,46.24,47.66,46.23,47.66,5165816,65.38,67.38,65.36,67.38,3653800,2026-02-03T03:45:01Z
COST,2007-11-27,46.65,47.57,46.24,46.24,5521953,65.95,67.25,65.38,65.38,3905700,2026-02-03T03:45:01Z
COST,2007-11-28,47.48,47.82,46.72,47.36,7789947,66.98,67.46,65.91,66.81,5522000,2026-02-03T03:45:01Z
COST,2007-11-29,47.56,47.89,47.14,47.35,4795427,67.09,67.56,66.5,66.8,3399300,2026-02-03T03:45:01Z
COST,2007-11-30,47.78,48.44,47.53,48.2,6963132,67.4,68.33,67.05,68,4935900,2026-02-03T03:45:01Z
COST,2007-12-03,47.45,48.14,47.3,47.78,5136404,66.94,67.91,66.72,67.4,3641000,2026-02-03T03:45:01Z
COST,2007-12-04,49.03,49.21,47.25,47.32,7148638,69.17,69.42,66.66,66.76,5067400,2026-02-03T03:45:01Z
COST,2007-12-05,49.37,50.24,48.86,49.59,9002446,69.65,70.88,68.93,69.95,6381500,2026-02-03T03:45:01Z
COST,2007-12-06,50.21,50.46,48.91,48.95,9234378,70.83,71.19,69,69.05,6545900,2026-02-03T03:45:01Z
COST,2007-12-07,50.92,51.52,50.33,50.37,7619389,71.83,72.68,71,71.06,5401100,2026-02-03T03:45:01Z
COST,2007-12-10,50.51,51.44,50.19,51.36,6504935,71.25,72.56,70.8,72.45,4611100,2026-02-03T03:45:01Z
COST,2007-12-11,49.59,51.19,49.51,50.41,6798641,69.96,72.22,69.85,71.12,4819300,2026-02-03T03:45:01Z
COST,2007-12-12,49.76,50.58,49.2,50.54,9654211,70.19,71.36,69.41,71.29,6843500,2026-02-03T03:45:01Z
COST,2007-12-13,48.59,49.51,46.15,46.45,24771817,68.54,69.84,65.1,65.52,17559800,2026-02-03T03:45:01Z
COST,2007-12-14,48.55,48.98,47.92,48.38,10912128,68.49,69.1,67.6,68.25,7735200,2026-02-03T03:45:01Z
COST,2007-12-17,48.32,48.91,48.26,48.48,4192637,68.17,69,68.08,68.39,2972000,2026-02-03T03:45:01Z
COST,2007-12-18,48.52,48.83,47.85,48.66,4617965,68.45,68.88,67.5,68.65,3273500,2026-02-03T03:45:01Z
COST,2007-12-19,48.49,48.68,47.93,48.68,3870708,68.4,68.67,67.61,68.67,2743800,2026-02-03T03:45:01Z
COST,2007-12-20,48.83,48.98,48.2,48.93,4390135,68.89,69.09,68,69.02,3112000,2026-02-03T03:45:01Z
COST,2007-12-21,49.68,49.68,49.16,49.3,8347455,70.08,70.08,69.35,69.55,5917200,2026-02-03T03:45:01Z
COST,2007-12-24,50.16,50.33,49.68,49.9,1542471,70.76,71,70.08,70.39,1093400,2026-02-03T03:45:01Z
COST,2007-12-26,50.04,50.32,49.3,50.32,2938651,70.59,70.99,69.55,70.99,2083100,2026-02-03T03:45:01Z
COST,2007-12-27,49.52,50.26,49.44,50.06,2955300,69.86,70.9,69.75,70.62,2094900,2026-02-03T03:45:01Z
COST,2007-12-28,49.78,50.13,49.49,49.73,2695446,70.22,70.72,69.81,70.15,1910700,2026-02-03T03:45:01Z
COST,2007-12-31,49.45,49.94,49.43,49.78,2626887,69.76,70.45,69.73,70.22,1862100,2026-02-03T03:45:01Z
COST,2008-01-02,48.3,49.38,48.28,49.36,5270273,68.14,69.66,68.11,69.63,3735900,2026-02-03T03:45:01Z
COST,2008-01-03,47.58,48.83,47.43,48.57,4938762,67.12,68.88,66.91,68.52,3500900,2026-02-03T03:45:01Z
COST,2008-01-04,46.54,47.42,46.35,47.42,6963413,65.65,66.9,65.38,66.9,4936100,2026-02-03T03:45:01Z
COST,2008-01-07,46.77,47.24,45.93,46.54,5605324,65.98,66.64,64.8,65.65,3973400,2026-02-03T03:45:01Z
COST,2008-01-08,46.05,47.4,46.01,46.79,8261827,64.97,66.87,64.91,66.01,5856500,2026-02-03T03:45:01Z
COST,2008-01-09,47.69,47.74,46.01,46.27,12417494,67.27,67.35,64.9,65.27,8802300,2026-02-03T03:45:01Z
COST,2008-01-10,49.52,49.94,46.98,47.16,15447858,69.86,70.45,66.27,66.53,10950400,2026-02-03T03:45:01Z
COST,2008-01-11,47.09,49.26,46.79,49.18,11609454,66.43,69.49,66,69.38,8229500,2026-02-03T03:45:01Z
COST,2008-01-14,45.87,47.48,45.1,47.48,14278788,64.71,66.98,63.62,66.98,10121700,2026-02-03T03:45:01Z
COST,2008-01-15,45.35,45.8,45.16,45.41,9680584,63.98,64.61,63.71,64.06,6862200,2026-02-03T03:45:01Z
COST,2008-01-16,45.44,46.15,45.18,45.37,13543525,64.1,65.1,63.73,64,9600500,2026-02-03T03:45:01Z
COST,2008-01-17,45.58,46.47,45.42,45.43,10102254,64.3,65.56,64.08,64.09,7161100,2026-02-03T03:45:01Z
COST,2008-01-18,45.74,46.66,45.12,45.17,10380009,64.53,65.83,63.65,63.72,7358000,2026-02-03T03:45:01Z
COST,2008-01-22,46.83,47.35,44.22,44.47,13855736,66.06,66.8,62.38,62.73,9821800,2026-02-03T03:45:01Z
COST,2008-01-23,48.64,48.91,45.88,46.3,14168631,68.61,69,64.72,65.31,10043600,2026-02-03T03:45:01Z
COST,2008-01-24,47.6,48.49,46.86,48.47,8771661,67.15,68.4,66.1,68.38,6217900,2026-02-03T03:45:01Z
COST,2008-01-25,46.4,48.19,46.36,47.7,7847509,65.46,67.98,65.4,67.29,5562800,2026-02-03T03:45:01Z
COST,2008-01-28,47.04,47.05,46.08,46.35,7628844,66.36,66.37,65,65.38,5407800,2026-02-03T03:45:01Z
COST,2008-01-29,47.27,47.35,46.3,47.14,8048255,66.68,66.8,65.31,66.5,5705100,2026-02-03T03:45:01Z
COST,2008-01-30,46.95,47.92,46.54,47.17,8134029,66.23,67.6,65.66,66.54,5765900,2026-02-03T03:45:01Z
COST,2008-01-31,48.16,49.32,46.3,46.52,11250564,67.94,69.58,65.32,65.63,7975100,2026-02-03T03:45:01Z
COST,2008-02-01,48.05,48.5,47.47,48.28,8544956,67.79,68.42,66.97,68.11,6057200,2026-02-03T03:45:01Z
COST,2008-02-04,47.48,48.37,47.15,48.2,6049129,66.98,68.23,66.52,67.99,4288000,2026-02-03T03:45:01Z
COST,2008-02-05,45.98,47.4,45.67,46.73,9782153,64.87,66.87,64.43,65.92,6934200,2026-02-03T03:45:01Z
COST,2008-02-06,45.16,46.49,45.15,46.26,10430662,63.71,65.59,63.69,65.26,7393900,2026-02-03T03:45:01Z
COST,2008-02-07,45.9,46.35,44.88,45.59,11935330,64.75,65.39,63.31,64.32,8460500,2026-02-03T03:45:01Z
COST,2008-02-08,44.83,46.5,44.62,45.8,10472145,63.24,65.6,62.95,64.61,7423300,2026-02-03T03:45:01Z
COST,2008-02-11,45.37,45.54,44.64,44.85,6806679,64,64.25,62.98,63.27,4825000,2026-02-03T03:45:01Z
COST,2008-02-12,45.66,46.46,45.37,45.67,6280207,64.41,65.54,64.01,64.43,4451800,2026-02-03T03:45:01Z
COST,2008-02-13,46.66,46.78,45.93,46.32,6929159,65.68,65.85,64.65,65.19,4922900,2026-02-03T03:45:01Z
COST,2008-02-14,45.48,46.88,45.28,46.71,6020458,64.01,65.99,63.73,65.74,4277300,2026-02-03T03:45:01Z
COST,2008-02-15,45.41,45.46,44.84,45.19,5983152,63.92,63.98,63.11,63.6,4250800,2026-02-03T03:45:01Z
COST,2008-02-19,44.64,46,44.39,45.95,5471231,62.83,64.75,62.48,64.68,3887100,2026-02-03T03:45:01Z
COST,2008-02-20,45.87,46.18,44.39,44.4,6913955,64.56,65,62.48,62.5,4912100,2026-02-03T03:45:01Z
COST,2008-02-21,46.16,46.89,45.85,46.1,8703354,64.97,66,64.54,64.89,6183400,2026-02-03T03:45:01Z
COST,2008-02-22,46.9,46.96,46.05,46.4,6148815,66.02,66.1,64.82,65.31,4368500,2026-02-03T03:45:01Z
COST,2008-02-25,46.63,47.25,46.37,46.91,8425365,65.63,66.5,65.27,66.02,5985900,2026-02-03T03:45:01Z
COST,2008-02-26,47.22,47.73,46.49,46.61,9731273,66.46,67.18,65.44,65.61,6913700,2026-02-03T03:45:01Z
COST,2008-02-27,45.82,46.18,44.7,46.07,14672703,64.49,65,62.91,64.85,10424400,2026-02-03T03:45:01Z
COST,2008-02-28,44.83,45.92,44.45,45.61,7646582,63.1,64.64,62.56,64.19,5432600,2026-02-03T03:45:01Z
COST,2008-02-29,43.99,44.94,43.79,44.64,7599563,61.92,63.25,61.64,62.83,5399200,2026-02-03T03:45:01Z
COST,2008-03-03,44.41,44.9,43.83,43.99,8733608,62.51,63.2,61.69,61.91,6204900,2026-02-03T03:45:01Z
COST,2008-03-04,44.33,44.74,43.79,44.18,9572227,62.39,62.97,61.63,62.18,6800700,2026-02-03T03:45:01Z
COST,2008-03-05,43.22,44.46,42.83,43.97,19676916,60.83,62.58,60.28,61.89,13979700,2026-02-03T03:45:01Z
COST,2008-03-06,42.66,43.64,42.63,43.59,8641708,60.04,61.42,60,61.36,6139600,2026-02-03T03:45:01Z
COST,2008-03-07,42.84,43.54,42.59,42.63,8040553,60.3,61.28,59.94,60,5712500,2026-02-03T03:45:01Z
COST,2008-03-10,42.81,43.37,42.61,42.96,6893688,60.25,61.04,59.97,60.47,4897700,2026-02-03T03:45:01Z
COST,2008-03-11,44.49,44.5,43.24,43.4,8341619,62.62,62.63,60.86,61.08,5926400,2026-02-03T03:45:01Z
COST,2008-03-12,44.47,45.28,44.33,44.49,8944887,62.6,63.73,62.39,62.62,6355000,2026-02-03T03:45:01Z
COST,2008-03-13,44.17,44.53,43.61,44.11,10214766,62.17,62.68,61.38,62.08,7257200,2026-02-03T03:45:01Z
COST,2008-03-14,43.24,44.65,42.69,44.46,9573211,60.86,62.85,60.09,62.58,6801400,2026-02-03T03:45:01Z
COST,2008-03-17,42.88,43.26,42.39,42.91,7618843,60.36,60.89,59.66,60.4,5412900,2026-02-03T03:45:01Z
COST,2008-03-18,43.81,43.87,42.64,43.5,8029561,61.67,61.75,60.01,61.22,5704700,2026-02-03T03:45:01Z
COST,2008-03-19,43.25,44.55,43.25,43.93,7618005,60.88,62.71,60.88,61.83,5412300,2026-02-03T03:45:01Z
COST,2008-03-20,45.06,45.33,43.25,43.28,8326412,63.42,63.8,60.88,60.92,5915600,2026-02-03T03:45:01Z
COST,2008-03-24,46.54,46.62,45.1,45.1,9094235,65.5,65.62,63.48,63.48,6461100,2026-02-03T03:45:01Z
COST,2008-03-25,47.31,47.69,46.32,46.81,10722754,66.59,67.12,65.2,65.89,7618100,2026-02-03T03:45:01Z
COST,2008-03-26,47.33,47.55,46.79,47.22,8178617,66.62,66.93,65.86,66.46,5810600,2026-02-03T03:45:01Z
COST,2008-03-27,46.36,48.28,46.3,47.65,7470217,65.26,67.95,65.17,67.07,5307300,2026-02-03T03:45:01Z
COST,2008-03-28,45.73,46.22,45.65,46.22,4385741,64.37,65.06,64.26,65.06,3115900,2026-02-03T03:45:01Z
COST,2008-03-31,46.16,46.46,45.29,46.12,5809883,64.97,65.39,63.74,64.92,4127700,2026-02-03T03:45:01Z
COST,2008-04-01,47.24,47.51,46.26,46.31,8083616,66.49,66.87,65.11,65.18,5743100,2026-02-03T03:45:01Z
COST,2008-04-02,47.07,47.55,46.71,46.85,5599737,66.25,66.93,65.74,65.94,3978400,2026-02-03T03:45:01Z
COST,2008-04-03,47.51,47.64,46.91,46.98,4403331,66.87,67.05,66.02,66.13,3128400,2026-02-03T03:45:01Z
COST,2008-04-04,47.21,47.58,47.03,47.2,5225753,66.45,66.97,66.2,66.44,3712700,2026-02-03T03:45:01Z
COST,2008-04-07,47.1,47.7,46.83,47.25,4119716,66.3,67.14,65.92,66.5,2926900,2026-02-03T03:45:01Z
COST,2008-04-08,47.55,47.69,46.87,46.87,4318600,66.93,67.13,65.97,65.97,3068200,2026-02-03T03:45:01Z
COST,2008-04-09,46.91,47.89,46.46,47.62,4219508,66.03,67.4,65.4,67.02,2997800,2026-02-03T03:45:01Z
COST,2008-04-10,47.26,47.8,46.84,47.01,6884820,66.52,67.28,65.93,66.17,4891400,2026-02-03T03:45:01Z
COST,2008-04-11,46.68,47.25,46.54,47.22,5712345,65.7,66.5,65.51,66.47,4058400,2026-02-03T03:45:01Z
COST,2008-04-14,46.41,46.88,46.24,46.78,3650440,65.32,65.99,65.09,65.85,2593500,2026-02-03T03:45:01Z
COST,2008-04-15,46.69,46.8,46.16,46.44,3745877,65.72,65.87,64.97,65.36,2661300,2026-02-03T03:45:01Z
COST,2008-04-16,47.77,47.9,46.55,46.78,6911004,67.24,67.42,65.52,65.85,4910000,2026-02-03T03:45:01Z
COST,2008-04-17,48.66,48.73,47.7,47.91,6912549,68.49,68.59,67.14,67.43,4911100,2026-02-03T03:45:01Z
COST,2008-04-18,49.33,49.65,48.99,49.16,7010801,69.43,69.88,68.95,69.2,4980900,2026-02-03T03:45:01Z
COST,2008-04-21,49.1,49.29,48.49,49.04,3943915,69.11,69.37,68.25,69.03,2802000,2026-02-03T03:45:01Z
COST,2008-04-22,48.37,49.16,47.86,48.77,4780556,68.08,69.2,67.36,68.65,3396400,2026-02-03T03:45:01Z
COST,2008-04-23,49.45,49.61,48.15,48.48,5831141,69.6,69.83,67.77,68.23,4142800,2026-02-03T03:45:01Z
COST,2008-04-24,49.89,50.33,48.96,49.2,7807180,70.22,70.84,68.91,69.25,5546700,2026-02-03T03:45:01Z
COST,2008-04-25,50.83,50.93,49.73,49.93,6512247,71.54,71.69,70,70.28,4626700,2026-02-03T03:45:01Z
COST,2008-04-28,50.32,50.92,50.22,50.59,5033346,70.83,71.67,70.69,71.21,3576000,2026-02-03T03:45:01Z
COST,2008-04-29,50.44,50.73,49.92,50.2,4480183,71,71.41,70.27,70.66,3183000,2026-02-03T03:45:01Z
COST,2008-04-30,50.62,51.32,50.02,50.44,7206580,71.25,72.24,70.41,70.99,5120000,2026-02-03T03:45:01Z
COST,2008-05-01,51.15,51.81,49.91,50.29,6554335,72,72.93,70.25,70.78,4656600,2026-02-03T03:45:01Z
COST,2008-05-02,51.25,51.72,50.43,51.51,6261703,72.14,72.8,70.98,72.5,4448700,2026-02-03T03:45:01Z
COST,2008-05-05,51.46,51.79,51.05,51.35,4807581,72.43,72.9,71.86,72.27,3415600,2026-02-03T03:45:01Z
COST,2008-05-06,51.62,51.84,50.8,51.08,4980427,72.65,72.96,71.5,71.9,3538400,2026-02-03T03:45:01Z
COST,2008-05-07,51.21,52.63,51.1,51.74,5168046,72.08,74.08,71.92,72.83,3671700,2026-02-03T03:45:01Z
COST,2008-05-08,50.58,51.44,50.37,51.44,6616820,71.2,72.4,70.9,72.4,4701000,2026-02-03T03:45:01Z
COST,2008-05-09,50.76,51.13,50.09,50.19,3916325,71.44,71.96,70.5,70.65,2782400,2026-02-03T03:45:01Z
COST,2008-05-12,52.35,52.51,50.82,50.93,4966912,73.68,73.91,71.53,71.69,3528800,2026-02-03T03:45:01Z
COST,2008-05-13,52.56,52.63,51.74,52.57,5303448,73.98,74.08,72.82,73.99,3767900,2026-02-03T03:45:01Z
COST,2008-05-14,52.84,53.56,52.67,53.02,5857987,74.22,75.23,73.98,74.47,4170900,2026-02-03T03:45:01Z
COST,2008-05-15,53.01,53.02,52.38,52.8,5073585,74.45,74.47,73.56,74.15,3612400,2026-02-03T03:45:01Z
COST,2008-05-16,52.17,52.94,51.41,52.94,7991844,73.27,74.36,72.2,74.36,5690200,2026-02-03T03:45:01Z
COST,2008-05-19,51.34,52.51,51.17,52.27,5566424,72.11,73.75,71.87,73.41,3963300,2026-02-03T03:45:01Z
COST,2008-05-20,50.83,51.34,50.55,51.21,5253358,71.39,72.1,71,71.93,3740400,2026-02-03T03:45:01Z
COST,2008-05-21,49.41,51.24,49.06,51.19,9319078,69.39,71.96,68.9,71.89,6635200,2026-02-03T03:45:01Z
COST,2008-05-22,50.38,50.56,49.34,49.43,9158694,70.76,71.01,69.3,69.43,6521000,2026-02-03T03:45:01Z
COST,2008-05-23,50.78,51.02,49.51,50.21,8682573,71.32,71.65,69.54,70.52,6182000,2026-02-03T03:45:01Z
COST,2008-05-27,51.68,52.15,50.81,50.82,8764023,72.59,73.24,71.36,71.37,6240000,2026-02-03T03:45:01Z
COST,2008-05-28,52.15,52.98,51.78,52.02,9218377,73.24,74.41,72.72,73.06,6563500,2026-02-03T03:45:01Z
COST,2008-05-29,51.96,53.22,50.32,52.57,12384096,72.98,74.75,70.67,73.83,8817500,2026-02-03T03:45:01Z
COST,2008-05-30,50.78,51.96,50.54,51.62,8298866,71.32,72.97,70.98,72.5,5908800,2026-02-03T03:45:01Z
COST,2008-06-02,50.08,50.88,49.72,50.87,9993230,70.33,71.46,69.83,71.45,7115200,2026-02-03T03:45:01Z
COST,2008-06-03,49.87,50.6,49.6,50.15,8386215,70.04,71.07,69.66,70.44,5971000,2026-02-03T03:45:01Z
COST,2008-06-04,50.42,50.57,49.32,49.63,6482713,70.81,71.03,69.27,69.71,4615700,2026-02-03T03:45:01Z
COST,2008-06-05,52.33,52.38,50.89,50.93,8572034,73.5,73.57,71.48,71.53,6103300,2026-02-03T03:45:01Z
COST,2008-06-06,50.69,51.94,50.55,51.91,8859951,71.19,72.95,71,72.9,6308300,2026-02-03T03:45:01Z
COST,2008-06-09,50.79,51.6,50.49,50.71,7739304,71.33,72.47,70.91,71.22,5510400,2026-02-03T03:45:01Z
COST,2008-06-10,50.17,50.57,49.68,50.47,9293805,70.46,71.02,69.78,70.88,6617200,2026-02-03T03:45:01Z
COST,2008-06-11,49.04,50.18,48.95,50,8237349,68.87,70.48,68.75,70.22,5865000,2026-02-03T03:45:01Z
COST,2008-06-12,48.56,49.78,47.8,49.56,11803767,68.2,69.92,67.14,69.6,8404300,2026-02-03T03:45:01Z
COST,2008-06-13,50.07,50.08,48.77,48.83,9675690,70.32,70.34,68.5,68.58,6889100,2026-02-03T03:45:01Z
COST,2008-06-16,50.14,50.61,49.41,49.73,5579487,70.42,71.08,69.39,69.84,3972600,2026-02-03T03:45:01Z
COST,2008-06-17,49.79,50.44,49.62,50.27,5111221,69.93,70.84,69.69,70.61,3639200,2026-02-03T03:45:01Z
COST,2008-06-18,49.1,49.68,48.88,49.53,7162487,68.96,69.78,68.65,69.56,5099700,2026-02-03T03:45:01Z
COST,2008-06-19,50.01,50.34,48.92,48.92,6617399,70.24,70.7,68.71,68.71,4711600,2026-02-03T03:45:01Z
COST,2008-06-20,48.94,49.92,48.54,49.79,7668377,68.73,70.11,68.18,69.93,5459900,2026-02-03T03:45:01Z
COST,2008-06-23,48.73,49.69,48.55,49.31,7335234,68.44,69.79,68.19,69.25,5222700,2026-02-03T03:45:01Z
COST,2008-06-24,49.31,49.93,48.31,48.43,7285521,69.26,70.12,67.85,68.02,5187300,2026-02-03T03:45:01Z
COST,2008-06-25,50.47,51.21,49.41,49.49,10759945,70.89,71.93,69.4,69.51,7661100,2026-02-03T03:45:01Z
COST,2008-06-26,49.15,49.93,49.09,49.66,9496180,69.03,70.13,68.94,69.74,6761300,2026-02-03T03:45:01Z
COST,2008-06-27,50.03,50.48,49.26,49.6,12783406,70.26,70.9,69.19,69.66,9101800,2026-02-03T03:45:01Z
COST,2008-06-30,49.94,51.26,49.13,49.84,10685367,70.14,71.99,69,70,7608000,2026-02-03T03:45:01Z
COST,2008-07-01,51.66,51.79,49.28,49.43,12040426,72.55,72.74,69.21,69.42,8572800,2026-02-03T03:45:01Z
COST,2008-07-02,51.36,52.65,51.29,51.73,7339445,72.13,73.94,72.04,72.65,5225700,2026-02-03T03:45:01Z
COST,2008-07-03,51.43,52.04,50.99,51.7,3698445,72.23,73.09,71.62,72.61,2633300,2026-02-03T03:45:01Z
COST,2008-07-07,51.88,52.33,51.14,51.85,7312618,72.87,73.5,71.83,72.82,5206600,2026-02-03T03:45:01Z
COST,2008-07-08,53.16,53.32,51.79,51.79,8399145,74.66,74.89,72.74,72.74,5980200,2026-02-03T03:45:01Z
COST,2008-07-09,51.37,53.2,51.36,53.19,7740574,72.15,74.72,72.13,74.71,5511300,2026-02-03T03:45:01Z
COST,2008-07-10,50.45,51.29,49.85,51.11,10165854,70.86,72.04,70.02,71.78,7238100,2026-02-03T03:45:01Z
COST,2008-07-11,49.72,50.34,48.98,49.93,7228350,69.83,70.7,68.79,70.12,5146600,2026-02-03T03:45:01Z
COST,2008-07-14,49.53,50.32,49.14,50.32,7387631,69.57,70.68,69.02,70.67,5260000,2026-02-03T03:45:01Z
COST,2008-07-15,49.53,50.06,48.21,49.23,10975126,69.57,70.31,67.71,69.14,7814300,2026-02-03T03:45:01Z
COST,2008-07-16,51.68,51.93,49.08,49.43,10886909,72.58,72.93,68.93,69.43,7751500,2026-02-03T03:45:01Z
COST,2008-07-17,52.78,52.87,50.73,51.98,9517390,74.13,74.26,71.25,73,6776400,2026-02-03T03:45:01Z
COST,2008-07-18,51.43,52.8,51.24,52.77,10181714,72.23,74.15,71.96,74.11,7249400,2026-02-03T03:45:01Z
COST,2008-07-21,49.6,52.04,49.46,51.36,8806868,69.66,73.09,69.47,72.14,6270500,2026-02-03T03:45:01Z
COST,2008-07-22,51.26,51.3,49.49,49.74,11196326,72,72.05,69.51,69.86,7971800,2026-02-03T03:45:01Z
COST,2008-07-23,45.16,47.46,44.37,44.92,56646592,63.43,66.66,62.31,63.09,40332500,2026-02-03T03:45:01Z
COST,2008-07-24,44.84,45.64,44.62,44.93,15609079,62.98,64.1,62.67,63.1,11113700,2026-02-03T03:45:01Z
COST,2008-07-25,43.97,45.11,43.75,45.08,12090988,61.76,63.35,61.45,63.32,8608800,2026-02-03T03:45:01Z
COST,2008-07-28,42.97,44.11,42.89,43.86,11667528,60.35,61.95,60.24,61.6,8307300,2026-02-03T03:45:01Z
COST,2008-07-29,43.99,44.26,42.95,42.97,12978330,61.78,62.16,60.32,60.35,9240600,2026-02-03T03:45:01Z
COST,2008-07-30,44.86,45.14,43.94,44.01,16905160,63,63.4,61.71,61.81,12036500,2026-02-03T03:45:01Z
COST,2008-07-31,44.63,45.39,44.22,44.38,9427498,62.68,63.75,62.11,62.33,6712400,2026-02-03T03:45:01Z
COST,2008-08-01,44.29,45.05,43.98,44.93,8056583,62.2,63.27,61.77,63.11,5736300,2026-02-03T03:45:01Z
COST,2008-08-04,44.51,44.89,43.85,44.27,5931452,62.52,63.05,61.59,62.18,4223200,2026-02-03T03:45:01Z
COST,2008-08-05,46.02,46.28,44.97,44.98,9666964,64.63,65,63.16,63.17,6882900,2026-02-03T03:45:01Z
COST,2008-08-06,46.91,47.04,45.74,45.84,11068286,65.72,65.9,64.08,64.22,7900200,2026-02-03T03:45:01Z
COST,2008-08-07,46.98,47.54,46.41,46.51,11788426,65.82,66.61,65.02,65.16,8414200,2026-02-03T03:45:01Z
COST,2008-08-08,47.82,48.02,47.15,47.19,10057312,66.99,67.27,66.06,66.11,7178600,2026-02-03T03:45:01Z
COST,2008-08-11,47.89,49.23,47.37,47.79,8915208,67.1,68.97,66.37,66.95,6363400,2026-02-03T03:45:01Z
COST,2008-08-12,48.38,48.68,47.48,47.62,7211446,67.78,68.2,66.52,66.72,5147300,2026-02-03T03:45:01Z
COST,2008-08-13,47.79,48.18,47.13,48.04,7526389,66.95,67.5,66.03,67.31,5372100,2026-02-03T03:45:01Z
COST,2008-08-14,47.92,48.52,47.29,47.4,5920128,67.14,67.98,66.26,66.41,4225600,2026-02-03T03:45:01Z
COST,2008-08-15,48.54,48.78,48.03,48.16,6571312,68,68.34,67.29,67.47,4690400,2026-02-03T03:45:01Z
COST,2008-08-18,48.12,48.89,47.87,48.61,5771483,67.41,68.49,67.06,68.1,4119500,2026-02-03T03:45:01Z
COST,2008-08-19,47.44,48.29,46.94,48.11,6862722,66.46,67.65,65.76,67.4,4898400,2026-02-03T03:45:01Z
COST,2008-08-20,47.07,47.63,46.65,47.3,5270055,65.94,66.73,65.36,66.27,3761600,2026-02-03T03:45:01Z
COST,2008-08-21,47.29,47.39,46.57,46.75,4180904,66.25,66.39,65.24,65.5,2984200,2026-02-03T03:45:01Z
COST,2008-08-22,48.13,48.36,47.49,47.52,4917842,67.43,67.75,66.54,66.57,3510200,2026-02-03T03:45:01Z
COST,2008-08-25,47.43,48.17,47.31,48.14,4486189,66.45,67.49,66.28,67.45,3202100,2026-02-03T03:45:01Z
COST,2008-08-26,47.48,47.63,46.82,47.41,3673318,66.52,66.73,65.6,66.42,2621900,2026-02-03T03:45:01Z
COST,2008-08-27,47.62,47.94,47.02,47.36,3994151,66.71,67.17,65.87,66.35,2850900,2026-02-03T03:45:01Z
COST,2008-08-28,48.4,48.49,47.71,47.72,4247038,67.81,67.93,66.84,66.86,3031400,2026-02-03T03:45:01Z
COST,2008-08-29,47.87,48.29,47.79,47.92,3967253,67.06,67.65,66.95,67.14,2831700,2026-02-03T03:45:01Z
COST,2008-09-02,48.72,49.56,48.56,48.64,7343703,68.26,69.44,68.03,68.15,5241700,2026-02-03T03:45:01Z
COST,2008-09-03,48.77,48.89,47.48,47.82,8222834,68.33,68.5,66.52,67,5869200,2026-02-03T03:45:01Z
COST,2008-09-04,48.08,49.24,48.08,48.47,8643146,67.36,68.98,67.36,67.9,6169200,2026-02-03T03:45:01Z
COST,2008-09-05,48.85,48.99,47.4,47.89,8271032,68.44,68.63,66.41,67.09,5903600,2026-02-03T03:45:01Z
COST,2008-09-08,49.2,50.61,49.09,49.56,12406534,68.93,70.9,68.78,69.44,8855400,2026-02-03T03:45:01Z
COST,2008-09-09,48.99,49.81,48.89,49.42,9498743,68.63,69.78,68.49,69.24,6779900,2026-02-03T03:45:01Z
COST,2008-09-10,49.56,50.15,48.97,49.12,8420525,69.43,70.26,68.6,68.82,6010300,2026-02-03T03:45:01Z
COST,2008-09-11,50.23,50.26,48.84,49.19,9043826,70.37,70.42,68.42,68.92,6455200,2026-02-03T03:45:01Z
COST,2008-09-12,49.64,50.06,49.11,49.82,7580469,69.55,70.14,68.81,69.8,5410700,2026-02-03T03:45:01Z
COST,2008-09-15,49.21,49.96,48.66,49.01,9203691,68.95,70,68.17,68.66,6569300,2026-02-03T03:45:01Z
COST,2008-09-16,49.16,49.86,48.43,48.58,15127445,68.88,69.86,67.85,68.06,10797500,2026-02-03T03:45:01Z
COST,2008-09-17,46.66,48.75,46.64,48.43,16004084,65.37,68.3,65.34,67.85,11423200,2026-02-03T03:45:01Z
COST,2008-09-18,48.7,50.08,46.15,46.93,16235805,68.23,70.16,64.65,65.75,11588600,2026-02-03T03:45:01Z
COST,2008-09-19,47.17,50.68,47.17,50.68,144724,66.09,71,66.09,71,103300,2026-02-03T03:45:01Z
COST,2008-09-22,45.91,47.52,45.86,47.36,8846844,64.32,66.57,64.25,66.35,6314600,2026-02-03T03:45:01Z
COST,2008-09-23,45.8,46.74,45.7,46.12,6174970,64.16,65.48,64.02,64.62,4407500,2026-02-03T03:45:01Z
COST,2008-09-24,46.25,46.56,45.22,45.74,4983824,64.79,65.23,63.36,64.08,3557300,2026-02-03T03:45:01Z
COST,2008-09-25,47.09,47.59,46.22,46.32,7416278,65.98,66.67,64.76,64.89,5293500,2026-02-03T03:45:01Z
COST,2008-09-26,47.32,47.34,46.05,46.05,6315775,66.29,66.32,64.52,64.52,4508000,2026-02-03T03:45:01Z
COST,2008-09-29,45.11,47.47,44.25,47.07,10149082,63.2,66.5,62,65.95,7244100,2026-02-03T03:45:01Z
COST,2008-09-30,46.35,46.66,44.97,45.36,7121774,64.93,65.37,63,63.55,5083300,2026-02-03T03:45:01Z
COST,2008-10-01,46.17,46.4,45.42,45.68,5408054,64.69,65,63.64,64,3860100,2026-02-03T03:45:01Z
COST,2008-10-02,44.2,46,43.78,45.9,8804964,61.92,64.44,61.33,64.31,6284700,2026-02-03T03:45:01Z
COST,2008-10-03,44.68,46.48,44.46,45.46,10884483,62.6,65.12,62.29,63.69,7769000,2026-02-03T03:45:01Z
COST,2008-10-06,43.16,44.25,40.76,43.34,13322662,60.47,62,57.11,60.72,9509300,2026-02-03T03:45:01Z
COST,2008-10-07,41.26,43.84,40.72,43.15,13758669,57.8,61.42,57.05,60.45,9820500,2026-02-03T03:45:01Z
COST,2008-10-08,40.73,41.97,38.08,38.54,19117698,57.06,58.8,53.35,54,13645600,2026-02-03T03:45:01Z
COST,2008-10-09,38.83,41.41,37.62,40.98,10980453,54.4,58.01,52.7,57.41,7837500,2026-02-03T03:45:01Z
COST,2008-10-10,38.47,39.96,36.4,37.92,17387021,53.9,55.99,51,53.13,12410300,2026-02-03T03:45:01Z
COST,2008-10-13,42.48,42.61,39.79,40.04,11816436,59.52,59.69,55.75,56.1,8434200,2026-02-03T03:45:01Z
COST,2008-10-14,41.69,43.91,40.76,43.6,11203496,58.41,61.52,57.11,61.09,7996700,2026-02-03T03:45:01Z
COST,2008-10-15,38.27,41.33,37.83,40.85,10736262,53.61,57.9,53,57.23,7663200,2026-02-03T03:45:01Z
COST,2008-10-16,41.25,41.5,37.44,38.62,14877366,57.79,58.14,52.45,54.1,10619000,2026-02-03T03:45:01Z
COST,2008-10-17,41.38,42.78,37.67,40.51,11801164,57.98,59.94,52.77,56.75,8423300,2026-02-03T03:45:01Z
COST,2008-10-20,41.46,42.33,39.97,42.33,8905683,58.08,59.31,56,59.31,6356600,2026-02-03T03:45:01Z
COST,2008-10-21,39.87,41.82,39.66,40.86,9920865,55.86,58.59,55.57,57.25,7081200,2026-02-03T03:45:01Z
COST,2008-10-22,38.22,39.39,37.18,39.26,9616002,53.55,55.18,52.09,55,6863600,2026-02-03T03:45:01Z
COST,2008-10-23,37.27,38.32,35.46,38.13,12502357,52.21,53.68,49.68,53.42,8923800,2026-02-03T03:45:01Z
COST,2008-10-24,36.35,37.16,34.73,34.98,7150783,50.93,52.06,48.66,49,5104000,2026-02-03T03:45:01Z
COST,2008-10-27,37.04,38.17,35.4,35.71,10435171,51.9,53.48,49.59,50.03,7448300,2026-02-03T03:45:01Z
COST,2008-10-28,41.03,41.3,37.32,38.54,12782579,57.48,57.86,52.29,53.99,9123800,2026-02-03T03:45:01Z
COST,2008-10-29,40.6,42.46,39.14,40.74,11449357,56.88,59.48,54.84,57.08,8172200,2026-02-03T03:45:01Z
COST,2008-10-30,40.66,41.77,39.89,41.35,9507002,56.97,58.52,55.89,57.93,6785800,2026-02-03T03:45:01Z
COST,2008-10-31,40.69,41.71,40,40.69,8472223,57.01,58.43,56.04,57,6047200,2026-02-03T03:45:01Z
COST,2008-11-03,38.17,40.56,37.67,40.35,12342237,53.47,56.83,52.78,56.53,8809500,2026-02-03T03:45:01Z
COST,2008-11-04,39.32,39.96,38.07,38.79,11257994,55.09,55.99,53.33,54.34,8035600,2026-02-03T03:45:01Z
COST,2008-11-05,38.34,39.64,38.24,39.16,7797067,53.71,55.54,53.57,54.87,5565300,2026-02-03T03:45:01Z
COST,2008-11-06,38.19,39.18,37.76,37.83,13746175,53.51,54.89,52.9,53,9811600,2026-02-03T03:45:01Z
COST,2008-11-07,38.59,38.84,37.75,38.39,5693437,54.07,54.41,52.89,53.79,4063800,2026-02-03T03:45:01Z
COST,2008-11-10,37.83,39.36,37.32,39.19,7443175,53,55.15,52.29,54.9,5312700,2026-02-03T03:45:01Z
COST,2008-11-11,37.32,38.02,36.32,37.36,7054811,52.28,53.27,50.88,52.34,5035500,2026-02-03T03:45:01Z
COST,2008-11-12,34.92,36.64,34.77,36.55,11102026,48.78,51.17,48.57,51.05,7948600,2026-02-03T03:45:01Z
COST,2008-11-13,35.78,35.78,32.43,34.82,15671694,49.97,49.98,45.29,48.64,11220300,2026-02-03T03:45:01Z
COST,2008-11-14,34.41,36.28,34.07,34.76,10103648,48.06,50.68,47.59,48.55,7233800,2026-02-03T03:45:01Z
COST,2008-11-17,33.87,35.08,33.83,34.01,7336017,47.31,48.99,47.25,47.5,5252300,2026-02-03T03:45:01Z
COST,2008-11-18,33.48,34.19,32.28,34.01,10830350,46.76,47.76,45.08,47.5,7754100,2026-02-03T03:45:01Z
COST,2008-11-19,32.41,34.11,32.31,33.45,8611656,45.27,47.64,45.13,46.72,6165600,2026-02-03T03:45:01Z
COST,2008-11-20,32.21,34.55,32.11,32.22,13425907,44.99,48.25,44.85,45,9612400,2026-02-03T03:45:01Z
COST,2008-11-21,33.44,33.59,31.42,32.38,15172351,46.71,46.91,43.88,45.22,10862800,2026-02-03T03:45:01Z
COST,2008-11-24,35.4,35.78,33.26,33.99,11512661,49.45,49.97,46.45,47.47,8242600,2026-02-03T03:45:01Z
COST,2008-11-25,36.28,37,35.41,36.04,10411892,50.67,51.68,49.46,50.34,7454500,2026-02-03T03:45:01Z
COST,2008-11-26,36.84,36.99,35.51,35.51,6176050,51.45,51.67,49.6,49.6,4421800,2026-02-03T03:45:01Z
COST,2008-11-28,36.85,37,36.27,36.76,2179036,51.47,51.68,50.66,51.35,1560100,2026-02-03T03:45:01Z
COST,2008-12-01,34.3,36.34,34.28,36.32,7765527,47.91,50.76,47.88,50.73,5559800,2026-02-03T03:45:01Z
COST,2008-12-02,35.87,35.94,34.19,34.72,8581344,50.1,50.2,47.76,48.5,6143900,2026-02-03T03:45:01Z
COST,2008-12-03,36.81,37.39,34.89,35.08,11037086,51.42,52.22,48.73,49,7902100,2026-02-03T03:45:01Z
COST,2008-12-04,37.77,38.2,36.16,36.49,13778141,52.75,53.35,50.51,50.97,9864600,2026-02-03T03:45:01Z
COST,2008-12-05,39.79,40.02,37.13,37.35,12090917,55.58,55.89,51.86,52.17,8656600,2026-02-03T03:45:01Z
COST,2008-12-08,39.51,40.29,38.99,39.66,10317902,55.19,56.27,54.46,55.39,7387200,2026-02-03T03:45:01Z
COST,2008-12-09,38.02,39.49,37.56,39.42,11015830,53.1,55.16,52.46,55.06,7886900,2026-02-03T03:45:01Z
COST,2008-12-10,38.44,38.64,37.15,37.85,10141765,53.69,53.97,51.89,52.86,7261100,2026-02-03T03:45:01Z
COST,2008-12-11,37.27,38.28,36.3,37.41,14890068,52.06,53.47,50.7,52.25,10660700,2026-02-03T03:45:01Z
COST,2008-12-12,38.23,38.73,36.77,36.77,9492585,53.4,54.09,51.36,51.36,6796300,2026-02-03T03:45:01Z
COST,2008-12-15,37.76,38.23,36.9,38.15,6800106,52.74,53.4,51.54,53.29,4868600,2026-02-03T03:45:01Z
COST,2008-12-16,37.97,38.26,37.46,37.95,11470770,53.03,53.44,52.32,53,8212600,2026-02-03T03:45:01Z
COST,2008-12-17,38.62,38.99,37.72,37.72,9643410,53.94,54.46,52.69,52.69,6904300,2026-02-03T03:45:01Z
COST,2008-12-18,38.77,39.19,38.38,38.85,7061713,54.15,54.74,53.6,54.26,5055900,2026-02-03T03:45:01Z
COST,2008-12-19,38.51,39.38,38.22,39.08,9172855,53.79,55,53.38,54.59,6567400,2026-02-03T03:45:01Z
COST,2008-12-22,37.75,38.91,37.05,38.87,6952625,52.72,54.35,51.75,54.29,4977800,2026-02-03T03:45:01Z
COST,2008-12-23,36.85,38.18,36.69,37.49,4935479,51.47,53.33,51.25,52.37,3533600,2026-02-03T03:45:01Z
COST,2008-12-24,37.01,37.27,36.92,37.17,1568941,51.69,52.06,51.57,51.92,1123300,2026-02-03T03:45:01Z
COST,2008-12-26,36.85,37.23,36.72,36.87,1701354,51.47,52,51.29,51.49,1218100,2026-02-03T03:45:01Z
COST,2008-12-29,36.39,37.1,36.21,36.76,3371421,50.83,51.82,50.58,51.35,2413800,2026-02-03T03:45:01Z
COST,2008-12-30,36.61,36.87,36.08,36.39,3290550,51.13,51.5,50.4,50.83,2355900,2026-02-03T03:45:01Z
COST,2008-12-31,37.59,37.82,36.61,36.66,6899128,52.5,52.83,51.13,51.2,4939500,2026-02-03T03:45:01Z
COST,2009-01-02,38.2,38.3,37.27,37.55,5149877,53.35,53.5,52.05,52.44,3687100,2026-02-03T03:45:01Z
COST,2009-01-05,37.44,38.39,37.09,38.08,8230218,52.29,53.62,51.8,53.18,5892500,2026-02-03T03:45:01Z
COST,2009-01-06,36.84,37.65,36.57,37.6,9040738,51.45,52.58,51.08,52.52,6472800,2026-02-03T03:45:01Z
COST,2009-01-07,35.88,36.76,35.58,36.51,9595372,50.12,51.35,49.69,51,6869900,2026-02-03T03:45:01Z
COST,2009-01-08,36.26,37.16,35.35,35.48,10177935,50.65,51.9,49.38,49.55,7287000,2026-02-03T03:45:01Z
COST,2009-01-09,35.18,36.5,35.02,35.97,6392949,49.14,50.98,48.91,50.24,4577100,2026-02-03T03:45:01Z
COST,2009-01-12,35.39,35.89,35.03,35.5,6722163,49.43,50.13,48.92,49.59,4812800,2026-02-03T03:45:01Z
COST,2009-01-13,35.04,36.06,34.76,35.13,8813755,48.94,50.36,48.55,49.06,6310300,2026-02-03T03:45:01Z
COST,2009-01-14,34.1,34.78,33.97,34.62,11043905,47.63,48.58,47.44,48.35,7907000,2026-02-03T03:45:01Z
COST,2009-01-15,34.7,35.04,33.83,34.02,8402420,48.47,48.94,47.25,47.52,6015800,2026-02-03T03:45:01Z
COST,2009-01-16,34.94,35.3,34.27,35.3,8958193,48.8,49.31,47.86,49.31,6413700,2026-02-03T03:45:01Z
COST,2009-01-20,33.81,35.23,33.76,35.2,10294161,47.22,49.21,47.15,49.17,7370200,2026-02-03T03:45:01Z
COST,2009-01-21,34.29,34.4,33.35,33.84,8719478,47.9,48.04,46.58,47.26,6242800,2026-02-03T03:45:01Z
COST,2009-01-22,33.97,34.28,33.41,34.04,8582602,47.45,47.88,46.67,47.55,6144800,2026-02-03T03:45:01Z
COST,2009-01-23,33.63,34.02,33.08,33.46,6865894,46.97,47.51,46.21,46.73,4915700,2026-02-03T03:45:01Z
COST,2009-01-26,33.9,34.39,33.61,33.99,5715543,47.35,48.03,46.94,47.48,4092100,2026-02-03T03:45:01Z
COST,2009-01-27,34.29,34.42,33.71,33.93,5706042,47.9,48.08,47.08,47.39,4085300,2026-02-03T03:45:01Z
COST,2009-01-28,34.23,34.74,33.93,34.42,7211725,47.81,48.52,47.39,48.07,5163300,2026-02-03T03:45:01Z
COST,2009-01-29,33.26,34.37,33.18,34.36,6573699,46.45,48,46.34,47.99,4706500,2026-02-03T03:45:01Z
COST,2009-01-30,32.24,33.41,32.07,33.24,9333895,45.03,46.66,44.79,46.43,6682700,2026-02-03T03:45:01Z
COST,2009-02-02,32.43,32.7,31.88,32.06,6681236,45.3,45.67,44.53,44.78,4783500,2026-02-03T03:45:01Z
COST,2009-02-03,33.02,33.06,32.13,32.56,7439376,46.12,46.18,44.87,45.47,5326300,2026-02-03T03:45:01Z
COST,2009-02-04,30.77,31.14,29.95,30.6,29291916,42.98,43.5,41.83,42.74,20971800,2026-02-03T03:45:01Z
COST,2009-02-05,31.38,31.47,30.36,30.68,13808045,43.83,43.96,42.41,42.85,9886000,2026-02-03T03:45:01Z
COST,2009-02-06,32.37,32.56,31.5,31.57,11540886,45.21,45.48,44,44.1,8262800,2026-02-03T03:45:01Z
COST,2009-02-09,32.34,32.51,31.91,32.06,7454189,45.17,45.41,44.57,44.78,5336900,2026-02-03T03:45:01Z
COST,2009-02-10,31.48,32.65,31.35,32.08,9204861,43.97,45.6,43.78,44.8,6590300,2026-02-03T03:45:01Z
COST,2009-02-11,31.29,31.95,30.96,31.74,6650257,43.54,44.46,43.08,44.17,4778700,2026-02-03T03:45:01Z
COST,2009-02-12,31.85,31.9,30.82,31.26,9147143,44.32,44.39,42.89,43.5,6572900,2026-02-03T03:45:01Z
COST,2009-02-13,30.73,31.83,30.63,31.82,6781491,42.76,44.29,42.62,44.28,4873000,2026-02-03T03:45:01Z
COST,2009-02-17,30.27,30.71,30.11,30.29,8620388,42.12,42.74,41.9,42.15,6194400,2026-02-03T03:45:01Z
COST,2009-02-18,30.45,30.63,29.98,30.32,8616500,42.38,42.63,41.72,42.2,6191600,2026-02-03T03:45:01Z
COST,2009-02-19,30.63,31.24,30.6,30.71,7586280,42.62,43.47,42.59,42.74,5451300,2026-02-03T03:45:01Z
COST,2009-02-20,30.73,31.11,30.25,30.56,9736095,42.76,43.29,42.1,42.53,6996100,2026-02-03T03:45:01Z
COST,2009-02-23,29.58,31.06,29.49,30.88,8948414,41.17,43.23,41.04,42.97,6430100,2026-02-03T03:45:01Z
COST,2009-02-24,30.58,30.74,29.5,29.55,8467749,42.55,42.78,41.05,41.12,6084700,2026-02-03T03:45:01Z
COST,2009-02-25,30.18,30.75,29.69,30.34,9647722,42,42.79,41.32,42.22,6932600,2026-02-03T03:45:01Z
COST,2009-02-26,29.86,30.5,29.86,30.43,6830043,41.55,42.44,41.55,42.35,4907900,2026-02-03T03:45:01Z
COST,2009-02-27,30.42,30.92,29.64,29.67,10278420,42.34,43.03,41.25,41.29,7385800,2026-02-03T03:45:01Z
COST,2009-03-02,29.35,30.8,29.26,29.97,10611419,40.84,42.86,40.72,41.71,7625100,2026-02-03T03:45:01Z
COST,2009-03-03,29.24,30.08,28.92,29.68,11327842,40.69,41.86,40.25,41.31,8139900,2026-02-03T03:45:01Z
COST,2009-03-04,29.33,30.11,28.85,29.54,20145318,40.81,41.9,40.15,41.11,14475900,2026-02-03T03:45:01Z
COST,2009-03-05,28.43,29.43,28.21,29.13,12443807,39.56,40.95,39.26,40.54,8941800,2026-02-03T03:45:01Z
COST,2009-03-06,28.01,28.56,27.43,28.44,9862733,38.98,39.74,38.17,39.58,7087100,2026-02-03T03:45:01Z
COST,2009-03-09,27.62,28.36,27.44,27.62,9010061,38.44,39.47,38.18,38.44,6474400,2026-02-03T03:45:01Z
COST,2009-03-10,28.84,28.88,27.77,28.05,11941550,40.14,40.19,38.65,39.03,8580900,2026-02-03T03:45:01Z
COST,2009-03-11,28.43,29.05,28.27,28.83,8846127,39.56,40.43,39.34,40.12,6356600,2026-02-03T03:45:01Z
COST,2009-03-12,29.36,29.45,28.26,28.71,8387843,40.86,40.99,39.33,39.96,6027300,2026-02-03T03:45:01Z
COST,2009-03-13,30.32,30.47,29.1,29.45,8889001,42.2,42.4,40.5,40.99,6387400,2026-02-03T03:45:01Z
COST,2009-03-16,30.27,30.91,30.18,30.27,6789822,42.12,43.02,42,42.13,4879000,2026-02-03T03:45:01Z
COST,2009-03-17,31.6,31.63,30.76,30.96,8583941,43.98,44.02,42.81,43.09,6168200,2026-02-03T03:45:01Z
COST,2009-03-18,31.95,32.37,30.96,31.55,9856326,44.46,45.04,43.08,43.9,7082500,2026-02-03T03:45:01Z
COST,2009-03-19,32.42,32.53,31.8,32.05,9461087,45.12,45.27,44.25,44.6,6798500,2026-02-03T03:45:01Z
COST,2009-03-20,32.21,32.8,31.62,32.74,10030273,44.83,45.64,44,45.57,7207500,2026-02-03T03:45:01Z
COST,2009-03-23,34.16,34.16,32.52,32.68,8731740,47.54,47.54,45.25,45.48,6274400,2026-02-03T03:45:01Z
COST,2009-03-24,33.31,34.49,33.24,33.97,7021822,46.36,48,46.26,47.27,5045700,2026-02-03T03:45:01Z
COST,2009-03-25,33.64,34.32,32.74,33.42,8515045,46.81,47.76,45.57,46.51,6118700,2026-02-03T03:45:01Z
COST,2009-03-26,34.82,35.46,33.82,34.04,9499924,48.46,49.35,47.06,47.37,6826400,2026-02-03T03:45:01Z
COST,2009-03-27,34.06,34.6,33.82,34.26,6772025,47.4,48.15,47.06,47.68,4866200,2026-02-03T03:45:01Z
COST,2009-03-30,33.23,33.7,32.8,33.46,6232611,46.25,46.9,45.65,46.56,4478600,2026-02-03T03:45:01Z
COST,2009-03-31,33.28,33.68,32.47,33.4,7463937,46.32,46.87,45.19,46.48,5363400,2026-02-03T03:45:01Z
COST,2009-04-01,33.31,33.41,32.35,32.82,6453337,46.35,46.5,45.02,45.67,4637200,2026-02-03T03:45:01Z
COST,2009-04-02,34.54,34.92,33.41,33.64,7128413,48.07,48.6,46.5,46.82,5122300,2026-02-03T03:45:01Z
COST,2009-04-03,35.15,35.19,34.38,34.39,5880527,48.91,48.97,47.85,47.86,4225600,2026-02-03T03:45:01Z
COST,2009-04-06,34.3,35.11,33.97,34.61,6037239,47.74,48.86,47.28,48.16,4338200,2026-02-03T03:45:01Z
COST,2009-04-07,33.33,33.92,33.28,33.8,6380682,46.39,47.21,46.31,47.03,4585000,2026-02-03T03:45:01Z
COST,2009-04-08,34.28,34.77,33.51,33.53,7432215,47.7,48.39,46.63,46.66,5340600,2026-02-03T03:45:01Z
COST,2009-04-09,33.7,34.08,32.72,32.95,14747968,46.9,47.42,45.54,45.85,10597500,2026-02-03T03:45:01Z
COST,2009-04-13,33.35,33.94,33.21,33.72,5825151,46.41,47.23,46.22,46.92,4185800,2026-02-03T03:45:01Z
COST,2009-04-14,32.59,33.23,32.46,33.13,6505927,45.35,46.25,45.17,46.11,4675000,2026-02-03T03:45:01Z
COST,2009-04-15,32.81,32.91,32.37,32.6,5117355,45.66,45.8,45.05,45.37,3677200,2026-02-03T03:45:01Z
COST,2009-04-16,33.22,33.59,32.87,32.89,6496194,46.23,46.75,45.74,45.77,4668000,2026-02-03T03:45:01Z
COST,2009-04-17,32.89,33.41,32.77,33.13,6599863,45.77,46.5,45.61,46.1,4742500,2026-02-03T03:45:01Z
COST,2009-04-20,31.86,32.76,31.69,32.59,7519608,44.34,45.59,44.1,45.35,5403400,2026-02-03T03:45:01Z
COST,2009-04-21,33.39,33.47,31.64,31.96,8878821,46.46,46.58,44.03,44.48,6380100,2026-02-03T03:45:01Z
COST,2009-04-22,33.82,34.33,32.77,33,8537876,47.07,47.77,45.61,45.92,6135100,2026-02-03T03:45:01Z
COST,2009-04-23,33.65,34.59,33.25,33.51,7727810,46.83,48.13,46.27,46.64,5553000,2026-02-03T03:45:01Z
COST,2009-04-24,34.61,34.94,33.41,33.91,9362990,48.17,48.63,46.5,47.19,6728000,2026-02-03T03:45:01Z
COST,2009-04-27,34.23,34.73,33.79,34.44,5759178,47.64,48.33,47.02,47.93,4138400,2026-02-03T03:45:01Z
COST,2009-04-28,33.82,34.59,33.54,33.85,6143274,47.07,48.14,46.68,47.1,4414400,2026-02-03T03:45:01Z
COST,2009-04-29,34.25,34.81,33.99,34.41,8135423,47.67,48.44,47.3,47.89,5845900,2026-02-03T03:45:01Z
COST,2009-04-30,34.92,35.19,33.8,34.43,10513460,48.6,48.97,47.03,47.92,7554700,2026-02-03T03:45:01Z
COST,2009-05-01,34.27,34.81,34.03,34.77,6179042,47.69,48.44,47.35,48.39,4440100,2026-02-03T03:45:01Z
COST,2009-05-04,34.28,34.46,33.99,34.35,6600566,47.71,47.96,47.3,47.8,4743000,2026-02-03T03:45:01Z
COST,2009-05-05,34.24,34.69,33.87,34.59,5355877,47.65,48.27,47.13,48.14,3848600,2026-02-03T03:45:01Z
COST,2009-05-06,33.68,34.64,33.48,34.36,7066487,46.87,48.2,46.59,47.82,5077800,2026-02-03T03:45:01Z
COST,2009-05-07,33,34.44,32.81,34.25,11287913,45.93,47.93,45.66,47.66,8111200,2026-02-03T03:45:01Z
COST,2009-05-08,33.49,33.64,32.71,33.41,9027726,46.6,46.81,45.52,46.5,6487100,2026-02-03T03:45:01Z
COST,2009-05-11,33.07,33.6,32.52,32.84,7192573,46.02,46.76,45.25,45.7,5168400,2026-02-03T03:45:01Z
COST,2009-05-12,33.71,33.95,32.89,33.46,7480232,46.91,47.25,45.77,46.57,5375100,2026-02-03T03:45:01Z
COST,2009-05-13,32.93,33.58,32.68,33.36,8219947,45.65,46.55,45.3,46.25,5929400,2026-02-03T03:45:01Z
COST,2009-05-14,32.32,33.25,32.18,33.04,9126051,44.8,46.1,44.61,45.8,6583000,2026-02-03T03:45:01Z
COST,2009-05-15,32.28,32.88,32.24,32.3,7191169,44.75,45.58,44.7,44.78,5187300,2026-02-03T03:45:01Z
COST,2009-05-18,33.25,33.3,32.5,32.61,5881945,46.09,46.17,45.06,45.21,4242900,2026-02-03T03:45:01Z
COST,2009-05-19,34.05,34.44,32.98,33.35,8328216,47.21,47.74,45.72,46.23,6007500,2026-02-03T03:45:01Z
COST,2009-05-20,35.19,35.79,34.81,34.99,13339150,48.78,49.61,48.26,48.5,9622100,2026-02-03T03:45:01Z
COST,2009-05-21,34.85,35.55,34.52,34.95,6519225,48.31,49.28,47.86,48.45,4702600,2026-02-03T03:45:01Z
COST,2009-05-22,34.84,35.22,34.67,34.84,5598595,48.3,48.83,48.07,48.3,4038500,2026-02-03T03:45:01Z
COST,2009-05-26,35.45,36.01,34.34,34.44,10535901,49.14,49.92,47.6,47.75,7600000,2026-02-03T03:45:01Z
COST,2009-05-27,35.22,35.85,34.77,35.24,8697685,48.83,49.7,48.2,48.85,6274000,2026-02-03T03:45:01Z
COST,2009-05-28,34.6,35.19,33.57,34.58,15148838,47.97,48.79,46.54,47.94,10927500,2026-02-03T03:45:01Z
COST,2009-05-29,35,35,34.06,34.77,6533935,48.52,48.52,47.21,48.2,4713200,2026-02-03T03:45:01Z
COST,2009-06-01,35.85,36.05,35.17,35.35,6489292,49.7,49.98,48.75,49,4681000,2026-02-03T03:45:01Z
COST,2009-06-02,35.67,36.17,35.56,35.72,5296511,49.45,50.14,49.3,49.52,3820600,2026-02-03T03:45:01Z
COST,2009-06-03,34.96,35.53,34.62,35.53,12922422,48.47,49.25,48,49.25,9321500,2026-02-03T03:45:01Z
COST,2009-06-04,34.53,34.62,33.36,34,12220811,47.87,48,46.25,47.13,8815400,2026-02-03T03:45:01Z
COST,2009-06-05,34.36,35.05,34.03,34.91,7587115,47.64,48.59,47.18,48.4,5472900,2026-02-03T03:45:01Z
COST,2009-06-08,34.29,34.51,33.87,34.24,4564961,47.53,47.84,46.96,47.47,3292900,2026-02-03T03:45:01Z
COST,2009-06-09,34,34.6,33.82,34.31,6923335,47.13,47.96,46.89,47.56,4994100,2026-02-03T03:45:01Z
COST,2009-06-10,33.61,34.23,33.46,34.06,7183421,46.59,47.45,46.38,47.22,5181700,2026-02-03T03:45:01Z
COST,2009-06-11,33.38,33.94,33.34,33.74,8975907,46.27,47.05,46.22,46.78,6474700,2026-02-03T03:45:01Z
COST,2009-06-12,33.92,33.98,33.15,33.43,6564988,47.03,47.1,45.96,46.35,4735600,2026-02-03T03:45:01Z
COST,2009-06-15,33.42,33.78,33.17,33.72,6014618,46.33,46.83,45.99,46.75,4338600,2026-02-03T03:45:01Z
COST,2009-06-16,33.15,33.57,33.04,33.44,6481246,45.95,46.54,45.8,46.36,4675200,2026-02-03T03:45:01Z
COST,2009-06-17,33.61,34.05,33.1,33.23,8144408,46.59,47.2,45.88,46.06,5874900,2026-02-03T03:45:01Z
COST,2009-06-18,33.35,33.8,33.11,33.74,6416365,46.24,46.86,45.9,46.77,4628400,2026-02-03T03:45:01Z
COST,2009-06-19,33.26,33.69,33.12,33.69,7101758,46.11,46.7,45.91,46.7,5122800,2026-02-03T03:45:01Z
COST,2009-06-22,32.71,33.34,32.64,33.05,7550778,45.35,46.22,45.25,45.81,5446700,2026-02-03T03:45:01Z
COST,2009-06-23,32.51,33.22,32.45,33.2,6096966,45.07,46.05,44.98,46.02,4398000,2026-02-03T03:45:01Z
COST,2009-06-24,32.49,32.7,32.3,32.61,5889567,45.04,45.33,44.78,45.21,4248400,2026-02-03T03:45:01Z
COST,2009-06-25,33.38,33.43,32.33,32.33,7541084,46.28,46.34,44.82,44.82,5439700,2026-02-03T03:45:01Z
COST,2009-06-26,33.48,33.62,33.06,33.2,5095638,46.41,46.6,45.83,46.03,3675700,2026-02-03T03:45:01Z
COST,2009-06-29,33.33,33.76,33.19,33.76,4915144,46.2,46.8,46.01,46.8,3545500,2026-02-03T03:45:01Z
COST,2009-06-30,33.02,33.39,32.92,33.25,7119909,45.78,46.29,45.64,46.09,5135900,2026-02-03T03:45:01Z
COST,2009-07-01,33.03,33.46,32.97,33.05,4219906,45.79,46.38,45.71,45.81,3044000,2026-02-03T03:45:01Z
COST,2009-07-02,32.2,32.92,32.17,32.92,6821453,44.64,45.64,44.59,45.64,4920600,2026-02-03T03:45:01Z
COST,2009-07-06,32.97,33.03,32.1,32.15,6578993,45.7,45.79,44.5,44.57,4745700,2026-02-03T03:45:01Z
COST,2009-07-07,32.13,32.78,32.09,32.61,5916744,44.54,45.44,44.48,45.21,4268000,2026-02-03T03:45:01Z
COST,2009-07-08,33.2,33.26,32.19,32.34,10392283,46.02,46.11,44.63,44.83,7496400,2026-02-03T03:45:01Z
COST,2009-07-09,32.82,33.54,32.64,33.47,7898463,45.5,46.5,45.25,46.4,5697500,2026-02-03T03:45:01Z
COST,2009-07-10,32.44,32.83,32.21,32.68,5255889,44.97,45.51,44.65,45.3,3791300,2026-02-03T03:45:01Z
COST,2009-07-13,32.44,32.55,32.1,32.4,6496630,44.97,45.12,44.5,44.92,4686300,2026-02-03T03:45:01Z
COST,2009-07-14,32.48,32.58,32.01,32.32,5380947,45.03,45.17,44.37,44.81,3881500,2026-02-03T03:45:01Z
COST,2009-07-15,33.83,33.9,32.5,32.75,10045979,46.9,47,45.06,45.4,7246600,2026-02-03T03:45:01Z
COST,2009-07-16,34.26,34.33,33.56,33.71,5411985,47.49,47.59,46.52,46.73,3903900,2026-02-03T03:45:01Z
COST,2009-07-17,34.25,34.26,33.88,34.17,4565797,47.48,47.49,46.97,47.37,3293500,2026-02-03T03:45:01Z
COST,2009-07-20,34.96,34.99,33.92,34.26,6766683,48.47,48.5,47.03,47.5,4881100,2026-02-03T03:45:01Z
COST,2009-07-21,34.9,35.05,34.34,34.83,5422952,48.38,48.59,47.61,48.29,3911800,2026-02-03T03:45:01Z
COST,2009-07-22,35.22,35.41,34.62,34.75,5266852,48.82,49.09,48,48.18,3799200,2026-02-03T03:45:01Z
COST,2009-07-23,35.06,35.51,34.46,34.99,8642368,48.6,49.23,47.77,48.5,6234100,2026-02-03T03:45:01Z
COST,2009-07-24,35.44,35.52,34.7,34.71,6362573,49.13,49.24,48.11,48.12,4589600,2026-02-03T03:45:01Z
COST,2009-07-27,35.11,35.44,34.65,35.34,4027358,48.68,49.13,48.03,48.99,2905100,2026-02-03T03:45:01Z
COST,2009-07-28,35.23,35.29,34.7,34.94,4531546,48.84,48.92,48.1,48.44,3268800,2026-02-03T03:45:01Z
COST,2009-07-29,35.18,35.64,34.92,35.01,4962271,48.77,49.41,48.41,48.53,3579500,2026-02-03T03:45:01Z
COST,2009-07-30,35.53,35.87,35.26,35.53,4569260,49.25,49.73,48.88,49.26,3296000,2026-02-03T03:45:01Z
COST,2009-07-31,35.71,36.02,35.35,35.35,4691121,49.5,49.93,49,49.01,3383900,2026-02-03T03:45:01Z
COST,2009-08-03,36.07,36.1,35.71,35.89,4972398,50,50.04,49.51,49.75,3586800,2026-02-03T03:45:01Z
COST,2009-08-04,35.69,36.07,35.45,35.78,5276276,49.48,50,49.15,49.6,3806000,2026-02-03T03:45:01Z
COST,2009-08-05,35.39,35.89,35.12,35.87,4885746,49.06,49.75,48.69,49.73,3524300,2026-02-03T03:45:01Z
COST,2009-08-06,35.17,35.6,34.81,35.03,6585091,48.75,49.36,48.25,48.56,4750100,2026-02-03T03:45:01Z
COST,2009-08-07,36.14,36.24,35.28,35.67,5851876,50.1,50.24,48.91,49.45,4221200,2026-02-03T03:45:01Z
COST,2009-08-10,35.63,36.04,35.35,35.95,4387931,49.4,49.96,49,49.84,3165200,2026-02-03T03:45:01Z
COST,2009-08-11,35.29,35.63,35.2,35.37,3622409,48.92,49.39,48.8,49.03,2613000,2026-02-03T03:45:01Z
COST,2009-08-12,35.58,35.83,35.41,35.43,3979248,49.15,49.49,48.91,48.94,2881000,2026-02-03T03:45:01Z
COST,2009-08-13,35.39,35.62,34.9,35.59,5102860,48.88,49.2,48.21,49.16,3694500,2026-02-03T03:45:01Z
COST,2009-08-14,35.21,35.5,34.89,35.32,4583112,48.63,49.03,48.19,48.79,3318200,2026-02-03T03:45:01Z
COST,2009-08-17,34.37,35.03,34.31,34.83,6210163,47.47,48.39,47.39,48.1,4496200,2026-02-03T03:45:01Z
COST,2009-08-18,34.32,34.68,34.1,34.42,4710870,47.4,47.9,47.1,47.54,3410700,2026-02-03T03:45:01Z
COST,2009-08-19,34.71,34.8,34.14,34.18,4777715,47.94,48.07,47.16,47.21,3459100,2026-02-03T03:45:01Z
COST,2009-08-20,34.69,34.82,34.39,34.82,3226080,47.91,48.09,47.5,48.09,2335700,2026-02-03T03:45:01Z
COST,2009-08-21,35.16,35.35,34.67,34.92,5489876,48.56,48.82,47.89,48.23,3974700,2026-02-03T03:45:01Z
COST,2009-08-24,34.84,35.32,34.76,35.32,3921925,48.12,48.78,48.01,48.78,2839500,2026-02-03T03:45:01Z
COST,2009-08-25,35.93,36.26,35.09,35.32,8645502,49.62,50.08,48.46,48.78,6259400,2026-02-03T03:45:01Z
COST,2009-08-26,36.37,36.46,35.87,36.11,7699941,50.23,50.36,49.54,49.87,5574800,2026-02-03T03:45:01Z
COST,2009-08-27,37.15,37.4,36.11,36.14,8136662,51.31,51.65,49.87,49.91,5891000,2026-02-03T03:45:01Z
COST,2009-08-28,37.48,37.65,37.18,37.29,6897731,51.77,52,51.35,51.5,4994000,2026-02-03T03:45:01Z
COST,2009-08-31,36.91,37.43,36.82,37.18,5232970,50.98,51.7,50.86,51.35,3788700,2026-02-03T03:45:01Z
COST,2009-09-01,36.67,37.19,36.33,37.17,7604219,50.65,51.37,50.18,51.34,5505500,2026-02-03T03:45:01Z
COST,2009-09-02,36.67,36.79,36.16,36.49,5894979,50.65,50.82,49.95,50.4,4268000,2026-02-03T03:45:01Z
COST,2009-09-03,39.81,39.99,39.22,39.26,16894469,54.99,55.23,54.17,54.23,12231700,2026-02-03T03:45:01Z
COST,2009-09-04,40.16,40.2,39.49,39.59,6344286,55.47,55.53,54.54,54.68,4593300,2026-02-03T03:45:01Z
COST,2009-09-08,41.07,41.27,40.65,41.17,7633078,56.73,57,56.15,56.86,5526400,2026-02-03T03:45:01Z
COST,2009-09-09,41.31,41.33,40.75,40.9,5429511,57.06,57.08,56.29,56.49,3931000,2026-02-03T03:45:01Z
COST,2009-09-10,41.2,41.3,41.02,41.3,5368461,56.91,57.04,56.66,57.04,3886800,2026-02-03T03:45:01Z
COST,2009-09-11,41.13,41.26,40.92,41.17,4186980,56.81,56.99,56.52,56.86,3031400,2026-02-03T03:45:01Z
COST,2009-09-14,41.26,41.28,40.66,40.7,4261152,56.99,57.02,56.16,56.22,3085100,2026-02-03T03:45:01Z
COST,2009-09-15,41.14,41.27,40.85,41.11,4599273,56.82,57,56.42,56.78,3329900,2026-02-03T03:45:01Z
COST,2009-09-16,41.78,41.83,41.04,41.14,5419837,57.7,57.77,56.69,56.82,3924000,2026-02-03T03:45:01Z
COST,2009-09-17,41.96,42.16,41.5,41.89,5495947,57.96,58.23,57.32,57.86,3979100,2026-02-03T03:45:01Z
COST,2009-09-18,41.67,42.14,41.6,42.14,6300492,57.55,58.2,57.46,58.2,4561600,2026-02-03T03:45:01Z
COST,2009-09-21,42.41,42.52,41.54,41.71,6695658,58.58,58.73,57.38,57.61,4847700,2026-02-03T03:45:01Z
COST,2009-09-22,42.28,42.62,42.24,42.51,3914051,58.4,58.86,58.34,58.72,2833800,2026-02-03T03:45:01Z
COST,2009-09-23,41.98,42.57,41.89,41.89,4077725,57.98,58.8,57.86,57.86,2952300,2026-02-03T03:45:01Z
COST,2009-09-24,41.58,42.17,41.32,42.01,4681310,57.43,58.24,57.07,58.03,3389300,2026-02-03T03:45:01Z
COST,2009-09-25,40.75,41.79,40.54,41.69,8476440,56.28,57.72,56,57.58,6137000,2026-02-03T03:45:01Z
COST,2009-09-28,40.95,41.02,40.77,40.91,6610577,56.56,56.66,56.31,56.5,4786100,2026-02-03T03:45:01Z
COST,2009-09-29,40.9,41.22,40.73,40.95,6822456,56.49,56.93,56.25,56.56,4939500,2026-02-03T03:45:01Z
COST,2009-09-30,40.82,41.59,40.53,41.36,16900118,56.38,57.44,55.98,57.12,12235800,2026-02-03T03:45:01Z
COST,2009-10-01,40.32,41.04,40.11,40.65,7053945,55.69,56.69,55.4,56.15,5107100,2026-02-03T03:45:01Z
COST,2009-10-02,40.88,41.04,40.35,40.35,7956705,56.47,56.68,55.73,55.73,5760700,2026-02-03T03:45:01Z
COST,2009-10-05,41.18,41.45,40.76,40.97,6187926,56.88,57.25,56.3,56.59,4480100,2026-02-03T03:45:01Z
COST,2009-10-06,41.94,42.26,41.28,41.28,8106418,57.93,58.37,57.02,57.02,5869100,2026-02-03T03:45:01Z
COST,2009-10-07,42.72,43.66,42.62,43.27,15355105,59,60.3,58.86,59.76,11117200,2026-02-03T03:45:01Z
COST,2009-10-08,42.45,42.99,42.28,42.92,6951180,58.63,59.38,58.39,59.28,5032700,2026-02-03T03:45:01Z
COST,2009-10-09,42.46,42.49,41.79,42.14,7944411,58.64,58.69,57.72,58.2,5751800,2026-02-03T03:45:01Z
COST,2009-10-12,42.01,42.59,41.82,42.27,4027035,58.03,58.83,57.76,58.38,2915600,2026-02-03T03:45:01Z
COST,2009-10-13,42.34,42.62,41.81,41.92,6538338,58.48,58.87,57.75,57.9,4733800,2026-02-03T03:45:01Z
COST,2009-10-14,42.55,42.72,42.31,42.72,4780754,58.77,59,58.44,59,3461300,2026-02-03T03:45:01Z
COST,2009-10-15,42.69,42.75,42.28,42.28,3978276,58.97,59.04,58.39,58.39,2880300,2026-02-03T03:45:01Z
COST,2009-10-16,42.34,42.64,42.08,42.61,4462114,58.48,58.9,58.12,58.85,3230600,2026-02-03T03:45:01Z
COST,2009-10-19,42.88,42.97,42.25,42.59,4837526,59.23,59.35,58.36,58.82,3502400,2026-02-03T03:45:01Z
COST,2009-10-20,42.78,42.91,42.3,42.91,4674272,59.09,59.27,58.42,59.26,3384200,2026-02-03T03:45:01Z
COST,2009-10-21,41.91,43.03,41.91,42.67,5718935,57.71,59.25,57.71,58.76,4153200,2026-02-03T03:45:01Z
COST,2009-10-22,42.32,42.48,41.81,41.95,4023027,58.27,58.49,57.57,57.76,2921600,2026-02-03T03:45:01Z
COST,2009-10-23,41.98,42.43,41.8,42.18,2966599,57.81,58.43,57.56,58.08,2154400,2026-02-03T03:45:01Z
COST,2009-10-26,41.87,42.38,41.77,41.9,3809459,57.65,58.36,57.52,57.69,2766500,2026-02-03T03:45:01Z
COST,2009-10-27,41.5,41.99,41.23,41.84,3961203,57.15,57.82,56.77,57.61,2876700,2026-02-03T03:45:01Z
COST,2009-10-28,41.19,41.76,41.19,41.43,4168168,56.72,57.5,56.72,57.05,3027000,2026-02-03T03:45:01Z
COST,2009-10-29,42.06,42.08,41.22,41.62,5414345,57.92,57.94,56.76,57.31,3932000,2026-02-03T03:45:01Z
COST,2009-10-30,41.29,42.08,41.26,41.93,5373867,56.85,57.95,56.81,57.73,3902600,2026-02-03T03:45:01Z
COST,2009-11-02,41.94,42.03,41.22,41.29,5348117,57.75,57.88,56.76,56.85,3883900,2026-02-03T03:45:01Z
COST,2009-11-03,41.87,42.39,41.62,41.79,5677629,57.65,58.37,57.31,57.55,4123200,2026-02-03T03:45:01Z
COST,2009-11-04,42.71,43.04,41.89,41.89,6550096,58.81,59.27,57.68,57.68,4756800,2026-02-03T03:45:01Z
COST,2009-11-05,43.14,43.2,42.11,42.2,6428650,59.41,59.49,57.98,58.11,4668600,2026-02-03T03:45:01Z
COST,2009-11-06,43.14,43.33,42.7,42.96,3785641,59.41,59.66,58.8,59.15,2749200,2026-02-03T03:45:01Z
COST,2009-11-09,43.89,43.91,42.82,42.82,5092274,60.44,60.46,58.96,58.96,3698100,2026-02-03T03:45:01Z
COST,2009-11-10,43.6,43.86,43.22,43.52,4239216,60.04,60.4,59.52,59.92,3078600,2026-02-03T03:45:01Z
COST,2009-11-11,43.86,44.07,43.41,43.91,4346349,60.4,60.69,59.78,60.46,3156400,2026-02-03T03:45:01Z
COST,2009-11-12,43.66,44.05,43.57,43.69,5081660,60.12,60.65,60,60.16,3690400,2026-02-03T03:45:01Z
COST,2009-11-13,43.91,44.03,43.54,43.83,3397740,60.47,60.63,59.96,60.35,2467500,2026-02-03T03:45:01Z
COST,2009-11-16,44.39,44.48,43.94,44.15,4497679,61.12,61.25,60.5,60.79,3266300,2026-02-03T03:45:01Z
COST,2009-11-17,44.02,44.47,43.73,44.34,4554273,60.62,61.23,60.22,61.06,3307400,2026-02-03T03:45:01Z
COST,2009-11-18,44.13,44.18,43.33,43.85,4291820,60.77,60.83,59.67,60.38,3116800,2026-02-03T03:45:01Z
COST,2009-11-19,43.92,44,43.41,43.83,3085434,60.48,60.59,59.78,60.36,2240700,2026-02-03T03:45:01Z
COST,2009-11-20,43.62,44.18,43.43,43.76,3712793,60.06,60.84,59.8,60.26,2696300,2026-02-03T03:45:01Z
COST,2009-11-23,43.99,44.2,43.52,43.65,3787423,60.57,60.86,59.93,60.1,2750500,2026-02-03T03:45:01Z
COST,2009-11-24,43.94,44.18,43.81,44.16,3549756,60.51,60.83,60.33,60.81,2577900,2026-02-03T03:45:01Z
COST,2009-11-25,44.22,44.29,43.86,43.86,3400770,60.89,60.99,60.4,60.4,2469700,2026-02-03T03:45:01Z
COST,2009-11-27,43.59,43.94,42.99,43.21,2042360,60.03,60.51,59.2,59.5,1483200,2026-02-03T03:45:01Z
COST,2009-11-30,43.51,43.78,43.15,43.68,4680552,59.91,60.29,59.41,60.15,3399100,2026-02-03T03:45:01Z
COST,2009-12-01,44.1,44.15,43.65,43.67,6084250,60.73,60.79,60.1,60.13,4418500,2026-02-03T03:45:01Z
COST,2009-12-02,44.2,44.41,43.78,44.05,5943530,60.87,61.15,60.29,60.65,4316300,2026-02-03T03:45:01Z
COST,2009-12-03,42.86,43.26,42.77,43.14,11466387,59.02,59.57,58.9,59.4,8327100,2026-02-03T03:45:01Z
COST,2009-12-04,42.98,43.57,42.61,43.14,6798500,59.19,59.99,58.67,59.4,4937200,2026-02-03T03:45:01Z
COST,2009-12-07,43.1,43.38,42.88,42.94,3335494,59.35,59.74,59.05,59.13,2422300,2026-02-03T03:45:01Z
