ticker,tradeDate,clsPx,hiPx,loPx,open,stockVolume,unadjClsPx,unadjHiPx,unadjLoPx,unadjOpen,unadjStockVolume,updatedAt
CRM,2006-01-03,8.46,8.51,7.8,7.93,6752291,34.24,34.44,31.6,32.1,1667800,2025-12-20T03:44:56Z
CRM,2006-01-04,8.88,8.91,8.41,8.41,8981366,35.97,36.09,34.04,34.05,2218400,2025-12-20T03:44:56Z
CRM,2006-01-05,8.91,8.97,8.72,8.88,4228349,36.06,36.3,35.31,35.97,1044400,2025-12-20T03:44:56Z
CRM,2006-01-06,9.84,9.92,9.29,9.29,18918313,39.85,40.15,37.6,37.6,4672800,2025-12-20T03:44:56Z
CRM,2006-01-09,9.52,9.75,9.51,9.73,12337259,38.53,39.46,38.5,39.4,3047300,2025-12-20T03:44:56Z
CRM,2006-01-10,9.45,9.46,9.03,9.36,12427596,38.25,38.3,36.57,37.9,3069600,2025-12-20T03:44:56Z
CRM,2006-01-11,9.45,9.53,9.3,9.51,7959185,38.27,38.6,37.65,38.5,1965900,2025-12-20T03:44:56Z
CRM,2006-01-12,9.45,9.56,9.36,9.47,4972901,38.25,38.7,37.91,38.35,1228300,2025-12-20T03:44:56Z
CRM,2006-01-13,9.42,9.54,9.38,9.39,2836845,38.13,38.62,37.97,38.03,700700,2025-12-20T03:44:56Z
CRM,2006-01-17,9.63,9.68,9.37,9.4,4269244,38.99,39.17,37.95,38.04,1054500,2025-12-20T03:44:56Z
CRM,2006-01-18,10.27,10.36,9.21,9.21,11075336,41.59,41.96,37.3,37.3,2735600,2025-12-20T03:44:56Z
CRM,2006-01-19,10.2,10.32,10.14,10.14,4785019,41.3,41.8,41.05,41.05,1181900,2025-12-20T03:44:56Z
CRM,2006-01-20,9.86,10.37,9.86,10.2,6244945,39.93,41.99,39.93,41.29,1542500,2025-12-20T03:44:56Z
CRM,2006-01-23,9.86,9.91,9.79,9.89,3620242,39.9,40.11,39.63,40.04,894200,2025-12-20T03:44:56Z
CRM,2006-01-24,9.87,9.98,9.76,9.83,4220686,39.97,40.39,39.51,39.8,1042500,2025-12-20T03:44:56Z
CRM,2006-01-25,9.76,10.06,9.73,9.98,5931198,39.52,40.72,39.4,40.4,1465000,2025-12-20T03:44:56Z
CRM,2006-01-26,9.92,10,9.78,9.81,5619872,40.18,40.5,39.6,39.7,1388100,2025-12-20T03:44:56Z
CRM,2006-01-27,10.28,10.32,9.91,9.92,4688664,41.6,41.8,40.12,40.18,1158100,2025-12-20T03:44:56Z
CRM,2006-01-30,10.53,10.62,10.27,10.28,6291122,42.65,42.99,41.58,41.6,1553900,2025-12-20T03:44:56Z
CRM,2006-01-31,10.14,10.51,9.97,10.51,10030008,41.05,42.56,40.38,42.55,2477400,2025-12-20T03:44:56Z
CRM,2006-02-01,9.9,10.1,9.78,9.93,7619836,40.1,40.87,39.6,40.2,1882100,2025-12-20T03:44:56Z
CRM,2006-02-02,9.75,10.08,9.66,9.9,8115028,39.48,40.82,39.11,40.1,2004400,2025-12-20T03:44:56Z
CRM,2006-02-03,9.44,9.78,9.41,9.77,8333612,38.23,39.58,38.1,39.57,2058400,2025-12-20T03:44:56Z
CRM,2006-02-06,9.68,9.76,9.58,9.7,5298413,39.18,39.52,38.8,39.25,1308700,2025-12-20T03:44:56Z
CRM,2006-02-07,9.42,9.72,9.27,9.71,7649837,38.15,39.35,37.52,39.3,1889500,2025-12-20T03:44:56Z
CRM,2006-02-08,9.49,9.56,9.12,9.47,4137669,38.42,38.69,36.92,38.35,1022000,2025-12-20T03:44:56Z
CRM,2006-02-09,9.72,9.84,9.62,9.63,4425141,39.37,39.85,38.96,38.99,1093000,2025-12-20T03:44:56Z
CRM,2006-02-10,8.67,9.72,8.21,9.72,40693118,35.1,39.36,33.25,39.36,10051200,2025-12-20T03:44:56Z
CRM,2006-02-13,8.46,8.85,8.43,8.73,8231597,34.26,35.83,34.13,35.35,2033200,2025-12-20T03:44:56Z
CRM,2006-02-14,8.56,8.74,8.47,8.71,8708148,34.65,35.38,34.3,35.25,2150900,2025-12-20T03:44:56Z
CRM,2006-02-15,8.42,8.45,8.31,8.4,10746153,34.1,34.2,33.65,34,2654300,2025-12-20T03:44:56Z
CRM,2006-02-16,8.6,8.77,8.3,8.4,5301239,34.82,35.5,33.61,34,1309400,2025-12-20T03:44:56Z
CRM,2006-02-17,8.48,8.71,8.45,8.61,4138904,34.34,35.28,34.22,34.85,1022300,2025-12-20T03:44:56Z
CRM,2006-02-21,8.3,8.51,8.2,8.47,4974535,33.61,34.47,33.18,34.3,1228700,2025-12-20T03:44:56Z
CRM,2006-02-22,8.5,8.5,8.13,8.27,11693117,34.4,34.41,32.9,33.5,2888200,2025-12-20T03:44:56Z
CRM,2006-02-23,8.4,8.6,8.07,8.08,20289641,34.01,34.82,32.68,32.7,5011500,2025-12-20T03:44:56Z
CRM,2006-02-24,8.35,8.46,8.27,8.4,7946182,33.79,34.27,33.48,34,1962700,2025-12-20T03:44:56Z
CRM,2006-02-27,8.42,8.43,8.27,8.3,4308901,34.07,34.12,33.5,33.6,1064300,2025-12-20T03:44:56Z
CRM,2006-02-28,8.61,8.64,8.4,8.41,7475752,34.85,35,34.02,34.07,1846500,2025-12-20T03:44:56Z
CRM,2006-03-01,9.09,9.25,8.64,8.64,8591969,36.81,37.46,34.99,35,2122200,2025-12-20T03:44:56Z
CRM,2006-03-02,9.07,9.2,8.94,9.06,4997187,36.72,37.25,36.21,36.7,1234300,2025-12-20T03:44:56Z
CRM,2006-03-03,9.4,9.54,8.89,9.07,7741362,38.04,38.64,36,36.72,1912100,2025-12-20T03:44:56Z
CRM,2006-03-06,8.98,9.44,8.95,9.44,3954246,36.37,38.2,36.25,38.2,976700,2025-12-20T03:44:56Z
CRM,2006-03-07,9.21,9.32,9.01,9.02,5905706,37.28,37.75,36.47,36.5,1458700,2025-12-20T03:44:56Z
CRM,2006-03-08,9.34,9.36,9,9.14,4513379,37.82,37.9,36.43,37,1114800,2025-12-20T03:44:56Z
CRM,2006-03-09,9.26,9.38,9.23,9.34,4464810,37.51,37.97,37.38,37.82,1102800,2025-12-20T03:44:56Z
CRM,2006-03-10,9.34,9.38,9.26,9.27,4651017,37.83,37.96,37.5,37.52,1148800,2025-12-20T03:44:56Z
CRM,2006-03-13,9.61,9.73,9.39,9.39,7004475,38.89,39.39,38,38,1730100,2025-12-20T03:44:56Z
CRM,2006-03-14,9.83,9.83,9.54,9.61,6321496,39.78,39.8,38.62,38.9,1561400,2025-12-20T03:44:56Z
CRM,2006-03-15,9.62,9.83,9.49,9.83,5870457,38.96,39.78,38.43,39.78,1450000,2025-12-20T03:44:56Z
CRM,2006-03-16,9.62,9.65,9.45,9.63,5795189,38.94,39.08,38.24,39,1431400,2025-12-20T03:44:56Z
CRM,2006-03-17,9.67,9.7,9.49,9.65,3514593,39.15,39.25,38.43,39.08,868100,2025-12-20T03:44:56Z
CRM,2006-03-20,9.56,9.64,9.49,9.64,3848594,38.69,39.05,38.41,39.05,950600,2025-12-20T03:44:56Z
CRM,2006-03-21,9.28,9.66,9.28,9.56,2826739,37.58,39.13,37.55,38.69,698200,2025-12-20T03:44:56Z
CRM,2006-03-22,9.14,9.2,9,9.2,5213788,37.02,37.24,36.45,37.24,1287800,2025-12-20T03:44:56Z
CRM,2006-03-23,9.26,9.33,9.03,9.14,2909716,37.5,37.79,36.55,37.02,718700,2025-12-20T03:44:56Z
CRM,2006-03-24,9.29,9.37,9.2,9.27,2466010,37.61,37.94,37.25,37.54,609100,2025-12-20T03:44:56Z
CRM,2006-03-27,9.46,9.59,9.37,9.4,3419849,38.29,38.83,37.95,38.05,844700,2025-12-20T03:44:56Z
CRM,2006-03-28,9.11,9.47,9.07,9.46,2981376,36.9,38.36,36.73,38.3,736400,2025-12-20T03:44:56Z
CRM,2006-03-29,9.06,9.17,8.99,9.11,2990707,36.68,37.11,36.4,36.9,738700,2025-12-20T03:44:56Z
CRM,2006-03-30,9.09,9.21,9.04,9.1,3358719,36.82,37.3,36.62,36.83,829600,2025-12-20T03:44:56Z
CRM,2006-03-31,8.97,9.13,8.85,9.13,2763565,36.33,36.97,35.81,36.95,682600,2025-12-20T03:44:56Z
CRM,2006-04-03,9.15,9.35,8.98,9.04,2457090,37.06,37.87,36.34,36.58,606900,2025-12-20T03:44:56Z
CRM,2006-04-04,8.87,9.15,8.65,9.11,7639271,35.9,37.04,35.04,36.9,1886900,2025-12-20T03:44:56Z
CRM,2006-04-05,9.19,9.24,8.93,8.95,5287061,37.19,37.41,36.14,36.25,1305900,2025-12-20T03:44:56Z
CRM,2006-04-06,8.94,9.15,8.84,9.15,6990283,36.2,37.06,35.79,37.05,1726600,2025-12-20T03:44:56Z
CRM,2006-04-07,8.52,8.93,8.49,8.92,7113360,34.5,36.17,34.36,36.1,1757000,2025-12-20T03:44:56Z
CRM,2006-04-10,8.6,8.68,8.49,8.5,4066833,34.81,35.15,34.38,34.4,1004500,2025-12-20T03:44:56Z
CRM,2006-04-11,8.22,8.56,8.17,8.55,6683011,33.26,34.65,33.09,34.61,1650700,2025-12-20T03:44:56Z
CRM,2006-04-12,8.21,8.35,8,8.18,10952698,33.25,33.8,32.38,33.12,2705300,2025-12-20T03:44:56Z
CRM,2006-04-13,8.33,8.49,8.16,8.16,6181023,33.71,34.37,33.03,33.05,1526700,2025-12-20T03:44:56Z
CRM,2006-04-17,8.1,8.37,8.07,8.3,6112550,32.8,33.87,32.67,33.61,1509800,2025-12-20T03:44:56Z
CRM,2006-04-18,8.28,8.31,8.07,8.2,6099601,33.53,33.65,32.66,33.2,1506600,2025-12-20T03:44:56Z
CRM,2006-04-19,8.47,8.5,8.3,8.34,5225543,34.28,34.4,33.61,33.78,1290700,2025-12-20T03:44:56Z
CRM,2006-04-20,8.25,8.47,8.1,8.47,7764373,33.4,34.28,32.8,34.28,1917800,2025-12-20T03:44:56Z
CRM,2006-04-21,8.18,8.28,8.11,8.27,3900438,33.11,33.51,32.84,33.5,963400,2025-12-20T03:44:56Z
CRM,2006-04-24,8.03,8.18,8.02,8.15,5752660,32.52,33.1,32.45,33,1420900,2025-12-20T03:44:56Z
CRM,2006-04-25,8.68,8.71,8.25,8.3,16366492,35.15,35.25,33.41,33.62,4042500,2025-12-20T03:44:56Z
CRM,2006-04-26,8.69,8.76,8.56,8.68,4733597,35.17,35.46,34.64,35.15,1169200,2025-12-20T03:44:56Z
CRM,2006-04-27,8.72,8.82,8.62,8.69,5608097,35.3,35.7,34.9,35.18,1385200,2025-12-20T03:44:56Z
CRM,2006-04-28,8.66,8.88,8.55,8.67,3268035,35.05,35.96,34.6,35.1,807200,2025-12-20T03:44:56Z
CRM,2006-05-01,8.65,8.68,8.57,8.66,6242943,35.02,35.13,34.71,35.07,1542000,2025-12-20T03:44:56Z
CRM,2006-05-02,8.64,8.78,8.63,8.7,5886234,35,35.53,34.94,35.23,1453900,2025-12-20T03:44:56Z
CRM,2006-05-03,8.47,8.64,8.45,8.64,12284209,34.3,35,34.21,35,3034200,2025-12-20T03:44:56Z
CRM,2006-05-04,8.63,8.76,8.53,8.53,4730408,34.94,35.45,34.55,34.55,1168400,2025-12-20T03:44:56Z
CRM,2006-05-05,8.43,8.73,8.38,8.73,6959952,34.12,35.36,33.91,35.36,1719100,2025-12-20T03:44:56Z
CRM,2006-05-08,8.47,8.59,8.4,8.49,3510150,34.31,34.78,34.03,34.37,867000,2025-12-20T03:44:56Z
CRM,2006-05-09,8.37,8.45,8.24,8.45,8450636,33.89,34.2,33.38,34.2,2087300,2025-12-20T03:44:56Z
CRM,2006-05-10,8.07,8.37,7.94,8.37,14025154,32.69,33.89,32.14,33.89,3464200,2025-12-20T03:44:56Z
CRM,2006-05-11,7.99,8.12,7.88,8.05,5520250,32.33,32.86,31.92,32.6,1363500,2025-12-20T03:44:56Z
CRM,2006-05-12,7.71,7.9,7.67,7.89,9714979,31.2,31.97,31.05,31.95,2399600,2025-12-20T03:44:56Z
CRM,2006-05-15,7.7,7.84,7.58,7.71,10016272,31.18,31.75,30.7,31.21,2474000,2025-12-20T03:44:56Z
CRM,2006-05-16,7.53,7.78,7.51,7.64,7775302,30.5,31.5,30.4,30.93,1920500,2025-12-20T03:44:56Z
CRM,2006-05-17,7.45,7.65,7.34,7.49,12455449,30.17,30.99,29.7,30.31,3076500,2025-12-20T03:44:56Z
CRM,2006-05-18,7.08,7.66,7.06,7.57,17413814,28.66,31.02,28.59,30.66,4301200,2025-12-20T03:44:56Z
CRM,2006-05-19,7.05,7.19,6.86,7.09,13740987,28.55,29.1,27.76,28.72,3394000,2025-12-20T03:44:56Z
CRM,2006-05-22,7.26,7.29,6.96,7,7322296,29.39,29.52,28.16,28.35,1808600,2025-12-20T03:44:56Z
CRM,2006-05-23,7.25,7.56,7.22,7.41,6572110,29.35,30.62,29.24,30,1623300,2025-12-20T03:44:56Z
CRM,2006-05-24,7.03,7.26,6.96,7.25,8392295,28.47,29.38,28.2,29.35,2072900,2025-12-20T03:44:56Z
CRM,2006-05-25,7.51,7.51,7.15,7.21,8261571,30.39,30.4,28.95,29.17,2040600,2025-12-20T03:44:56Z
CRM,2006-05-26,7.51,7.63,7.49,7.61,5483400,30.4,30.89,30.32,30.8,1354400,2025-12-20T03:44:56Z
CRM,2006-05-30,7.36,7.48,7.26,7.41,7391152,29.78,30.29,29.41,30.01,1825600,2025-12-20T03:44:56Z
CRM,2006-05-31,7.29,7.37,7.2,7.36,5170899,29.51,29.83,29.15,29.81,1277200,2025-12-20T03:44:56Z
CRM,2006-06-01,7.67,7.71,7.14,7.17,8343374,31.05,31.23,28.91,29.05,2060800,2025-12-20T03:44:56Z
CRM,2006-06-02,7.38,7.65,7.36,7.65,6882581,29.87,30.99,29.8,30.98,1700000,2025-12-20T03:44:56Z
CRM,2006-06-05,7.35,7.56,7.31,7.53,6340124,29.75,30.59,29.61,30.5,1566000,2025-12-20T03:44:56Z
CRM,2006-06-06,6.82,7.35,6.74,7.35,17009006,27.62,29.75,27.27,29.75,4201200,2025-12-20T03:44:56Z
CRM,2006-06-07,6.67,6.96,6.66,6.92,14703798,27.01,28.2,26.96,28,3631800,2025-12-20T03:44:56Z
CRM,2006-06-08,6.38,6.62,6.2,6.61,16460858,25.85,26.8,25.1,26.75,4065800,2025-12-20T03:44:56Z
CRM,2006-06-09,6.43,6.66,6.39,6.61,14021883,26.03,26.95,25.87,26.75,3463400,2025-12-20T03:44:56Z
CRM,2006-06-12,6.15,6.42,6.14,6.42,7535222,24.9,26.01,24.85,26.01,1861200,2025-12-20T03:44:56Z
CRM,2006-06-13,6.22,6.3,5.96,6.05,8976604,25.18,25.5,24.13,24.5,2217200,2025-12-20T03:44:56Z
CRM,2006-06-14,6.27,6.37,6.18,6.24,7351001,25.37,25.77,25.02,25.28,1815700,2025-12-20T03:44:56Z
CRM,2006-06-15,6.75,6.82,6.35,6.35,10432044,27.32,27.62,25.7,25.7,2576700,2025-12-20T03:44:56Z
CRM,2006-06-16,6.85,6.95,6.65,6.71,9521568,27.74,28.15,26.91,27.16,2351800,2025-12-20T03:44:56Z
CRM,2006-06-19,6.67,6.86,6.63,6.86,7851499,27.01,27.79,26.86,27.78,1939300,2025-12-20T03:44:56Z
CRM,2006-06-20,6.61,6.67,6.48,6.67,7339292,26.76,27.01,26.25,27.01,1812800,2025-12-20T03:44:56Z
CRM,2006-06-21,6.85,6.9,6.57,6.59,6522719,27.75,27.95,26.6,26.67,1611100,2025-12-20T03:44:56Z
CRM,2006-06-22,6.82,6.88,6.69,6.85,4061544,27.63,27.86,27.09,27.75,1003200,2025-12-20T03:44:56Z
CRM,2006-06-23,6.87,7,6.75,6.76,3443724,27.8,28.35,27.32,27.38,850600,2025-12-20T03:44:56Z
CRM,2006-06-26,6.83,6.9,6.7,6.87,3889905,27.65,27.92,27.12,27.81,960800,2025-12-20T03:44:56Z
CRM,2006-06-27,6.72,6.82,6.62,6.79,4190283,27.2,27.62,26.82,27.5,1035000,2025-12-20T03:44:56Z
CRM,2006-06-28,6.68,6.76,6.58,6.74,3851039,27.05,27.36,26.65,27.3,951200,2025-12-20T03:44:56Z
CRM,2006-06-29,6.72,6.78,6.61,6.7,9239367,27.21,27.44,26.75,27.13,2282100,2025-12-20T03:44:56Z
CRM,2006-06-30,6.58,6.8,6.57,6.72,11043757,26.66,27.53,26.6,27.22,2727800,2025-12-20T03:44:56Z
CRM,2006-07-03,6.56,6.67,6.51,6.63,4097583,26.56,26.99,26.36,26.84,1012100,2025-12-20T03:44:56Z
CRM,2006-07-05,6.45,6.5,6.43,6.45,5504056,26.13,26.3,26.02,26.13,1359500,2025-12-20T03:44:56Z
CRM,2006-07-06,6.31,6.48,6.27,6.45,9407258,25.54,26.23,25.38,26.1,2323600,2025-12-20T03:44:56Z
CRM,2006-07-07,6.15,6.3,6.06,6.29,8148675,24.91,25.49,24.53,25.48,2012700,2025-12-20T03:44:56Z
CRM,2006-07-10,5.78,6.16,5.71,6.16,15848177,23.4,24.94,23.12,24.94,3914500,2025-12-20T03:44:56Z
CRM,2006-07-11,5.98,6.03,5.73,5.75,10605263,24.2,24.43,23.21,23.27,2619500,2025-12-20T03:44:56Z
CRM,2006-07-12,5.69,6,5.69,5.96,9123157,23.05,24.29,23.03,24.15,2253400,2025-12-20T03:44:56Z
CRM,2006-07-13,5.49,5.69,5.43,5.68,9993595,22.22,23.02,22,23.01,2468400,2025-12-20T03:44:56Z
CRM,2006-07-14,5.44,5.49,5.34,5.47,5865225,22.02,22.23,21.64,22.15,1448700,2025-12-20T03:44:56Z
CRM,2006-07-17,5.4,5.54,5.35,5.4,5623129,21.85,22.43,21.67,21.88,1388900,2025-12-20T03:44:56Z
CRM,2006-07-18,5.46,5.5,5.35,5.4,6553930,22.11,22.25,21.67,21.86,1618800,2025-12-20T03:44:56Z
CRM,2006-07-19,5.67,5.68,5.37,5.43,12279055,22.95,23.01,21.74,21.99,3032900,2025-12-20T03:44:56Z
CRM,2006-07-20,5.6,5.77,5.57,5.75,6670111,22.68,23.37,22.53,23.28,1647500,2025-12-20T03:44:56Z
CRM,2006-07-21,5.41,5.58,5.37,5.58,3884615,21.9,22.6,21.75,22.6,959500,2025-12-20T03:44:56Z
CRM,2006-07-24,5.73,5.75,5.38,5.42,15111494,23.18,23.26,21.78,21.94,3732500,2025-12-20T03:44:56Z
CRM,2006-07-25,6.06,6.1,5.6,5.72,10569653,24.53,24.68,22.66,23.18,2610700,2025-12-20T03:44:56Z
CRM,2006-07-26,6.05,6.07,5.94,6.03,7679021,24.48,24.57,24.05,24.4,1896700,2025-12-20T03:44:56Z
CRM,2006-07-27,6.14,6.2,6.04,6.08,8930798,24.86,25.11,24.47,24.6,2205900,2025-12-20T03:44:56Z
CRM,2006-07-28,6.25,6.27,6.09,6.14,5430020,25.31,25.4,24.67,24.86,1341200,2025-12-20T03:44:56Z
CRM,2006-07-31,6.35,6.52,6.25,6.25,9489878,25.7,26.4,25.3,25.3,2344000,2025-12-20T03:44:56Z
CRM,2006-08-01,6.13,6.32,5.86,6.32,7996356,24.8,25.59,23.72,25.59,1975100,2025-12-20T03:44:56Z
CRM,2006-08-02,6.26,6.36,6.14,6.14,4400816,25.33,25.75,24.84,24.84,1087000,2025-12-20T03:44:56Z
CRM,2006-08-03,6.55,6.67,6.24,6.28,7195546,26.5,27,25.25,25.43,1777300,2025-12-20T03:44:56Z
CRM,2006-08-04,6.46,6.72,6.33,6.58,5894377,26.15,27.2,25.65,26.65,1455900,2025-12-20T03:44:56Z
CRM,2006-08-07,6.34,6.43,6.29,6.43,4572484,25.66,26.04,25.46,26.04,1129400,2025-12-20T03:44:56Z
CRM,2006-08-08,6.09,6.33,6.04,6.33,7554275,24.66,25.62,24.45,25.62,1865900,2025-12-20T03:44:56Z
CRM,2006-08-09,6.15,6.29,6.1,6.15,3955060,24.9,25.47,24.69,24.91,976900,2025-12-20T03:44:56Z
CRM,2006-08-10,6.55,6.67,6.09,6.15,10728762,26.53,27.01,24.67,24.9,2650000,2025-12-20T03:44:56Z
CRM,2006-08-11,6.42,6.55,6.38,6.55,8531174,26,26.54,25.82,26.53,2107200,2025-12-20T03:44:56Z
CRM,2006-08-14,6.59,6.66,6.52,6.58,13951821,26.7,26.95,26.38,26.65,3446100,2025-12-20T03:44:56Z
CRM,2006-08-15,7.07,7.07,6.65,6.7,9118636,28.63,28.63,26.92,27.14,2252300,2025-12-20T03:44:56Z
CRM,2006-08-16,7,7.09,6.84,7.07,18789581,28.32,28.7,27.7,28.63,4641000,2025-12-20T03:44:56Z
CRM,2006-08-17,8.32,8.46,7.79,7.94,55502835,33.7,34.23,31.52,32.15,13709200,2025-12-20T03:44:56Z
CRM,2006-08-18,8.11,8.54,8.05,8.31,19950729,32.85,34.59,32.61,33.65,4927800,2025-12-20T03:44:56Z
CRM,2006-08-21,8.13,8.2,7.95,8.01,8362824,32.91,33.19,32.18,32.44,2065600,2025-12-20T03:44:56Z
CRM,2006-08-22,8.21,8.37,8.13,8.15,9764027,33.25,33.87,32.93,33,2411700,2025-12-20T03:44:56Z
CRM,2006-08-23,8.33,8.63,8.26,8.34,10950713,33.74,34.95,33.45,33.75,2704800,2025-12-20T03:44:56Z
CRM,2006-08-24,8.33,8.4,8.13,8.33,4767657,33.74,33.99,32.92,33.72,1177600,2025-12-20T03:44:56Z
CRM,2006-08-25,8.29,8.37,8.17,8.27,4623492,33.56,33.89,33.08,33.5,1142000,2025-12-20T03:44:56Z
CRM,2006-08-28,8.38,8.42,8.2,8.2,3722689,33.92,34.1,33.2,33.2,919500,2025-12-20T03:44:56Z
CRM,2006-08-29,8.55,8.56,8.32,8.38,5494743,34.63,34.64,33.68,33.93,1357200,2025-12-20T03:44:56Z
CRM,2006-08-30,8.58,8.63,8.41,8.56,3945381,34.74,34.96,34.07,34.64,974500,2025-12-20T03:44:56Z
CRM,2006-08-31,8.52,8.67,8.48,8.56,4589100,34.48,35.1,34.35,34.64,1133500,2025-12-20T03:44:56Z
CRM,2006-09-01,8.5,8.64,8.46,8.58,3253441,34.4,34.98,34.26,34.73,803600,2025-12-20T03:44:56Z
CRM,2006-09-05,8.59,8.63,8.34,8.39,4703660,34.79,34.93,33.78,33.96,1161800,2025-12-20T03:44:56Z
CRM,2006-09-06,8.22,8.56,8.01,8.4,7657507,33.26,34.65,32.41,34.03,1891400,2025-12-20T03:44:56Z
CRM,2006-09-07,8.24,8.32,8.05,8.15,5505660,33.37,33.69,32.61,33.01,1359900,2025-12-20T03:44:56Z
CRM,2006-09-08,8.23,8.32,8.17,8.25,2318626,33.33,33.7,33.06,33.4,572700,2025-12-20T03:44:56Z
CRM,2006-09-11,8.23,8.22,8.07,8.18,3525506,33.3,33.3,32.69,33.1,870800,2025-12-20T03:44:56Z
CRM,2006-09-12,8.67,8.77,8.26,8.27,10367254,35.12,35.52,33.42,33.47,2560700,2025-12-20T03:44:56Z
CRM,2006-09-13,8.7,8.83,8.59,8.69,5416219,35.22,35.74,34.78,35.2,1337800,2025-12-20T03:44:56Z
CRM,2006-09-14,8.63,8.72,8.58,8.65,4724740,34.94,35.3,34.72,35.02,1167000,2025-12-20T03:44:56Z
CRM,2006-09-15,8.64,8.76,8.57,8.63,3382590,35,35.48,34.71,34.94,835500,2025-12-20T03:44:56Z
CRM,2006-09-18,8.52,8.79,8.48,8.69,5385425,34.5,35.6,34.32,35.2,1330200,2025-12-20T03:44:56Z
CRM,2006-09-19,8.41,8.58,8.2,8.51,7270057,34.06,34.75,33.2,34.44,1795700,2025-12-20T03:44:56Z
CRM,2006-09-20,8.78,8.8,8.52,8.55,5522678,35.53,35.63,34.5,34.6,1364100,2025-12-20T03:44:56Z
CRM,2006-09-21,9.09,9.1,8.63,8.77,9255091,36.79,36.86,34.96,35.5,2286000,2025-12-20T03:44:56Z
CRM,2006-09-22,8.93,9.1,8.85,9.09,7444930,36.17,36.83,35.82,36.79,1838900,2025-12-20T03:44:56Z
CRM,2006-09-25,9.26,9.33,8.76,8.77,7082186,37.5,37.78,35.46,35.5,1749300,2025-12-20T03:44:56Z
CRM,2006-09-26,9.48,9.56,9.31,9.32,9336466,38.39,38.7,37.68,37.75,2306100,2025-12-20T03:44:56Z
CRM,2006-09-27,9.26,9.51,9.15,9.44,8244595,37.51,38.51,37.03,38.2,2036400,2025-12-20T03:44:56Z
CRM,2006-09-28,9.3,9.54,9.26,9.27,8057911,37.66,38.61,37.5,37.51,1990300,2025-12-20T03:44:56Z
CRM,2006-09-29,8.86,9.15,8.79,9.13,12640976,35.88,37.06,35.6,36.95,3122300,2025-12-20T03:44:56Z
CRM,2006-10-02,8.71,8.99,8.69,8.86,9438887,35.26,36.4,35.18,35.87,2331400,2025-12-20T03:44:56Z
CRM,2006-10-03,9.01,9.07,8.67,8.71,6813383,36.49,36.74,35.1,35.26,1682900,2025-12-20T03:44:56Z
CRM,2006-10-04,9.17,9.2,8.92,8.92,12618232,37.13,37.26,36.13,36.13,3116700,2025-12-20T03:44:56Z
CRM,2006-10-05,9.38,9.66,9.17,9.22,16597325,37.97,39.1,37.12,37.32,4099500,2025-12-20T03:44:56Z
CRM,2006-10-06,9.97,10,9.56,9.63,21921502,40.36,40.5,38.71,39.01,5414600,2025-12-20T03:44:56Z
CRM,2006-10-09,9.95,10.24,9.76,9.98,10407287,40.3,41.45,39.52,40.4,2570600,2025-12-20T03:44:56Z
CRM,2006-10-10,9.88,9.95,9.8,9.95,6123481,40,40.28,39.67,40.27,1512500,2025-12-20T03:44:56Z
CRM,2006-10-11,9.85,10.01,9.79,9.82,4219876,39.87,40.52,39.62,39.75,1042300,2025-12-20T03:44:56Z
CRM,2006-10-12,9.95,10,9.78,9.91,7189900,40.29,40.49,39.58,40.12,1775900,2025-12-20T03:44:56Z
CRM,2006-10-13,10.12,10.37,9.95,10,7755511,40.98,41.99,40.3,40.49,1915600,2025-12-20T03:44:56Z
CRM,2006-10-16,10.21,10.3,10.04,10.04,6303245,41.33,41.71,40.66,40.66,1556900,2025-12-20T03:44:56Z
CRM,2006-10-17,9.94,10.19,9.82,10.15,5125531,40.25,41.27,39.74,41.08,1266000,2025-12-20T03:44:56Z
CRM,2006-10-18,9.98,10.19,9.85,10.12,4708097,40.4,41.25,39.86,40.95,1162900,2025-12-20T03:44:56Z
CRM,2006-10-19,9.91,10.02,9.84,9.95,3361946,40.13,40.55,39.82,40.27,830400,2025-12-20T03:44:56Z
CRM,2006-10-20,9.85,9.95,9.81,9.95,2284636,39.87,40.28,39.73,40.28,564300,2025-12-20T03:44:56Z
CRM,2006-10-23,9.99,10.11,9.76,9.88,6172518,40.44,40.92,39.51,40,1524600,2025-12-20T03:44:56Z
CRM,2006-10-24,10,10.05,9.9,9.94,4281376,40.5,40.69,40.1,40.24,1057500,2025-12-20T03:44:56Z
CRM,2006-10-25,10.21,10.43,10.01,10.06,6525107,41.33,42.22,40.53,40.75,1611700,2025-12-20T03:44:56Z
CRM,2006-10-26,10.06,10.23,9.94,10.23,4456684,40.73,41.4,40.26,41.4,1100800,2025-12-20T03:44:56Z
CRM,2006-10-27,9.91,10.1,9.8,10.06,4274929,40.11,40.9,39.68,40.73,1055900,2025-12-20T03:44:56Z
CRM,2006-10-30,9.83,9.9,9.63,9.88,5919469,39.78,40.07,38.97,40.01,1462100,2025-12-20T03:44:56Z
CRM,2006-10-31,9.64,9.95,9.59,9.85,3578151,39.02,40.3,38.82,39.89,883800,2025-12-20T03:44:56Z
CRM,2006-11-01,9.39,9.73,9.3,9.67,5941295,38,39.39,37.66,39.14,1467500,2025-12-20T03:44:56Z
CRM,2006-11-02,9.63,9.67,9.32,9.32,4725101,39,39.16,37.75,37.75,1167100,2025-12-20T03:44:56Z
CRM,2006-11-03,10,10.09,9.64,9.66,7809358,40.48,40.83,39.05,39.1,1928900,2025-12-20T03:44:56Z
CRM,2006-11-06,10.38,10.39,9.81,9.88,8772528,42.01,42.08,39.73,40,2166800,2025-12-20T03:44:56Z
CRM,2006-11-07,10.6,10.78,10.36,10.38,12507704,42.93,43.65,41.95,42.01,3089400,2025-12-20T03:44:56Z
CRM,2006-11-08,10.4,10.6,9.9,10.44,6997974,42.1,42.92,40.1,42.27,1728500,2025-12-20T03:44:56Z
CRM,2006-11-09,10.27,10.56,10.22,10.5,6731213,41.58,42.77,41.39,42.5,1662600,2025-12-20T03:44:56Z
CRM,2006-11-10,10.42,10.52,10.22,10.34,3862348,42.2,42.57,41.38,41.88,954000,2025-12-20T03:44:56Z
CRM,2006-11-13,10.87,11.01,10.45,10.45,12337651,44,44.58,42.32,42.32,3047400,2025-12-20T03:44:56Z
CRM,2006-11-14,10.74,10.87,10.59,10.84,7399999,43.5,44.02,42.89,43.9,1827800,2025-12-20T03:44:56Z
CRM,2006-11-15,10.47,10.87,10.39,10.75,10542945,42.39,44,42.05,43.54,2604100,2025-12-20T03:44:56Z
CRM,2006-11-16,10.37,10.64,10.04,10.12,12538165,41.97,43.07,40.66,40.99,3096900,2025-12-20T03:44:56Z
CRM,2006-11-17,10.3,10.44,10.24,10.36,3383009,41.72,42.28,41.46,41.96,835600,2025-12-20T03:44:56Z
CRM,2006-11-20,10.26,10.34,10.13,10.13,7449804,41.53,41.86,41,41,1840100,2025-12-20T03:44:56Z
CRM,2006-11-21,10.3,10.36,10.23,10.25,4228743,41.7,41.94,41.42,41.5,1044500,2025-12-20T03:44:56Z
CRM,2006-11-22,10.23,10.37,10.16,10.36,5019857,41.42,42,41.12,41.95,1239900,2025-12-20T03:44:56Z
CRM,2006-11-24,10.17,10.22,10.12,10.18,1097977,41.16,41.37,40.99,41.22,271200,2025-12-20T03:44:56Z
CRM,2006-11-27,9.92,10.22,9.91,10.21,3666820,40.15,41.36,40.11,41.35,905700,2025-12-20T03:44:56Z
CRM,2006-11-28,9.72,9.92,9.62,9.92,4795975,39.35,40.15,38.96,40.15,1184600,2025-12-20T03:44:56Z
CRM,2006-11-29,9.67,9.74,9.54,9.72,6024323,39.15,39.42,38.61,39.36,1488000,2025-12-20T03:44:56Z
CRM,2006-11-30,9.63,9.77,9.61,9.72,6769635,39,39.55,38.92,39.35,1672100,2025-12-20T03:44:56Z
CRM,2006-12-01,9.47,9.62,9.4,9.58,5411769,38.35,38.93,38.05,38.78,1336700,2025-12-20T03:44:56Z
CRM,2006-12-04,9.51,9.58,9.36,9.37,5083017,38.52,38.78,37.9,37.92,1255500,2025-12-20T03:44:56Z
CRM,2006-12-05,9.44,9.63,9.41,9.53,3493526,38.23,38.99,38.08,38.59,862900,2025-12-20T03:44:56Z
CRM,2006-12-06,9.45,9.5,9.29,9.43,4144572,38.27,38.46,37.63,38.18,1023700,2025-12-20T03:44:56Z
CRM,2006-12-07,9.39,9.46,9.35,9.45,4347792,38.02,38.28,37.84,38.27,1073900,2025-12-20T03:44:56Z
CRM,2006-12-08,9.52,9.54,9.3,9.34,3681380,38.53,38.62,37.66,37.8,909300,2025-12-20T03:44:56Z
CRM,2006-12-11,9.52,9.57,9.43,9.52,2858719,38.55,38.74,38.16,38.54,706100,2025-12-20T03:44:56Z
CRM,2006-12-12,9.89,10.1,9.57,9.57,11886700,40.05,40.89,38.75,38.75,2936000,2025-12-20T03:44:56Z
CRM,2006-12-13,9.67,10.03,9.61,9.93,5485880,39.17,40.59,38.89,40.2,1355000,2025-12-20T03:44:56Z
CRM,2006-12-14,9.87,9.88,9.71,9.72,4089481,39.96,40,39.32,39.37,1010100,2025-12-20T03:44:56Z
CRM,2006-12-15,9.87,9.92,9.78,9.88,2996380,39.94,40.17,39.6,40,740100,2025-12-20T03:44:56Z
CRM,2006-12-18,9.4,9.96,9.4,9.87,5591932,38.05,40.32,38.05,39.94,1381200,2025-12-20T03:44:56Z
CRM,2006-12-19,9.22,9.34,9.06,9.34,8220682,37.32,37.8,36.7,37.8,2030500,2025-12-20T03:44:56Z
CRM,2006-12-20,9.22,9.39,9.21,9.23,5581824,37.31,38,37.3,37.36,1378700,2025-12-20T03:44:56Z
CRM,2006-12-21,9.1,9.24,9.03,9.21,8044147,36.86,37.41,36.55,37.29,1986900,2025-12-20T03:44:56Z
CRM,2006-12-22,8.9,9.13,8.88,9.1,4391522,36.05,36.98,35.96,36.86,1084700,2025-12-20T03:44:56Z
CRM,2006-12-26,8.98,9,8.87,8.87,2321073,36.34,36.44,35.9,35.9,573300,2025-12-20T03:44:56Z
CRM,2006-12-27,9.13,9.16,9.01,9.01,4416608,36.96,37.07,36.49,36.49,1090900,2025-12-20T03:44:56Z
CRM,2006-12-28,9.08,9.13,8.98,9.08,1782998,36.76,36.95,36.36,36.76,440400,2025-12-20T03:44:56Z
CRM,2006-12-29,9,9.15,8.96,9.06,2540094,36.45,37.04,36.28,36.7,627400,2025-12-20T03:44:56Z
CRM,2007-01-03,8.91,9.12,8.8,9.03,4329145,36.07,36.92,35.64,36.57,1069300,2025-12-20T03:44:56Z
CRM,2007-01-04,9.36,9.36,8.78,8.89,6522713,37.88,37.88,35.55,36.01,1611100,2025-12-20T03:44:56Z
CRM,2007-01-05,9.76,9.87,9.16,9.26,11759966,39.52,39.97,37.1,37.5,2904700,2025-12-20T03:44:56Z
CRM,2007-01-08,9.86,9.88,9.66,9.78,4872879,39.93,39.99,39.11,39.6,1203600,2025-12-20T03:44:56Z
CRM,2007-01-09,9.87,9.99,9.74,9.88,5056690,39.96,40.43,39.43,39.99,1249000,2025-12-20T03:44:56Z
CRM,2007-01-10,9.94,9.94,9.78,9.83,3619031,40.23,40.25,39.58,39.8,893900,2025-12-20T03:44:56Z
CRM,2007-01-11,10.31,10.53,9.88,9.92,11072151,41.74,42.65,40,40.18,2734800,2025-12-20T03:44:56Z
CRM,2007-01-12,10.48,10.63,10.3,10.4,6527554,42.42,43.04,41.7,42.1,1612300,2025-12-20T03:44:56Z
CRM,2007-01-16,10.7,10.95,10.45,10.54,9974493,43.3,44.32,42.3,42.69,2463700,2025-12-20T03:44:56Z
CRM,2007-01-17,10.53,10.73,10.48,10.63,5302859,42.65,43.45,42.45,43.05,1309800,2025-12-20T03:44:56Z
CRM,2007-01-18,10.24,10.51,10.08,10.51,6885863,41.45,42.56,40.82,42.55,1700800,2025-12-20T03:44:56Z
CRM,2007-01-19,10.28,10.29,10.1,10.24,5120277,41.61,41.64,40.87,41.45,1264700,2025-12-20T03:44:56Z
CRM,2007-01-22,10.18,10.34,10.09,10.3,6472469,41.2,41.88,40.83,41.7,1598700,2025-12-20T03:44:56Z
CRM,2007-01-23,10.2,10.23,10.13,10.17,6142546,41.28,41.4,41,41.17,1517200,2025-12-20T03:44:56Z
CRM,2007-01-24,10.48,10.57,10.22,10.22,9414610,42.42,42.78,41.38,41.38,2325400,2025-12-20T03:44:56Z
CRM,2007-01-25,10.34,10.48,10.26,10.48,6550645,41.88,42.43,41.52,42.43,1618000,2025-12-20T03:44:56Z
CRM,2007-01-26,10.43,10.56,10.37,10.39,4793931,42.23,42.74,41.98,42.05,1184100,2025-12-20T03:44:56Z
CRM,2007-01-29,10.49,10.66,10.34,10.43,5317829,42.49,43.15,41.88,42.23,1313500,2025-12-20T03:44:56Z
CRM,2007-01-30,10.61,10.74,10.57,10.58,5398406,42.95,43.49,42.8,42.85,1333400,2025-12-20T03:44:56Z
CRM,2007-01-31,10.83,10.88,10.48,10.63,5680167,43.83,44.05,42.45,43.02,1403000,2025-12-20T03:44:56Z
CRM,2007-02-01,11.22,11.26,10.92,10.92,10557150,45.41,45.58,44.2,44.2,2607600,2025-12-20T03:44:56Z
CRM,2007-02-02,11.55,11.6,11.22,11.26,8997609,46.75,46.96,45.41,45.6,2222400,2025-12-20T03:44:56Z
CRM,2007-02-05,11.64,11.69,11.37,11.55,5685025,47.13,47.34,46.02,46.75,1404200,2025-12-20T03:44:56Z
CRM,2007-02-06,11.63,11.77,11.52,11.65,10856772,47.1,47.63,46.64,47.18,2681600,2025-12-20T03:44:56Z
CRM,2007-02-07,11.78,11.89,11.62,11.66,11131202,47.69,48.15,47.06,47.2,2749400,2025-12-20T03:44:56Z
CRM,2007-02-08,11.78,11.85,11.55,11.78,7475366,47.7,47.99,46.75,47.69,1846400,2025-12-20T03:44:56Z
CRM,2007-02-09,11.61,11.85,11.56,11.72,6466435,47.01,47.97,46.8,47.45,1597200,2025-12-20T03:44:56Z
CRM,2007-02-12,11.71,11.77,11.49,11.56,5659123,47.39,47.63,46.54,46.79,1397800,2025-12-20T03:44:56Z
CRM,2007-02-13,11.98,12.09,11.73,11.73,7717832,48.49,48.93,47.5,47.5,1906300,2025-12-20T03:44:56Z
CRM,2007-02-14,12.32,12.38,12.05,12.08,10352277,49.88,50.13,48.78,48.9,2557000,2025-12-20T03:44:56Z
CRM,2007-02-15,12.25,12.36,12.18,12.35,9083048,49.61,50.04,49.32,50,2243500,2025-12-20T03:44:56Z
CRM,2007-02-16,12.26,12.34,12.2,12.25,6118628,49.63,49.94,49.4,49.61,1511300,2025-12-20T03:44:56Z
CRM,2007-02-20,12.21,12.46,12.2,12.35,10185838,49.43,50.43,49.4,50,2515900,2025-12-20T03:44:56Z
CRM,2007-02-21,11.86,12.23,11.81,12.22,13487968,48,49.5,47.82,49.49,3331500,2025-12-20T03:44:56Z
CRM,2007-02-22,11.64,11.98,11.18,11.29,21105812,47.14,48.5,45.26,45.7,5213100,2025-12-20T03:44:56Z
CRM,2007-02-23,11.72,11.74,11.58,11.65,5323923,47.44,47.53,46.89,47.15,1315000,2025-12-20T03:44:56Z
CRM,2007-02-26,11.58,11.73,11.51,11.67,9584293,46.9,47.49,46.6,47.25,2367300,2025-12-20T03:44:56Z
CRM,2007-02-27,11.12,11.46,10.9,11.33,7788664,45,46.39,44.12,45.86,1923800,2025-12-20T03:44:56Z
CRM,2007-02-28,10.68,11.12,10.63,11.12,13433705,43.24,45.01,43.05,45.01,3318100,2025-12-20T03:44:56Z
CRM,2007-03-01,10.96,11,10.39,10.39,13797596,44.36,44.53,42.05,42.05,3408000,2025-12-20T03:44:56Z
CRM,2007-03-02,10.53,11.02,10.47,10.86,7755524,42.64,44.6,42.41,43.95,1915600,2025-12-20T03:44:56Z
CRM,2007-03-05,10.27,10.59,10.2,10.32,6327180,41.57,42.89,41.28,41.8,1562800,2025-12-20T03:44:56Z
CRM,2007-03-06,10.66,10.71,10.43,10.45,6067640,43.15,43.36,42.23,42.29,1498700,2025-12-20T03:44:56Z
CRM,2007-03-07,10.55,10.72,10.51,10.66,5391502,42.73,43.41,42.56,43.15,1331700,2025-12-20T03:44:56Z
CRM,2007-03-08,10.79,10.94,10.63,10.67,6373314,43.68,44.28,43.05,43.2,1574200,2025-12-20T03:44:56Z
CRM,2007-03-09,10.61,10.84,10.58,10.77,7424355,42.97,43.88,42.82,43.61,1833800,2025-12-20T03:44:56Z
CRM,2007-03-12,10.7,10.77,10.53,10.59,3372077,43.32,43.62,42.63,42.89,832900,2025-12-20T03:44:56Z
CRM,2007-03-13,10.41,10.7,10.41,10.7,5560334,42.16,43.32,42.13,43.32,1373400,2025-12-20T03:44:56Z
CRM,2007-03-14,10.37,10.49,10.07,10.45,6803663,41.99,42.47,40.77,42.31,1680500,2025-12-20T03:44:56Z
CRM,2007-03-15,10.31,10.44,10.2,10.37,4515824,41.74,42.27,41.28,41.99,1115400,2025-12-20T03:44:56Z
CRM,2007-03-16,10.28,10.35,10.22,10.28,2628747,41.63,41.89,41.36,41.62,649300,2025-12-20T03:44:56Z
CRM,2007-03-19,10.54,10.56,10.33,10.41,3698400,42.68,42.76,41.82,42.15,913500,2025-12-20T03:44:56Z
CRM,2007-03-20,10.65,10.69,10.48,10.54,3349810,43.12,43.28,42.44,42.68,827400,2025-12-20T03:44:56Z
CRM,2007-03-21,10.74,10.88,10.6,10.65,3902461,43.47,44.05,42.92,43.1,963900,2025-12-20T03:44:56Z
CRM,2007-03-22,10.73,10.81,10.63,10.73,3473295,43.45,43.75,43.02,43.45,857900,2025-12-20T03:44:56Z
CRM,2007-03-23,10.7,10.78,10.67,10.7,2778137,43.3,43.64,43.19,43.32,686200,2025-12-20T03:44:56Z
CRM,2007-03-26,10.63,10.68,10.51,10.63,3455073,43.02,43.25,42.54,43.02,853400,2025-12-20T03:44:56Z
CRM,2007-03-27,10.57,10.7,10.56,10.62,3731184,42.79,43.3,42.75,43,921600,2025-12-20T03:44:56Z
CRM,2007-03-28,10.61,10.73,10.43,10.55,3378963,42.95,43.46,42.24,42.7,834600,2025-12-20T03:44:56Z
CRM,2007-03-29,10.64,10.71,10.52,10.64,3436848,43.06,43.35,42.6,43.06,848900,2025-12-20T03:44:56Z
CRM,2007-03-30,10.58,10.73,10.51,10.59,3654669,42.82,43.46,42.55,42.89,902700,2025-12-20T03:44:56Z
CRM,2007-04-02,10.74,10.87,10.5,10.62,4195153,43.49,44,42.5,42.99,1036200,2025-12-20T03:44:56Z
CRM,2007-04-03,11.08,11.13,10.83,10.85,5923934,44.87,45.08,43.83,43.91,1463200,2025-12-20T03:44:56Z
CRM,2007-04-04,11.17,11.22,11.12,11.12,3518221,45.23,45.41,45,45.01,869000,2025-12-20T03:44:56Z
CRM,2007-04-05,11.11,11.21,11.07,11.21,2211746,44.99,45.38,44.81,45.38,546300,2025-12-20T03:44:56Z
CRM,2007-04-09,11.33,11.38,11.2,11.24,3774928,45.87,46.08,45.35,45.49,932400,2025-12-20T03:44:56Z
CRM,2007-04-10,11.29,11.34,11.23,11.34,3284210,45.7,45.91,45.45,45.89,811200,2025-12-20T03:44:56Z
CRM,2007-04-11,10.83,11.1,10.62,11.1,13332082,43.84,44.95,43,44.95,3293000,2025-12-20T03:44:56Z
CRM,2007-04-12,10.55,10.95,10.41,10.82,15449046,42.72,44.33,42.15,43.81,3815900,2025-12-20T03:44:56Z
CRM,2007-04-13,10.52,10.6,10.33,10.55,7120282,42.58,42.91,41.83,42.7,1758700,2025-12-20T03:44:56Z
CRM,2007-04-16,10.68,10.7,10.52,10.54,6156726,43.24,43.3,42.6,42.67,1520700,2025-12-20T03:44:56Z
CRM,2007-04-17,10.6,10.81,10.53,10.75,7800007,42.93,43.75,42.61,43.51,1926600,2025-12-20T03:44:56Z
CRM,2007-04-18,10.45,10.6,10.43,10.6,7731608,42.32,42.93,42.23,42.93,1909700,2025-12-20T03:44:56Z
CRM,2007-04-19,10.23,10.43,10.2,10.43,7814980,41.4,42.24,41.28,42.23,1930300,2025-12-20T03:44:56Z
CRM,2007-04-20,10.31,10.37,10.18,10.23,6446590,41.75,41.98,41.22,41.4,1592300,2025-12-20T03:44:56Z
CRM,2007-04-23,10.2,10.3,10.08,10.26,6589493,41.29,41.7,40.8,41.53,1627600,2025-12-20T03:44:56Z
CRM,2007-04-24,10.14,10.24,10.07,10.24,4753483,41.07,41.46,40.77,41.46,1174100,2025-12-20T03:44:56Z
CRM,2007-04-25,10.52,10.54,10.18,10.19,7529191,42.58,42.69,41.2,41.27,1859700,2025-12-20T03:44:56Z
CRM,2007-04-26,10.52,10.61,10.42,10.55,5661576,42.61,42.96,42.2,42.7,1398400,2025-12-20T03:44:56Z
CRM,2007-04-27,10.4,10.68,10.35,10.51,8265991,42.1,43.22,41.92,42.54,2041700,2025-12-20T03:44:56Z
CRM,2007-04-30,10.37,10.48,10.32,10.38,4055060,42,42.45,41.77,42.04,1001600,2025-12-20T03:44:56Z
CRM,2007-05-01,10.16,10.33,10.03,10.32,7469665,41.12,41.81,40.61,41.8,1845000,2025-12-20T03:44:56Z
CRM,2007-05-02,10.2,10.28,10.03,10.12,5870462,41.29,41.61,40.6,40.98,1450000,2025-12-20T03:44:56Z
CRM,2007-05-03,10.57,10.66,10.22,10.24,5680598,42.78,43.16,41.39,41.48,1403100,2025-12-20T03:44:56Z
CRM,2007-05-04,10.63,10.85,10.57,10.63,5893549,43.05,43.93,42.78,43.03,1455700,2025-12-20T03:44:56Z
CRM,2007-05-07,10.48,10.7,10.4,10.67,3928343,42.43,43.32,42.1,43.21,970300,2025-12-20T03:44:56Z
CRM,2007-05-08,10.71,10.74,10.39,10.47,3652638,43.36,43.5,42.06,42.4,902200,2025-12-20T03:44:56Z
CRM,2007-05-09,10.73,10.78,10.57,10.65,2183006,43.45,43.63,42.81,43.11,539200,2025-12-20T03:44:56Z
CRM,2007-05-10,10.52,10.7,10.49,10.67,2189479,42.59,43.31,42.48,43.2,540800,2025-12-20T03:44:56Z
CRM,2007-05-11,10.48,10.6,10.46,10.53,4225117,42.42,42.9,42.35,42.65,1043600,2025-12-20T03:44:56Z
CRM,2007-05-14,10.66,10.94,10.44,10.48,7907324,43.15,44.3,42.26,42.43,1953100,2025-12-20T03:44:56Z
CRM,2007-05-15,10.89,10.97,10.63,10.69,8137314,44.07,44.41,43.05,43.26,2009900,2025-12-20T03:44:56Z
CRM,2007-05-16,11.18,11.42,10.9,10.97,14156339,45.25,46.25,44.14,44.4,3496600,2025-12-20T03:44:56Z
CRM,2007-05-17,10.62,11.05,10.46,11.05,19446667,42.98,44.75,42.35,44.75,4803300,2025-12-20T03:44:56Z
CRM,2007-05-18,11.31,11.48,10.56,10.65,22318819,45.8,46.5,42.77,43.13,5512700,2025-12-20T03:44:56Z
CRM,2007-05-21,11.8,12.34,11.63,11.84,23402469,47.76,49.96,47.08,47.95,5780400,2025-12-20T03:44:56Z
CRM,2007-05-22,11.64,11.96,11.6,11.9,6213366,47.13,48.42,46.95,48.2,1534700,2025-12-20T03:44:56Z
CRM,2007-05-23,11.42,11.68,11.36,11.6,4474930,46.24,47.27,46,46.95,1105300,2025-12-20T03:44:56Z
CRM,2007-05-24,11.08,11.3,10.9,11.19,10814999,44.86,45.75,44.15,45.3,2671300,2025-12-20T03:44:56Z
CRM,2007-05-25,11.38,11.42,11.08,11.08,7128763,46.09,46.24,44.85,44.85,1760800,2025-12-20T03:44:56Z
CRM,2007-05-29,11.34,11.57,11.21,11.57,5548988,45.9,46.86,45.4,46.86,1370600,2025-12-20T03:44:56Z
CRM,2007-05-30,12.03,12.26,11.24,11.34,15669284,48.72,49.63,45.49,45.9,3870300,2025-12-20T03:44:56Z
CRM,2007-05-31,11.67,12.2,11.65,12.2,8767243,47.25,49.4,47.17,49.4,2165500,2025-12-20T03:44:56Z
CRM,2007-06-01,11.83,11.87,11.63,11.7,5831204,47.88,48.06,47.1,47.35,1440300,2025-12-20T03:44:56Z
CRM,2007-06-04,11.62,11.92,11.49,11.92,6984627,47.06,48.25,46.52,48.25,1725200,2025-12-20T03:44:56Z
CRM,2007-06-05,11.72,11.79,11.04,11.5,14838891,47.46,47.75,44.7,46.55,3665200,2025-12-20T03:44:56Z
CRM,2007-06-06,11.48,11.72,11.32,11.71,5889888,46.46,47.46,45.85,47.4,1454800,2025-12-20T03:44:56Z
CRM,2007-06-07,11.12,11.54,11.04,11.54,6044572,45.01,46.73,44.69,46.73,1493000,2025-12-20T03:44:56Z
CRM,2007-06-08,11.42,11.44,11.11,11.21,5668850,46.25,46.33,44.99,45.4,1400200,2025-12-20T03:44:56Z
CRM,2007-06-11,11.52,11.56,11.29,11.37,4053444,46.63,46.81,45.7,46.05,1001200,2025-12-20T03:44:56Z
CRM,2007-06-12,11.2,11.46,11.16,11.39,3083009,45.35,46.4,45.19,46.1,761500,2025-12-20T03:44:56Z
CRM,2007-06-13,11.23,11.35,11.1,11.24,2788281,45.47,45.95,44.92,45.51,688700,2025-12-20T03:44:56Z
CRM,2007-06-14,11.23,11.29,11.13,11.18,3990315,45.47,45.7,45.05,45.27,985600,2025-12-20T03:44:56Z
CRM,2007-06-15,11.26,11.64,11.2,11.26,7232002,45.59,47.14,45.34,45.57,1786300,2025-12-20T03:44:56Z
CRM,2007-06-18,11.08,11.4,11.04,11.26,5176946,44.85,46.15,44.7,45.59,1278700,2025-12-20T03:44:56Z
CRM,2007-06-19,11.2,11.29,10.96,10.97,4146183,45.34,45.71,44.37,44.4,1024100,2025-12-20T03:44:56Z
CRM,2007-06-20,11.09,11.24,11.03,11.23,4666826,44.88,45.5,44.66,45.46,1152700,2025-12-20T03:44:56Z
CRM,2007-06-21,10.35,11.07,10.3,11.05,22682339,41.91,44.8,41.71,44.75,5602500,2025-12-20T03:44:56Z
CRM,2007-06-22,10.02,10.52,9.95,10.48,15749064,40.55,42.57,40.3,42.42,3890000,2025-12-20T03:44:56Z
CRM,2007-06-25,10.42,10.51,9.8,9.82,13733198,42.2,42.55,39.67,39.75,3392100,2025-12-20T03:44:56Z
CRM,2007-06-26,10.13,10.42,10.08,10.42,8331586,41.03,42.2,40.81,42.2,2057900,2025-12-20T03:44:56Z
CRM,2007-06-27,10.85,10.89,10.24,10.24,17726379,43.92,44.1,41.45,41.45,4378400,2025-12-20T03:44:56Z
CRM,2007-06-28,10.72,11.14,10.71,10.85,11400810,43.4,45.11,43.38,43.92,2816000,2025-12-20T03:44:56Z
CRM,2007-06-29,10.59,10.81,10.53,10.71,4564381,42.86,43.75,42.63,43.37,1127400,2025-12-20T03:44:56Z
CRM,2007-07-02,10.69,10.8,10.55,10.62,4935264,43.27,43.71,42.7,43,1219000,2025-12-20T03:44:56Z
CRM,2007-07-03,10.58,10.69,10.57,10.68,1257090,42.85,43.29,42.79,43.23,310500,2025-12-20T03:44:56Z
CRM,2007-07-05,10.88,10.88,10.51,10.55,3573687,44.03,44.06,42.53,42.72,882700,2025-12-20T03:44:56Z
CRM,2007-07-06,11.04,11.06,10.84,10.91,3384228,44.68,44.76,43.89,44.19,835900,2025-12-20T03:44:56Z
CRM,2007-07-09,10.98,11.07,10.88,10.97,3576939,44.45,44.83,44.05,44.4,883500,2025-12-20T03:44:56Z
CRM,2007-07-10,10.72,10.95,10.62,10.89,7345344,43.4,44.32,43,44.1,1814300,2025-12-20T03:44:56Z
CRM,2007-07-11,10.7,10.76,10.33,10.56,6732009,43.32,43.56,41.82,42.74,1662800,2025-12-20T03:44:56Z
CRM,2007-07-12,11.14,11.16,10.74,10.74,6707287,45.1,45.18,43.47,43.5,1656700,2025-12-20T03:44:56Z
CRM,2007-07-13,11,11.36,10.92,11.07,8196416,44.54,46,44.21,44.8,2024500,2025-12-20T03:44:56Z
CRM,2007-07-16,10.9,11.22,10.85,11.1,2980580,44.15,45.43,43.94,44.93,736200,2025-12-20T03:44:56Z
CRM,2007-07-17,10.87,11.02,10.53,10.68,9007725,44.02,44.62,42.61,43.24,2224900,2025-12-20T03:44:56Z
CRM,2007-07-18,10.69,10.84,10.6,10.72,3859534,43.28,43.9,42.9,43.4,953300,2025-12-20T03:44:56Z
CRM,2007-07-19,10.85,11,10.8,10.87,3640914,43.91,44.52,43.71,43.99,899300,2025-12-20T03:44:56Z
CRM,2007-07-20,10.73,10.83,10.51,10.83,5373304,43.45,43.86,42.56,43.86,1327200,2025-12-20T03:44:56Z
CRM,2007-07-23,11.03,11.19,10.67,10.73,6851043,44.65,45.29,43.21,43.45,1692200,2025-12-20T03:44:56Z
CRM,2007-07-24,10.71,11.04,10.69,10.87,4397190,43.38,44.7,43.29,44.02,1086100,2025-12-20T03:44:56Z
CRM,2007-07-25,10.75,10.96,10.57,10.88,3146156,43.53,44.37,42.79,44.04,777100,2025-12-20T03:44:56Z
CRM,2007-07-26,10.37,10.72,10.19,10.57,6933258,41.97,43.4,41.26,42.81,1712500,2025-12-20T03:44:56Z
CRM,2007-07-27,10.1,10.47,10.07,10.37,5511757,40.89,42.41,40.78,41.99,1361400,2025-12-20T03:44:56Z
CRM,2007-07-30,10,10.14,9.9,10.12,6536437,40.5,41.07,40.07,40.95,1614500,2025-12-20T03:44:56Z
CRM,2007-07-31,9.6,10.17,9.54,10.09,9331598,38.86,41.19,38.61,40.83,2304900,2025-12-20T03:44:56Z
CRM,2007-08-01,9.91,9.96,9.36,9.6,10096842,40.14,40.34,37.9,38.86,2493900,2025-12-20T03:44:56Z
CRM,2007-08-02,10.32,10.34,9.79,9.88,8280161,41.8,41.85,39.65,39.99,2045200,2025-12-20T03:44:56Z
CRM,2007-08-03,9.87,10.55,9.87,10.42,8283062,39.94,42.7,39.94,42.2,2045900,2025-12-20T03:44:56Z
CRM,2007-08-06,9.99,10.06,9.46,9.88,11087099,40.45,40.74,38.3,40,2738500,2025-12-20T03:44:56Z
CRM,2007-08-07,10.21,10.31,9.2,9.2,8577361,41.32,41.73,37.24,37.24,2118600,2025-12-20T03:44:56Z
CRM,2007-08-08,11.05,11.7,10.24,10.34,17757975,44.75,47.38,41.46,41.88,4386200,2025-12-20T03:44:56Z
CRM,2007-08-09,10.81,11.29,10.52,10.88,8699667,43.77,45.71,42.6,44.05,2148800,2025-12-20T03:44:56Z
CRM,2007-08-10,11.04,11.36,10.62,10.62,9168066,44.68,46,43,43,2264500,2025-12-20T03:44:56Z
CRM,2007-08-13,10.78,11.29,10.64,11.09,6539688,43.66,45.73,43.06,44.9,1615300,2025-12-20T03:44:56Z
CRM,2007-08-14,11.09,11.39,10.72,10.73,7610526,44.9,46.1,43.4,43.45,1879800,2025-12-20T03:44:56Z
CRM,2007-08-15,10.57,11.36,10.45,11.02,13420242,42.8,46,42.31,44.6,3314800,2025-12-20T03:44:56Z
CRM,2007-08-16,10.19,10.68,9.58,10.68,22951125,41.25,43.25,38.8,43.24,5668900,2025-12-20T03:44:56Z
CRM,2007-08-17,9.88,10.48,9.81,10.46,10153482,40.02,42.44,39.7,42.34,2507900,2025-12-20T03:44:56Z
CRM,2007-08-20,9.8,9.94,9.61,9.88,6655506,39.68,40.25,38.9,40.02,1643900,2025-12-20T03:44:56Z
CRM,2007-08-21,9.78,9.94,9.59,9.83,7700809,39.6,40.25,38.84,39.8,1902100,2025-12-20T03:44:56Z
CRM,2007-08-22,9.8,10.22,9.72,9.93,7551439,39.69,41.36,39.36,40.19,1865200,2025-12-20T03:44:56Z
CRM,2007-08-23,9.74,9.91,9.62,9.78,5292718,39.43,40.11,38.94,39.6,1307300,2025-12-20T03:44:56Z
CRM,2007-08-24,10.23,10.27,9.65,9.75,5748588,41.43,41.56,39.08,39.49,1419900,2025-12-20T03:44:56Z
CRM,2007-08-27,10.01,10.28,10,10.11,5428788,40.54,41.6,40.5,40.92,1340900,2025-12-20T03:44:56Z
CRM,2007-08-28,9.8,9.93,9.73,9.88,3839294,39.68,40.19,39.38,40,948300,2025-12-20T03:44:56Z
CRM,2007-08-29,10.01,10.05,9.82,9.86,2002431,40.53,40.69,39.75,39.92,494600,2025-12-20T03:44:56Z
CRM,2007-08-30,9.81,10.18,9.77,9.84,4256684,39.73,41.2,39.56,39.83,1051400,2025-12-20T03:44:56Z
CRM,2007-08-31,9.99,10.15,9.94,10.08,3545347,40.43,41.09,40.26,40.81,875700,2025-12-20T03:44:56Z
CRM,2007-09-04,10.07,10.22,9.89,9.89,3142538,40.77,41.39,40.06,40.06,776200,2025-12-20T03:44:56Z
CRM,2007-09-05,10.12,10.16,9.93,10.03,2739681,40.96,41.15,40.2,40.59,676700,2025-12-20T03:44:56Z
CRM,2007-09-06,10.53,10.63,10.1,10.12,8012206,42.64,43.02,40.9,40.96,1979000,2025-12-20T03:44:56Z
CRM,2007-09-07,10.67,10.72,10.28,10.32,7172921,43.21,43.4,41.6,41.8,1771700,2025-12-20T03:44:56Z
CRM,2007-09-10,10.9,10.92,10.36,10.68,5464392,44.12,44.2,41.95,43.24,1349700,2025-12-20T03:44:56Z
CRM,2007-09-11,11.34,11.48,10.9,10.9,12555476,45.93,46.5,44.12,44.12,3101200,2025-12-20T03:44:56Z
CRM,2007-09-12,11.35,11.72,11.15,11.18,9268081,45.94,47.46,45.15,45.26,2289200,2025-12-20T03:44:56Z
CRM,2007-09-13,11.47,11.55,11.25,11.52,2433215,46.44,46.77,45.56,46.64,601000,2025-12-20T03:44:56Z
CRM,2007-09-14,11.46,11.54,11.19,11.23,4417836,46.38,46.74,45.31,45.48,1091200,2025-12-20T03:44:56Z
CRM,2007-09-17,11.3,11.4,11.2,11.26,5251421,45.73,46.14,45.36,45.6,1297100,2025-12-20T03:44:56Z
CRM,2007-09-18,11.35,11.63,10.96,11.36,12840575,45.94,47.1,44.38,46,3171600,2025-12-20T03:44:56Z
CRM,2007-09-19,11.31,11.48,11.19,11.39,6381432,45.8,46.5,45.32,46.12,1576200,2025-12-20T03:44:56Z
CRM,2007-09-20,11.28,11.4,11.17,11.22,3374913,45.65,46.17,45.24,45.41,833600,2025-12-20T03:44:56Z
CRM,2007-09-21,11.42,11.43,11.29,11.36,4478966,46.25,46.29,45.72,46,1106300,2025-12-20T03:44:56Z
CRM,2007-09-24,11.97,12.28,11.45,11.48,12290376,48.47,49.71,46.37,46.5,3035700,2025-12-20T03:44:56Z
CRM,2007-09-25,12.33,12.34,11.79,11.87,8290734,49.91,49.95,47.75,48.06,2047800,2025-12-20T03:44:56Z
CRM,2007-09-26,12.47,12.68,12.3,12.35,10849876,50.47,51.34,49.79,49.98,2679900,2025-12-20T03:44:56Z
CRM,2007-09-27,12.58,12.78,12.31,12.35,6758747,50.94,51.75,49.84,50,1669400,2025-12-20T03:44:56Z
CRM,2007-09-28,12.68,12.78,12.38,12.46,7573303,51.32,51.75,50.14,50.44,1870600,2025-12-20T03:44:56Z
CRM,2007-10-01,13.06,13.09,12.69,12.69,4585030,52.89,52.98,51.39,51.39,1132500,2025-12-20T03:44:56Z
CRM,2007-10-02,12.79,13.21,12.38,13.06,7513008,51.77,53.46,50.13,52.86,1855700,2025-12-20T03:44:56Z
CRM,2007-10-03,12.88,13.01,12.55,12.65,5835231,52.16,52.68,50.83,51.21,1441300,2025-12-20T03:44:56Z
CRM,2007-10-04,12.74,12.89,12.61,12.86,4171260,51.56,52.18,51.07,52.06,1030300,2025-12-20T03:44:56Z
CRM,2007-10-05,13.15,13.37,12.84,12.9,5044943,53.23,54.11,52,52.21,1246100,2025-12-20T03:44:56Z
CRM,2007-10-08,13.65,13.87,13.06,13.15,7526342,55.25,56.14,52.86,53.26,1859000,2025-12-20T03:44:56Z
CRM,2007-10-09,13.91,14.19,13.59,13.66,7638078,56.32,57.45,55,55.31,1886600,2025-12-20T03:44:56Z
CRM,2007-10-10,13.78,14.02,13.78,13.91,5317420,55.79,56.74,55.78,56.3,1313400,2025-12-20T03:44:56Z
CRM,2007-10-11,13.56,14.21,13.22,13.83,5640903,54.89,57.53,53.54,56.01,1393300,2025-12-20T03:44:56Z
CRM,2007-10-12,14.09,14.21,13.45,13.74,4946566,57.06,57.53,54.46,55.65,1221800,2025-12-20T03:44:56Z
CRM,2007-10-15,13.49,13.94,13.2,13.8,6445796,54.6,56.44,53.45,55.86,1592100,2025-12-20T03:44:56Z
CRM,2007-10-16,13.89,14.02,13.51,13.51,5474525,56.24,56.74,54.7,54.7,1352200,2025-12-20T03:44:56Z
CRM,2007-10-17,13.4,14.1,13.27,14.02,6217446,54.24,57.1,53.73,56.76,1535700,2025-12-20T03:44:56Z
CRM,2007-10-18,13.58,14.12,13.3,13.41,8589891,54.96,57.15,53.86,54.29,2121700,2025-12-20T03:44:56Z
CRM,2007-10-19,12.91,13.67,12.85,13.58,7099222,52.28,55.34,52.04,54.98,1753500,2025-12-20T03:44:56Z
CRM,2007-10-22,12.9,13.08,12.35,12.68,7006920,52.21,52.97,50,51.32,1730700,2025-12-20T03:44:56Z
CRM,2007-10-23,13.39,13.48,12.81,12.9,6329169,54.22,54.56,51.85,52.23,1563300,2025-12-20T03:44:56Z
CRM,2007-10-24,13.16,13.49,12.8,13.25,4438896,53.27,54.63,51.81,53.63,1096400,2025-12-20T03:44:56Z
CRM,2007-10-25,12.62,13.19,12.5,13.19,4169250,51.08,53.4,50.59,53.4,1029800,2025-12-20T03:44:56Z
CRM,2007-10-26,12.71,12.83,12.35,12.72,5592747,51.44,51.94,50,51.49,1381400,2025-12-20T03:44:56Z
CRM,2007-10-29,13.18,13.35,12.65,12.84,5753057,53.35,54.04,51.2,52,1421000,2025-12-20T03:44:56Z
CRM,2007-10-30,13.28,13.44,12.96,13.09,3040901,53.75,54.43,52.48,53,751100,2025-12-20T03:44:56Z
CRM,2007-10-31,13.92,13.96,13.13,13.34,7050652,56.37,56.5,53.17,54.01,1741500,2025-12-20T03:44:56Z
CRM,2007-11-01,13.22,13.71,13.16,13.59,5549409,53.52,55.5,53.28,55.03,1370700,2025-12-20T03:44:56Z
CRM,2007-11-02,13.44,13.64,13.16,13.36,3563589,54.4,55.21,53.29,54.1,880200,2025-12-20T03:44:56Z
CRM,2007-11-05,12.98,13.32,12.79,13.26,4520678,52.57,53.93,51.79,53.7,1116600,2025-12-20T03:44:56Z
CRM,2007-11-06,12.92,13.4,12.7,13.17,3674513,52.31,54.24,51.43,53.31,907600,2025-12-20T03:44:56Z
CRM,2007-11-07,12.54,12.87,12.37,12.87,7609745,50.75,52.12,50.06,52.12,1879600,2025-12-20T03:44:56Z
CRM,2007-11-08,11.99,12.58,11.46,12.54,10722680,48.53,50.92,46.4,50.75,2648500,2025-12-20T03:44:56Z
CRM,2007-11-09,12.35,12.52,11.26,11.77,10183078,50,50.68,45.59,47.65,2515200,2025-12-20T03:44:56Z
CRM,2007-11-12,12.57,13,12.42,12.81,9039697,50.89,52.64,50.29,51.87,2232800,2025-12-20T03:44:56Z
CRM,2007-11-13,12.84,13.02,12.44,12.44,5424738,52,52.72,50.36,50.36,1339900,2025-12-20T03:44:56Z
CRM,2007-11-14,12.84,13.09,12.56,13.02,4580197,52,53,50.85,52.7,1131300,2025-12-20T03:44:56Z
CRM,2007-11-15,12.55,13.44,12.46,12.96,11384237,50.79,54.4,50.46,52.45,2811900,2025-12-20T03:44:56Z
CRM,2007-11-16,14.17,14.18,11.92,12.28,18384679,57.35,57.4,48.27,49.71,4541000,2025-12-20T03:44:56Z
CRM,2007-11-19,13.36,14.08,13.25,14.08,8846983,54.09,57,53.66,57,2185200,2025-12-20T03:44:56Z
CRM,2007-11-20,14.18,14.33,13.25,13.46,13888357,57.4,58,53.65,54.51,3430400,2025-12-20T03:44:56Z
CRM,2007-11-21,13.92,14.16,13.87,13.87,8173290,56.36,57.33,56.15,56.15,2018800,2025-12-20T03:44:56Z
CRM,2007-11-23,13.62,13.96,13.31,13.96,3181381,55.16,56.5,53.88,56.5,785800,2025-12-20T03:44:56Z
CRM,2007-11-26,12.87,13.89,12.76,13.3,8532454,52.1,56.25,51.66,53.83,2107500,2025-12-20T03:44:56Z
CRM,2007-11-27,12.96,13.16,12.73,12.8,5559944,52.48,53.28,51.55,51.82,1373300,2025-12-20T03:44:56Z
CRM,2007-11-28,13.44,13.75,12.95,12.96,6414580,54.43,55.68,52.42,52.48,1584400,2025-12-20T03:44:56Z
CRM,2007-11-29,13.65,13.71,13.11,13.22,6646567,55.26,55.52,53.06,53.54,1641700,2025-12-20T03:44:56Z
CRM,2007-11-30,14.01,14.26,13.66,13.74,13420752,56.73,57.73,55.29,55.62,3314900,2025-12-20T03:44:56Z
CRM,2007-12-03,13.78,14.14,13.36,14.03,6080188,55.78,57.26,54.1,56.79,1501800,2025-12-20T03:44:56Z
CRM,2007-12-04,13.67,13.79,13.55,13.62,4168424,55.33,55.83,54.88,55.16,1029600,2025-12-20T03:44:56Z
CRM,2007-12-05,13.85,14.05,13.64,13.83,4523488,56.06,56.9,55.24,56,1117300,2025-12-20T03:44:56Z
CRM,2007-12-06,13.97,14.09,13.64,13.78,4170468,56.54,57.03,55.24,55.79,1030100,2025-12-20T03:44:56Z
CRM,2007-12-07,14.29,14.61,13.96,14.1,7730002,57.84,59.15,56.5,57.09,1909300,2025-12-20T03:44:56Z
CRM,2007-12-10,14.25,14.35,13.89,14.35,4591935,57.7,58.11,56.25,58.11,1134200,2025-12-20T03:44:56Z
CRM,2007-12-11,14.16,14.78,14.08,14.09,7284231,57.32,59.83,57,57.06,1799200,2025-12-20T03:44:56Z
CRM,2007-12-12,14.38,14.68,14.16,14.37,5867234,58.21,59.44,57.33,58.18,1449200,2025-12-20T03:44:56Z
CRM,2007-12-13,14.64,14.77,14.3,14.35,5046164,59.29,59.81,57.88,58.1,1246400,2025-12-20T03:44:56Z
CRM,2007-12-14,14.71,14.89,14.38,14.64,5149410,59.55,60.3,58.22,59.28,1271900,2025-12-20T03:44:56Z
CRM,2007-12-17,14.51,14.75,14.42,14.57,7179811,58.73,59.71,58.37,59,1773400,2025-12-20T03:44:56Z
CRM,2007-12-18,14.45,14.68,14.25,14.68,7773737,58.5,59.45,57.7,59.45,1920100,2025-12-20T03:44:56Z
CRM,2007-12-19,14.81,15.02,14.26,14.26,9457926,59.95,60.82,57.74,57.74,2336100,2025-12-20T03:44:56Z
CRM,2007-12-20,16.05,16.05,15.01,15.01,12486257,64.99,65,60.77,60.77,3084100,2025-12-20T03:44:56Z
CRM,2007-12-21,15.75,16.18,15.48,16.05,7868446,63.75,65.52,62.66,65,1943500,2025-12-20T03:44:56Z
CRM,2007-12-24,15.8,15.99,15.54,15.57,1486240,63.98,64.75,62.9,63.02,367100,2025-12-20T03:44:56Z
CRM,2007-12-26,15.78,15.87,15.39,15.76,2845360,63.87,64.24,62.3,63.81,702800,2025-12-20T03:44:56Z
CRM,2007-12-27,15.82,16.07,15.52,15.76,3546576,64.04,65.05,62.85,63.79,876000,2025-12-20T03:44:56Z
CRM,2007-12-28,15.91,16,15.72,15.92,2363982,64.4,64.77,63.63,64.45,583900,2025-12-20T03:44:56Z
CRM,2007-12-31,15.48,15.91,15.43,15.91,3559116,62.69,64.4,62.45,64.4,879100,2025-12-20T03:44:56Z
CRM,2008-01-02,14.89,15.7,14.79,15.57,5040100,60.28,63.55,59.87,63.05,1244900,2025-12-20T03:44:56Z
CRM,2008-01-03,15.06,15.27,14.82,14.82,3733616,60.98,61.83,60,60,922200,2025-12-20T03:44:56Z
CRM,2008-01-04,14.54,14.97,14.35,14.82,6515798,58.86,60.61,58.08,60.01,1609400,2025-12-20T03:44:56Z
CRM,2008-01-07,14.27,14.33,13.55,14.31,13268844,57.76,58.02,54.86,57.92,3277400,2025-12-20T03:44:56Z
CRM,2008-01-08,13.51,14.64,13.46,14.27,6653490,54.7,59.29,54.51,57.76,1643400,2025-12-20T03:44:56Z
CRM,2008-01-09,13.42,13.65,12.9,13.44,9173691,54.33,55.25,52.22,54.42,2265900,2025-12-20T03:44:56Z
CRM,2008-01-10,13.73,13.92,13.11,13.33,8874533,55.58,56.35,53.09,53.98,2192000,2025-12-20T03:44:56Z
CRM,2008-01-11,13.45,14.1,13.33,13.72,6619072,54.47,57.09,53.97,55.56,1634900,2025-12-20T03:44:56Z
CRM,2008-01-14,13.75,13.79,13.29,13.65,4827548,55.65,55.82,53.8,55.27,1192400,2025-12-20T03:44:56Z
CRM,2008-01-15,13.39,13.63,13.36,13.43,5846588,54.21,55.17,54.09,54.38,1444100,2025-12-20T03:44:56Z
CRM,2008-01-16,13.42,13.61,12.92,13.27,5883017,54.35,55.1,52.31,53.73,1453100,2025-12-20T03:44:56Z
CRM,2008-01-17,13.22,13.74,13.13,13.58,9495170,53.52,55.62,53.18,54.98,2345300,2025-12-20T03:44:56Z
CRM,2008-01-18,12.8,13.45,12.59,13.45,11390354,51.84,54.47,50.99,54.47,2813400,2025-12-20T03:44:56Z
CRM,2008-01-22,12.91,13.09,11.9,12.04,8291536,52.28,53,48.16,48.73,2048000,2025-12-20T03:44:56Z
CRM,2008-01-23,13.65,13.69,12.25,12.41,9427948,55.26,55.43,49.6,50.26,2328700,2025-12-20T03:44:56Z
CRM,2008-01-24,13.94,14.02,13.33,13.67,6510144,56.45,56.74,53.98,55.33,1608000,2025-12-20T03:44:56Z
CRM,2008-01-25,13.08,14.22,12.93,13.87,7799642,52.94,57.59,52.35,56.17,1926500,2025-12-20T03:44:56Z
CRM,2008-01-28,13.22,13.26,12.67,12.67,4512982,53.54,53.7,51.3,51.3,1114700,2025-12-20T03:44:56Z
CRM,2008-01-29,12.85,13.36,12.69,13.19,4966805,52.03,54.09,51.39,53.4,1226800,2025-12-20T03:44:56Z
CRM,2008-01-30,12.44,12.96,12.42,12.71,5910940,50.36,52.45,50.3,51.46,1460000,2025-12-20T03:44:56Z
CRM,2008-01-31,12.82,13.16,12.05,12.28,12165248,51.91,53.29,48.79,49.7,3004800,2025-12-20T03:44:56Z
CRM,2008-02-01,12.77,13.31,12.62,12.98,8416625,51.72,53.89,51.09,52.56,2078900,2025-12-20T03:44:56Z
CRM,2008-02-04,12.79,13.01,12.43,12.77,5149429,51.77,52.69,50.31,51.71,1271900,2025-12-20T03:44:56Z
CRM,2008-02-05,13.04,13.29,12.42,12.64,8385058,52.78,53.8,50.28,51.18,2071100,2025-12-20T03:44:56Z
CRM,2008-02-06,11.83,13.14,11.74,13.14,10503697,47.88,53.22,47.55,53.22,2594400,2025-12-20T03:44:56Z
CRM,2008-02-07,12.56,12.83,11.62,11.62,11085496,50.84,51.94,47.06,47.06,2738100,2025-12-20T03:44:56Z
CRM,2008-02-08,12.56,12.79,12.43,12.6,4199624,50.87,51.8,50.31,51,1037300,2025-12-20T03:44:56Z
CRM,2008-02-11,13.54,13.82,13.11,13.11,15749103,54.8,55.94,53.06,53.06,3890000,2025-12-20T03:44:56Z
CRM,2008-02-12,13.45,13.68,13.31,13.64,5443745,54.45,55.38,53.87,55.24,1344600,2025-12-20T03:44:56Z
CRM,2008-02-13,13.81,13.95,13.59,13.67,5867658,55.93,56.49,55,55.34,1449300,2025-12-20T03:44:56Z
CRM,2008-02-14,13.62,13.96,13.59,13.85,4944158,55.14,56.5,55,56.06,1221200,2025-12-20T03:44:56Z
CRM,2008-02-15,13.3,13.63,13.12,13.57,4486666,53.84,55.17,53.1,54.94,1108200,2025-12-20T03:44:56Z
CRM,2008-02-19,12.71,13.52,12.67,13.52,6623123,51.47,54.75,51.28,54.75,1635900,2025-12-20T03:44:56Z
CRM,2008-02-20,13.12,13.19,12.6,12.63,3426723,53.13,53.4,51,51.13,846400,2025-12-20T03:44:56Z
CRM,2008-02-21,13.22,13.38,12.97,13.21,4147785,53.52,54.18,52.51,53.48,1024500,2025-12-20T03:44:56Z
CRM,2008-02-22,12.93,13.33,12.74,13.33,5181813,52.34,53.98,51.57,53.98,1279900,2025-12-20T03:44:56Z
CRM,2008-02-25,13.44,13.55,12.92,12.92,5362376,54.41,54.85,52.3,52.3,1324500,2025-12-20T03:44:56Z
CRM,2008-02-26,13.03,13.42,13.03,13.24,5244946,52.76,54.34,52.76,53.6,1295500,2025-12-20T03:44:56Z
CRM,2008-02-27,13,13.34,12.44,12.96,12415827,52.62,53.99,50.38,52.49,3066700,2025-12-20T03:44:56Z
CRM,2008-02-28,15.23,15.68,14.21,14.38,36049440,61.66,63.47,57.54,58.22,8904200,2025-12-20T03:44:56Z
CRM,2008-02-29,14.75,15.26,14.62,14.99,10519057,59.72,61.79,59.2,60.69,2598200,2025-12-20T03:44:56Z
CRM,2008-03-03,14.52,14.99,14.37,14.82,9002080,58.77,60.7,58.17,59.99,2223500,2025-12-20T03:44:56Z
CRM,2008-03-04,14.3,14.57,14.11,14.5,8454690,57.88,58.99,57.12,58.69,2088300,2025-12-20T03:44:56Z
CRM,2008-03-05,14.58,14.71,14.24,14.38,11549447,59.01,59.55,57.67,58.23,2852700,2025-12-20T03:44:56Z
CRM,2008-03-06,14.26,14.57,14.19,14.52,6419469,57.74,59,57.44,58.79,1585600,2025-12-20T03:44:56Z
CRM,2008-03-07,13.99,14.4,13.74,14.01,7133613,56.66,58.31,55.64,56.73,1762000,2025-12-20T03:44:56Z
CRM,2008-03-10,13.85,14.27,13.68,14.12,5008523,56.08,57.79,55.37,57.16,1237100,2025-12-20T03:44:56Z
CRM,2008-03-11,14.44,14.49,13.81,14.1,8071282,58.45,58.67,55.93,57.07,1993600,2025-12-20T03:44:56Z
CRM,2008-03-12,14.38,14.87,14.24,14.47,9256320,58.21,60.22,57.64,58.59,2286300,2025-12-20T03:44:56Z
CRM,2008-03-13,14.55,14.72,13.89,14.13,7866434,58.91,59.6,56.22,57.2,1943000,2025-12-20T03:44:56Z
CRM,2008-03-14,14.29,14.82,14.14,14.72,7880594,57.85,60,57.23,59.6,1946500,2025-12-20T03:44:56Z
CRM,2008-03-17,13.71,14.12,13.38,13.83,10227582,55.51,57.17,54.18,56,2526200,2025-12-20T03:44:56Z
CRM,2008-03-18,14.48,14.55,14.02,14.02,7303273,58.61,58.9,56.75,56.75,1803900,2025-12-20T03:44:56Z
CRM,2008-03-19,13.98,14.57,13.98,14.42,5357111,56.61,59,56.61,58.38,1323200,2025-12-20T03:44:56Z
CRM,2008-03-20,13.79,14.07,13.54,13.93,9280168,55.83,56.97,54.84,56.38,2292200,2025-12-20T03:44:56Z
CRM,2008-03-24,14.73,14.82,13.81,13.81,6419468,59.64,60,55.9,55.9,1585600,2025-12-20T03:44:56Z
CRM,2008-03-25,15.06,15.21,14.64,14.79,4572475,60.96,61.58,59.28,59.9,1129400,2025-12-20T03:44:56Z
CRM,2008-03-26,14.63,15.29,14.52,14.97,4778163,59.24,61.9,58.78,60.59,1180200,2025-12-20T03:44:56Z
CRM,2008-03-27,13.99,14.76,13.91,14.76,6387094,56.63,59.74,56.3,59.74,1577600,2025-12-20T03:44:56Z
CRM,2008-03-28,14.04,14.46,13.98,14.03,4213779,56.85,58.55,56.6,56.8,1040800,2025-12-20T03:44:56Z
CRM,2008-03-31,14.29,14.38,13.72,13.85,5668861,57.87,58.22,55.54,56.07,1400200,2025-12-20T03:44:56Z
CRM,2008-04-01,15.12,15.23,14.44,14.45,7690302,61.22,61.66,58.48,58.5,1899500,2025-12-20T03:44:56Z
CRM,2008-04-02,15.39,16.32,15.12,15.19,11921535,62.3,66.09,61.2,61.5,2944600,2025-12-20T03:44:56Z
CRM,2008-04-03,15.51,15.87,14.89,15.29,7289520,62.8,64.24,60.28,61.91,1800500,2025-12-20T03:44:56Z
CRM,2008-04-04,16.08,16.27,15.23,15.61,9726744,65.12,65.88,61.68,63.2,2402500,2025-12-20T03:44:56Z
CRM,2008-04-07,16.07,16.42,15.94,16.3,7420266,65.05,66.48,64.54,65.99,1832800,2025-12-20T03:44:56Z
CRM,2008-04-08,15.77,16.19,15.72,16.07,7678596,63.83,65.53,63.64,65.05,1896600,2025-12-20T03:44:56Z
CRM,2008-04-09,15.63,15.71,15,15.32,8611346,63.26,63.6,60.73,62.01,2127000,2025-12-20T03:44:56Z
CRM,2008-04-10,16.21,16.32,15.44,15.61,6434861,65.63,66.06,62.49,63.19,1589400,2025-12-20T03:44:56Z
CRM,2008-04-11,15.09,16.05,15.09,16.05,6910539,61.09,65,61.09,65,1706900,2025-12-20T03:44:56Z
CRM,2008-04-14,14.84,15.41,14.5,15.31,11410603,60.1,62.41,58.7,61.98,2818400,2025-12-20T03:44:56Z
CRM,2008-04-15,14.66,15.13,14.45,14.76,7297595,59.35,61.24,58.5,59.76,1802500,2025-12-20T03:44:56Z
CRM,2008-04-16,15.21,15.44,14.7,14.7,9421108,61.57,62.49,59.5,59.5,2327000,2025-12-20T03:44:56Z
CRM,2008-04-17,15.36,15.42,14.87,14.97,6987494,62.2,62.43,60.21,60.62,1725900,2025-12-20T03:44:56Z
CRM,2008-04-18,15.78,16.19,15.75,16.03,10475774,63.9,65.55,63.75,64.9,2587500,2025-12-20T03:44:56Z
CRM,2008-04-21,15.49,15.71,15.36,15.71,6404874,62.72,63.62,62.18,63.62,1582000,2025-12-20T03:44:56Z
CRM,2008-04-22,15.15,15.53,14.94,15.46,4893548,61.34,62.86,60.5,62.58,1208700,2025-12-20T03:44:56Z
CRM,2008-04-23,16.69,16.73,15.14,15.26,11815853,67.57,67.75,61.3,61.78,2918500,2025-12-20T03:44:56Z
CRM,2008-04-24,16.87,17.2,16.22,16.8,9175740,68.28,69.65,65.66,68,2266400,2025-12-20T03:44:56Z
CRM,2008-04-25,16.82,17.05,16.37,16.66,3412556,68.09,69.01,66.26,67.44,842900,2025-12-20T03:44:56Z
CRM,2008-04-28,16.66,17.13,16.64,16.88,4702463,67.46,69.36,67.37,68.34,1161500,2025-12-20T03:44:56Z
CRM,2008-04-29,16.54,16.91,16.43,16.63,3923493,66.95,68.45,66.51,67.32,969100,2025-12-20T03:44:56Z
CRM,2008-04-30,16.48,17.11,16.43,16.53,5627972,66.73,69.25,66.5,66.94,1390100,2025-12-20T03:44:56Z
CRM,2008-05-01,16.62,16.79,16.12,16.62,5729160,67.29,67.97,65.25,67.28,1415100,2025-12-20T03:44:56Z
CRM,2008-05-02,16.62,16.8,16.47,16.8,4633631,67.3,68,66.68,68,1144500,2025-12-20T03:44:56Z
CRM,2008-05-05,17.13,17.27,16.4,16.4,5604887,69.37,69.91,66.39,66.39,1384400,2025-12-20T03:44:56Z
CRM,2008-05-06,17.33,17.57,16.89,17.09,5931204,70.17,71.14,68.37,69.2,1465000,2025-12-20T03:44:56Z
CRM,2008-05-07,16.5,17.39,16.43,17.36,6567233,66.81,70.41,66.53,70.27,1622100,2025-12-20T03:44:56Z
CRM,2008-05-08,16.69,16.71,16.32,16.66,4188282,67.57,67.64,66.07,67.45,1034500,2025-12-20T03:44:56Z
CRM,2008-05-09,16.47,16.84,16.4,16.62,3549413,66.7,68.2,66.41,67.29,876700,2025-12-20T03:44:56Z
CRM,2008-05-12,16.7,16.83,16.11,16.48,5775317,67.62,68.15,65.22,66.74,1426500,2025-12-20T03:44:56Z
CRM,2008-05-13,16.78,17.02,16.53,16.73,6534027,67.95,68.9,66.92,67.73,1613900,2025-12-20T03:44:56Z
CRM,2008-05-14,17.14,17.27,16.75,16.75,12121932,69.4,69.9,67.81,67.81,2994100,2025-12-20T03:44:56Z
CRM,2008-05-15,17.1,17.22,16.62,17.07,8252651,69.22,69.71,67.3,69.1,2038400,2025-12-20T03:44:56Z
CRM,2008-05-16,16.97,17.1,16.79,17.1,8282639,68.7,69.22,67.96,69.22,2045800,2025-12-20T03:44:56Z
CRM,2008-05-19,16.37,17.04,16.32,16.93,8981814,66.28,69,66.07,68.56,2218500,2025-12-20T03:44:56Z
CRM,2008-05-20,15.51,16.24,15.41,16.24,12755142,62.8,65.74,62.4,65.74,3150500,2025-12-20T03:44:56Z
CRM,2008-05-21,15.48,15.77,15.17,15.63,13298397,62.66,63.83,61.43,63.27,3284700,2025-12-20T03:44:56Z
CRM,2008-05-22,16.38,17.04,15.57,15.68,23382284,66.31,68.97,63.05,63.48,5775400,2025-12-20T03:44:56Z
CRM,2008-05-23,16.55,16.72,16.22,16.35,7250219,67.02,67.69,65.68,66.2,1790800,2025-12-20T03:44:56Z
CRM,2008-05-27,16.86,16.91,16.18,16.38,9404076,68.25,68.48,65.51,66.31,2322800,2025-12-20T03:44:56Z
CRM,2008-05-28,17.33,17.51,16.7,16.92,18231236,70.18,70.9,67.59,68.5,4503100,2025-12-20T03:44:56Z
CRM,2008-05-29,17.66,17.86,16.99,17.29,10534049,71.51,72.32,68.8,70.01,2601900,2025-12-20T03:44:56Z
CRM,2008-05-30,17.86,18.45,17.67,17.67,18314645,72.31,74.7,71.54,71.54,4523700,2025-12-20T03:44:56Z
CRM,2008-06-02,17.61,17.86,17.42,17.78,5788673,71.29,72.33,70.52,72,1429800,2025-12-20T03:44:56Z
CRM,2008-06-03,17.83,17.9,17.46,17.67,6077338,72.19,72.48,70.68,71.55,1501100,2025-12-20T03:44:56Z
CRM,2008-06-04,17.92,18.03,17.76,17.84,7256700,72.55,72.99,71.92,72.24,1792400,2025-12-20T03:44:56Z
CRM,2008-06-05,18.26,18.28,17.57,17.94,6668840,73.92,74,71.12,72.62,1647200,2025-12-20T03:44:56Z
CRM,2008-06-06,17.54,18.11,17.52,18.09,4482601,71.02,73.33,70.94,73.23,1107200,2025-12-20T03:44:56Z
CRM,2008-06-09,17.22,17.75,16.99,17.58,4502050,69.7,71.85,68.77,71.18,1112000,2025-12-20T03:44:56Z
CRM,2008-06-10,17.62,17.67,17.23,17.27,5935249,71.34,71.54,69.77,69.94,1466000,2025-12-20T03:44:56Z
CRM,2008-06-11,17.15,17.7,16.92,17.48,6738493,69.44,71.67,68.51,70.76,1664400,2025-12-20T03:44:56Z
CRM,2008-06-12,17.34,17.39,17.2,17.25,4859533,70.21,70.41,69.65,69.82,1200300,2025-12-20T03:44:56Z
CRM,2008-06-13,17.98,18.17,17.66,17.76,6520659,72.79,73.58,71.5,71.89,1610600,2025-12-20T03:44:56Z
CRM,2008-06-16,17.99,18.15,17.8,17.97,4194341,72.82,73.48,72.05,72.77,1036000,2025-12-20T03:44:56Z
CRM,2008-06-17,17.8,18.13,17.68,18.03,2951830,72.05,73.4,71.58,73,729100,2025-12-20T03:44:56Z
CRM,2008-06-18,17.54,17.99,17.43,17.77,3782209,71.03,72.83,70.55,71.96,934200,2025-12-20T03:44:56Z
CRM,2008-06-19,18.17,18.55,17.5,17.52,7269656,73.55,75.08,70.85,70.93,1795600,2025-12-20T03:44:56Z
CRM,2008-06-20,18.06,18.47,17.82,18.03,5140919,73.1,74.78,72.15,72.98,1269800,2025-12-20T03:44:56Z
CRM,2008-06-23,18.38,18.58,17.94,18.11,5350639,74.43,75.21,72.64,73.31,1321600,2025-12-20T03:44:56Z
CRM,2008-06-24,17.5,18.36,17.44,18.36,9083463,70.86,74.34,70.6,74.34,2243600,2025-12-20T03:44:56Z
CRM,2008-06-25,17.48,17.73,17.32,17.51,5751838,70.75,71.77,70.1,70.88,1420700,2025-12-20T03:44:56Z
CRM,2008-06-26,16.58,17.27,16.44,17.25,10948655,67.13,69.9,66.56,69.84,2704300,2025-12-20T03:44:56Z
CRM,2008-06-27,16.95,17.02,16.43,16.51,7214592,68.62,68.91,66.51,66.86,1782000,2025-12-20T03:44:56Z
CRM,2008-06-30,16.85,17.26,16.82,17.25,5166835,68.23,69.87,68.08,69.83,1276200,2025-12-20T03:44:56Z
CRM,2008-07-01,17.32,17.5,16.35,16.64,7723905,70.12,70.86,66.2,67.38,1907800,2025-12-20T03:44:56Z
CRM,2008-07-02,17.27,17.88,17.24,17.51,6152667,69.9,72.37,69.8,70.88,1519700,2025-12-20T03:44:56Z
CRM,2008-07-03,16.68,17.41,16.27,17.41,4248205,67.53,70.5,65.87,70.5,1049300,2025-12-20T03:44:56Z
CRM,2008-07-07,16.58,17.01,16.21,16.7,4393948,67.14,68.86,65.63,67.61,1085300,2025-12-20T03:44:56Z
CRM,2008-07-08,16.5,16.64,15.6,16.31,9107714,66.82,67.36,63.15,66.02,2249600,2025-12-20T03:44:56Z
CRM,2008-07-09,16.11,16.84,16.05,16.49,4728756,65.22,68.17,64.99,66.76,1168000,2025-12-20T03:44:56Z
CRM,2008-07-10,16.03,16.56,15.87,16.19,6459959,64.9,67.05,64.25,65.54,1595600,2025-12-20T03:44:56Z
CRM,2008-07-11,15.63,16.03,15.23,15.74,6266015,63.28,64.89,61.66,63.71,1547700,2025-12-20T03:44:56Z
CRM,2008-07-14,15.41,16.05,15.36,15.76,5010960,62.37,64.97,62.2,63.8,1237700,2025-12-20T03:44:56Z
CRM,2008-07-15,15.66,15.8,14.84,15.14,8561959,63.39,63.97,60.07,61.31,2114800,2025-12-20T03:44:56Z
CRM,2008-07-16,16.55,16.61,15.53,15.53,10136093,67,67.23,62.89,62.89,2503600,2025-12-20T03:44:56Z
CRM,2008-07-17,17.2,17.29,16.54,16.61,6929165,69.62,69.98,66.96,67.23,1711500,2025-12-20T03:44:56Z
CRM,2008-07-18,17.47,17.52,16.8,17.26,5559944,70.74,70.94,68,69.88,1373300,2025-12-20T03:44:56Z
CRM,2008-07-21,17.14,17.53,16.99,17.4,4777749,69.38,70.98,68.78,70.44,1180100,2025-12-20T03:44:56Z
CRM,2008-07-22,16.22,16.61,15.93,16.59,11204089,65.68,67.23,64.49,67.15,2767400,2025-12-20T03:44:56Z
CRM,2008-07-23,15.95,16.81,15.9,16.13,7589082,64.59,68.06,64.37,65.3,1874500,2025-12-20T03:44:56Z
CRM,2008-07-24,15.67,16.08,15.59,16.08,4213777,63.45,65.09,63.1,65.09,1040800,2025-12-20T03:44:56Z
CRM,2008-07-25,15.75,16.01,15.5,15.68,4128353,63.75,64.82,62.75,63.46,1019700,2025-12-20T03:44:56Z
CRM,2008-07-28,15.47,16.17,15.45,15.75,3937258,62.65,65.45,62.54,63.75,972500,2025-12-20T03:44:56Z
CRM,2008-07-29,15.74,15.92,15.59,15.59,6959936,63.72,64.44,63.1,63.11,1719100,2025-12-20T03:44:56Z
CRM,2008-07-30,16.04,16.05,15.57,15.84,4319058,64.93,64.99,63.03,64.13,1066800,2025-12-20T03:44:56Z
CRM,2008-07-31,15.76,15.96,15.63,15.87,4740090,63.79,64.6,63.29,64.25,1170800,2025-12-20T03:44:56Z
CRM,2008-08-01,15.88,15.9,15.51,15.84,4396364,64.29,64.39,62.79,64.13,1085900,2025-12-20T03:44:56Z
CRM,2008-08-04,16.07,16.1,15.61,15.87,5308518,65.05,65.17,63.2,64.26,1311200,2025-12-20T03:44:56Z
CRM,2008-08-05,16.85,16.95,16.08,16.09,6653469,68.21,68.62,65.09,65.16,1643400,2025-12-20T03:44:56Z
CRM,2008-08-06,16.93,16.99,16.52,16.76,4983436,68.56,68.8,66.9,67.85,1230900,2025-12-20T03:44:56Z
CRM,2008-08-07,16.7,17.13,16.61,16.92,3851831,67.62,69.34,67.26,68.51,951400,2025-12-20T03:44:56Z
CRM,2008-08-08,17.19,17.33,16.55,16.71,8410945,69.59,70.16,67.02,67.65,2077500,2025-12-20T03:44:56Z
CRM,2008-08-11,17.4,17.71,17.11,17.25,6232428,70.43,71.72,69.29,69.86,1539400,2025-12-20T03:44:56Z
CRM,2008-08-12,17.37,17.54,17.17,17.32,5093129,70.32,71,69.52,70.1,1258000,2025-12-20T03:44:56Z
CRM,2008-08-13,17.08,17.32,16.94,17.25,7123502,69.15,70.11,68.57,69.85,1759500,2025-12-20T03:44:56Z
CRM,2008-08-14,16.6,16.88,16.43,16.81,9040102,67.22,68.32,66.54,68.07,2232900,2025-12-20T03:44:56Z
CRM,2008-08-15,16.38,16.91,16.21,16.74,5286661,66.31,68.48,65.61,67.77,1305800,2025-12-20T03:44:56Z
CRM,2008-08-18,15.97,16.45,15.79,16.38,5679380,64.64,66.61,63.91,66.32,1402800,2025-12-20T03:44:56Z
CRM,2008-08-19,16.17,16.31,15.87,15.9,5199614,65.48,66.05,64.25,64.38,1284300,2025-12-20T03:44:56Z
CRM,2008-08-20,16.13,16.55,15.99,16.55,12653115,65.3,66.99,64.75,66.99,3125300,2025-12-20T03:44:56Z
CRM,2008-08-21,13.15,14.44,13.02,14.44,56690499,53.25,58.47,52.73,58.47,14002500,2025-12-20T03:44:56Z
CRM,2008-08-22,13.82,14.02,13.29,13.41,23462095,55.97,56.75,53.8,54.29,5795100,2025-12-20T03:44:56Z
CRM,2008-08-25,13.96,14.19,13.6,13.6,12115479,56.53,57.44,55.07,55.07,2992500,2025-12-20T03:44:56Z
CRM,2008-08-26,13.97,14.38,13.68,14.31,16559538,56.56,58.2,55.39,57.95,4090200,2025-12-20T03:44:56Z
CRM,2008-08-27,14.08,14.29,13.89,13.96,9776566,57.01,57.85,56.22,56.5,2414800,2025-12-20T03:44:56Z
CRM,2008-08-28,14.25,14.27,13.99,14.09,4974124,57.7,57.79,56.66,57.03,1228600,2025-12-20T03:44:56Z
CRM,2008-08-29,13.84,14.07,13.74,13.96,5229975,56.02,56.98,55.62,56.53,1291800,2025-12-20T03:44:56Z
CRM,2008-09-02,13.62,14.2,13.56,13.96,6264395,55.15,57.47,54.9,56.5,1547300,2025-12-20T03:44:56Z
CRM,2008-09-03,13.33,13.81,13.15,13.56,7887080,53.98,55.91,53.26,54.89,1948100,2025-12-20T03:44:56Z
CRM,2008-09-04,13.31,13.41,12.95,13.2,9603716,53.9,54.31,52.41,53.42,2372100,2025-12-20T03:44:56Z
CRM,2008-09-05,13.45,13.5,12.91,13.03,7888693,54.45,54.67,52.28,52.75,1948500,2025-12-20T03:44:56Z
CRM,2008-09-08,13.55,13.84,12.94,13.78,13366850,54.85,56.05,52.38,55.78,3301600,2025-12-20T03:44:56Z
CRM,2008-09-09,12.87,13.79,12.78,13.54,12072563,52.1,55.83,51.72,54.8,2981900,2025-12-20T03:44:56Z
CRM,2008-09-10,13.85,14.11,13.51,13.57,22944989,56.09,57.12,54.7,54.95,5667400,2025-12-20T03:44:56Z
CRM,2008-09-11,14.33,14.35,13.41,13.55,15769339,58,58.1,54.29,54.85,3895000,2025-12-20T03:44:56Z
CRM,2008-09-12,14.13,14.3,13.99,14.26,88394555,57.2,57.89,56.66,57.73,21833300,2025-12-20T03:44:56Z
CRM,2008-09-15,13.54,14.13,13.4,13.4,13250705,54.8,57.2,54.27,54.27,3272900,2025-12-20T03:44:56Z
CRM,2008-09-16,13.89,13.89,13.13,13.29,11462414,56.24,56.24,53.15,53.81,2831200,2025-12-20T03:44:56Z
CRM,2008-09-17,13.17,13.71,13.08,13.5,12268458,53.32,55.5,52.94,54.67,3030300,2025-12-20T03:44:56Z
CRM,2008-09-18,13.66,13.86,12.76,13.22,14655947,55.31,56.11,51.67,53.51,3620000,2025-12-20T03:44:56Z
CRM,2008-09-19,13.79,14.88,13.59,14.14,13780637,55.81,60.24,55.01,57.25,3403800,2025-12-20T03:44:56Z
CRM,2008-09-22,12.94,13.77,12.79,13.77,9507353,52.37,55.75,51.8,55.75,2348300,2025-12-20T03:44:56Z
CRM,2008-09-23,12.9,13.24,12.61,12.77,9432800,52.23,53.61,51.05,51.68,2329900,2025-12-20T03:44:56Z
CRM,2008-09-24,12.59,13.05,12.5,13.05,8164797,50.99,52.83,50.6,52.83,2016700,2025-12-20T03:44:56Z
CRM,2008-09-25,12.85,13.25,12.5,12.66,8202480,52.04,53.65,50.59,51.26,2026000,2025-12-20T03:44:56Z
CRM,2008-09-26,12.51,12.69,12.31,12.47,9273317,50.65,51.36,49.86,50.49,2290500,2025-12-20T03:44:56Z
CRM,2008-09-29,11.06,12.23,10.91,12.12,14697596,44.76,49.5,44.17,49.07,3630300,2025-12-20T03:44:56Z
CRM,2008-09-30,11.95,11.96,10.89,11.38,12911038,48.4,48.4,44.1,46.07,3189000,2025-12-20T03:44:56Z
CRM,2008-10-01,11.46,11.98,11.36,11.8,7390733,46.41,48.5,45.99,47.76,1825500,2025-12-20T03:44:56Z
CRM,2008-10-02,10.91,11.36,10.9,11.24,7606093,44.19,45.98,44.12,45.51,1878700,2025-12-20T03:44:56Z
CRM,2008-10-03,10.27,11.35,10.07,10.12,17305413,41.57,45.93,40.76,40.95,4274400,2025-12-20T03:44:56Z
CRM,2008-10-06,9.98,10.08,9.35,9.8,17306073,40.4,40.81,37.84,39.66,4274600,2025-12-20T03:44:56Z
CRM,2008-10-07,8.88,9.79,8.74,9.58,15939008,35.94,39.64,35.37,38.79,3936900,2025-12-20T03:44:56Z
CRM,2008-10-08,9.02,9.33,8.33,8.37,13108907,36.5,37.76,33.71,33.87,3237900,2025-12-20T03:44:56Z
CRM,2008-10-09,8.39,9.32,8.39,9.02,9507276,33.97,37.74,33.97,36.53,2348300,2025-12-20T03:44:56Z
CRM,2008-10-10,8.04,8.42,7.42,7.64,21836896,32.56,34.09,30.02,30.94,5393700,2025-12-20T03:44:56Z
CRM,2008-10-13,9.32,9.32,8.35,8.52,13924712,37.73,37.73,33.79,34.5,3439400,2025-12-20T03:44:56Z
CRM,2008-10-14,8.87,10.19,8.61,9.92,15289069,35.9,41.25,34.86,40.17,3776400,2025-12-20T03:44:56Z
CRM,2008-10-15,7.64,8.92,7.63,8.92,11385890,30.92,36.13,30.89,36.13,2812300,2025-12-20T03:44:56Z
CRM,2008-10-16,8.03,8.08,7.01,7.82,23612641,32.49,32.73,28.38,31.66,5832300,2025-12-20T03:44:56Z
CRM,2008-10-17,7.8,8.33,7.52,7.77,16241761,31.59,33.72,30.46,31.46,4011700,2025-12-20T03:44:56Z
CRM,2008-10-20,7.86,7.96,7.43,7.9,8651461,31.82,32.21,30.08,32,2136900,2025-12-20T03:44:56Z
CRM,2008-10-21,7.41,7.87,7.36,7.68,13752687,29.99,31.88,29.8,31.11,3396900,2025-12-20T03:44:56Z
CRM,2008-10-22,6.8,7.32,6.66,7.19,16080184,27.53,29.63,26.98,29.12,3971800,2025-12-20T03:44:56Z
CRM,2008-10-23,6.72,7.08,6.34,7.03,14849546,27.21,28.65,25.69,28.46,3667800,2025-12-20T03:44:56Z
CRM,2008-10-24,6.59,6.8,6.03,6.11,12858822,26.68,27.54,24.4,24.73,3176100,2025-12-20T03:44:56Z
CRM,2008-10-27,6.25,6.63,6.22,6.49,8045838,25.31,26.86,25.2,26.28,1987300,2025-12-20T03:44:56Z
CRM,2008-10-28,7.06,7.06,6.09,6.5,12014152,28.57,28.57,24.64,26.31,2967500,2025-12-20T03:44:56Z
CRM,2008-10-29,7.42,7.63,6.82,6.94,12666026,30.06,30.89,27.61,28.1,3128500,2025-12-20T03:44:56Z
CRM,2008-10-30,7.54,7.86,7.34,7.86,11574150,30.52,31.83,29.72,31.83,2858800,2025-12-20T03:44:56Z
CRM,2008-10-31,7.65,7.89,7.19,7.36,9960349,30.96,31.95,29.12,29.8,2460200,2025-12-20T03:44:56Z
CRM,2008-11-03,7.56,7.83,7.32,7.63,4821476,30.59,31.7,29.63,30.91,1190900,2025-12-20T03:44:56Z
CRM,2008-11-04,7.79,7.94,7.63,7.76,7100414,31.53,32.15,30.9,31.43,1753800,2025-12-20T03:44:56Z
CRM,2008-11-05,7.36,7.79,7.25,7.66,9568015,29.8,31.55,29.37,31.02,2363300,2025-12-20T03:44:56Z
CRM,2008-11-06,7,7.46,6.93,7.17,6942154,28.35,30.2,28.07,29.01,1714700,2025-12-20T03:44:56Z
CRM,2008-11-07,7.05,7.13,6.86,7.06,5744955,28.56,28.87,27.79,28.57,1419000,2025-12-20T03:44:56Z
CRM,2008-11-10,7,7.32,6.85,7.25,7701258,28.32,29.65,27.74,29.34,1902200,2025-12-20T03:44:56Z
CRM,2008-11-11,6.61,6.84,6.35,6.76,11205651,26.77,27.69,25.72,27.36,2767800,2025-12-20T03:44:56Z
CRM,2008-11-12,6.01,6.52,5.99,6.46,9908923,24.33,26.41,24.26,26.17,2447500,2025-12-20T03:44:56Z
CRM,2008-11-13,6.76,6.76,5.87,6.17,13889191,27.38,27.38,23.78,24.97,3430600,2025-12-20T03:44:56Z
CRM,2008-11-14,6.52,6.9,6.46,6.51,10773279,26.4,27.92,26.16,26.37,2661000,2025-12-20T03:44:56Z
CRM,2008-11-17,6.32,6.57,6.24,6.46,8215827,25.59,26.61,25.28,26.16,2029300,2025-12-20T03:44:56Z
CRM,2008-11-18,5.88,6.49,5.66,6.25,16537651,23.8,26.28,22.93,25.3,4084800,2025-12-20T03:44:56Z
CRM,2008-11-19,5.42,5.97,5.41,5.9,17807351,21.96,24.16,21.92,23.89,4398400,2025-12-20T03:44:56Z
CRM,2008-11-20,5.64,6.18,5.35,5.35,19721492,22.83,25.03,21.65,21.65,4871200,2025-12-20T03:44:56Z
CRM,2008-11-21,5.51,6.42,5.14,6.42,35185274,22.32,25.98,20.82,25.98,8690700,2025-12-20T03:44:56Z
CRM,2008-11-24,6.57,6.74,5.61,5.75,21482689,26.59,27.3,22.72,23.27,5306200,2025-12-20T03:44:56Z
CRM,2008-11-25,6.41,6.82,6.12,6.77,13130748,25.97,27.59,24.77,27.42,3243300,2025-12-20T03:44:56Z
CRM,2008-11-26,7.14,7.22,6.31,6.31,12991552,28.89,29.22,25.56,25.56,3208900,2025-12-20T03:44:56Z
CRM,2008-11-28,7.07,7.22,6.81,7.22,3072082,28.62,29.24,27.57,29.24,758800,2025-12-20T03:44:56Z
CRM,2008-12-01,6.66,6.78,6.45,6.56,15393638,26.95,27.46,26.13,26.57,3802200,2025-12-20T03:44:56Z
CRM,2008-12-02,7.18,7.19,6.31,6.54,21378511,29.07,29.12,25.53,26.5,5280500,2025-12-20T03:44:56Z
CRM,2008-12-03,7.84,7.92,6.82,6.87,21727152,31.73,32.05,27.62,27.82,5366600,2025-12-20T03:44:56Z
CRM,2008-12-04,7.08,7.97,6.92,7.69,12657876,28.67,32.25,28.03,31.13,3126500,2025-12-20T03:44:56Z
CRM,2008-12-05,7.7,7.76,6.96,7.04,12136064,31.16,31.41,28.19,28.48,2997600,2025-12-20T03:44:56Z
CRM,2008-12-08,8.61,8.61,8.01,8.01,16068974,34.84,34.87,32.42,32.43,3969000,2025-12-20T03:44:56Z
CRM,2008-12-09,8.23,9,8.15,8.43,15481121,33.34,36.45,33,34.13,3823800,2025-12-20T03:44:56Z
CRM,2008-12-10,8.54,8.6,8.07,8.28,8327184,34.58,34.81,32.67,33.52,2056800,2025-12-20T03:44:56Z
CRM,2008-12-11,7.78,8.55,7.71,8.55,7221927,31.51,34.62,31.21,34.62,1783800,2025-12-20T03:44:56Z
CRM,2008-12-12,7.89,7.91,7.42,7.66,7051056,31.95,32.04,30.04,31,1741600,2025-12-20T03:44:56Z
CRM,2008-12-15,7.54,7.93,7.36,7.93,5638513,30.51,32.1,29.8,32.1,1392700,2025-12-20T03:44:56Z
CRM,2008-12-16,8.08,8.08,7.59,7.7,6895580,32.72,32.72,30.72,31.18,1703200,2025-12-20T03:44:56Z
CRM,2008-12-17,8.2,8.34,7.93,8,6100449,33.18,33.78,32.1,32.4,1506800,2025-12-20T03:44:56Z
CRM,2008-12-18,7.94,8.34,7.78,8.21,8883052,32.15,33.76,31.48,33.26,2194100,2025-12-20T03:44:56Z
CRM,2008-12-19,7.98,8.32,7.85,8.08,8963157,32.3,33.68,31.79,32.7,2213900,2025-12-20T03:44:56Z
CRM,2008-12-22,7.68,7.99,7.46,7.99,5017023,31.09,32.34,30.2,32.33,1239200,2025-12-20T03:44:56Z
CRM,2008-12-23,7.8,8.02,7.75,7.92,5334048,31.58,32.46,31.37,32.08,1317500,2025-12-20T03:44:56Z
CRM,2008-12-24,7.79,7.85,7.71,7.79,979763,31.55,31.77,31.22,31.54,242000,2025-12-20T03:44:56Z
CRM,2008-12-26,7.76,7.81,7.55,7.81,1645757,31.42,31.63,30.58,31.63,406500,2025-12-20T03:44:56Z
CRM,2008-12-29,7.64,7.76,7.48,7.69,2724699,30.93,31.41,30.29,31.13,673000,2025-12-20T03:44:56Z
CRM,2008-12-30,7.65,7.74,7.56,7.71,4350618,30.96,31.33,30.6,31.2,1074600,2025-12-20T03:44:56Z
CRM,2008-12-31,7.91,8.03,7.62,7.62,5432436,32.01,32.52,30.83,30.85,1341800,2025-12-20T03:44:56Z
CRM,2009-01-02,8.4,8.45,7.82,7.93,4118238,34.02,34.2,31.65,32.1,1017200,2025-12-20T03:44:56Z
CRM,2009-01-05,8.24,8.48,8.15,8.28,7534861,33.35,34.34,33.01,33.53,1861100,2025-12-20T03:44:56Z
CRM,2009-01-06,8.55,8.7,8.19,8.43,6012145,34.6,35.23,33.14,34.13,1485000,2025-12-20T03:44:56Z
CRM,2009-01-07,7.9,8.39,7.84,8.34,5715789,32,33.95,31.74,33.75,1411800,2025-12-20T03:44:56Z
CRM,2009-01-08,8.13,8.15,7.77,7.98,4838907,32.91,33,31.45,32.29,1195200,2025-12-20T03:44:56Z
CRM,2009-01-09,7.79,8.1,7.59,8.06,6463166,31.53,32.79,30.72,32.64,1596400,2025-12-20T03:44:56Z
CRM,2009-01-12,7.62,7.78,7.53,7.76,3758729,30.85,31.49,30.47,31.4,928400,2025-12-20T03:44:56Z
CRM,2009-01-13,7.32,7.71,7.16,7.47,12142930,29.63,31.22,28.98,30.24,2999300,2025-12-20T03:44:56Z
CRM,2009-01-14,6.88,7.25,6.74,7.25,11474121,27.86,29.37,27.29,29.37,2834100,2025-12-20T03:44:56Z
CRM,2009-01-15,6.84,7.1,6.69,6.95,11740537,27.69,28.74,27.07,28.14,2899900,2025-12-20T03:44:56Z
CRM,2009-01-16,6.95,7.02,6.49,7.01,13174512,28.13,28.43,26.28,28.39,3254100,2025-12-20T03:44:56Z
CRM,2009-01-20,6.44,7,6.4,6.89,11577714,26.07,28.36,25.9,27.88,2859700,2025-12-20T03:44:56Z
CRM,2009-01-21,6.81,6.83,6.38,6.69,9353022,27.57,27.67,25.83,27.09,2310200,2025-12-20T03:44:56Z
CRM,2009-01-22,6.54,6.65,6.43,6.63,7461605,26.48,26.93,26.03,26.85,1843000,2025-12-20T03:44:56Z
CRM,2009-01-23,6.69,6.81,6.4,6.4,6152659,27.09,27.57,25.91,25.91,1519700,2025-12-20T03:44:56Z
CRM,2009-01-26,6.79,7.05,6.65,6.72,9385829,27.5,28.56,26.93,27.2,2318300,2025-12-20T03:44:56Z
CRM,2009-01-27,6.77,6.88,6.59,6.8,7414575,27.4,27.85,26.7,27.52,1831400,2025-12-20T03:44:56Z
CRM,2009-01-28,7.26,7.39,6.94,6.94,12193976,29.39,29.93,28.1,28.11,3011900,2025-12-20T03:44:56Z
CRM,2009-01-29,6.82,7.2,6.78,7.2,8155870,27.6,29.14,27.43,29.14,2014500,2025-12-20T03:44:56Z
CRM,2009-01-30,6.57,6.94,6.54,6.88,6243791,26.61,28.08,26.5,27.84,1542200,2025-12-20T03:44:56Z
CRM,2009-02-02,6.58,6.63,6.41,6.54,9383777,26.64,26.86,25.95,26.5,2317800,2025-12-20T03:44:56Z
CRM,2009-02-03,7.41,7.46,6.72,6.72,19109312,30,30.2,27.19,27.19,4720000,2025-12-20T03:44:56Z
CRM,2009-02-04,7.24,7.49,7.15,7.42,9165599,29.33,30.33,28.93,30.02,2263900,2025-12-20T03:44:56Z
CRM,2009-02-05,7.59,7.69,7.04,7.11,10665643,30.72,31.14,28.52,28.79,2634400,2025-12-20T03:44:56Z
CRM,2009-02-06,7.17,7.41,6.83,7.39,30067541,29.04,30,27.66,29.93,7426600,2025-12-20T03:44:56Z
CRM,2009-02-09,7.14,7.4,7.1,7.11,9384668,28.92,29.96,28.75,28.8,2318000,2025-12-20T03:44:56Z
CRM,2009-02-10,6.63,7.18,6.54,7.14,21762917,26.85,29.09,26.49,28.91,5375400,2025-12-20T03:44:56Z
CRM,2009-02-11,6.73,6.92,6.55,6.71,13534028,27.23,28,26.51,27.17,3342900,2025-12-20T03:44:56Z
CRM,2009-02-12,6.69,6.7,6.48,6.65,9544214,27.08,27.14,26.23,26.92,2357400,2025-12-20T03:44:56Z
CRM,2009-02-13,6.63,6.75,6.55,6.67,11419063,26.86,27.32,26.51,27.01,2820500,2025-12-20T03:44:56Z
CRM,2009-02-17,6.41,6.57,6.33,6.57,11003609,25.94,26.59,25.64,26.59,2717900,2025-12-20T03:44:56Z
CRM,2009-02-18,6.37,6.52,6.35,6.52,12459899,25.77,26.38,25.71,26.38,3077600,2025-12-20T03:44:56Z
CRM,2009-02-19,6.4,6.54,6.34,6.49,14442127,25.93,26.48,25.68,26.29,3567200,2025-12-20T03:44:56Z
CRM,2009-02-20,6.43,6.47,6.22,6.31,17033330,26.05,26.18,25.19,25.55,4207200,2025-12-20T03:44:56Z
CRM,2009-02-23,6.42,6.57,6.3,6.56,16248178,26,26.61,25.51,26.55,4013300,2025-12-20T03:44:56Z
CRM,2009-02-24,6.79,6.86,6.28,6.36,14349371,27.47,27.78,25.44,25.73,3544300,2025-12-20T03:44:56Z
CRM,2009-02-25,6.94,6.97,6.7,6.79,28419030,28.1,28.22,27.12,27.47,7019500,2025-12-20T03:44:56Z
CRM,2009-02-26,7.05,7.08,6.45,6.96,33353679,28.55,28.68,26.1,28.2,8238300,2025-12-20T03:44:56Z
CRM,2009-02-27,6.92,7.24,6.82,6.9,15791903,28,29.32,27.59,27.95,3900600,2025-12-20T03:44:56Z
CRM,2009-03-02,6.75,6.91,6.68,6.8,9325156,27.32,27.96,27.03,27.52,2303300,2025-12-20T03:44:56Z
CRM,2009-03-03,6.96,7.09,6.77,6.8,10802460,28.16,28.7,27.4,27.55,2668200,2025-12-20T03:44:56Z
CRM,2009-03-04,7.41,7.56,7.07,7.1,12931648,30.02,30.61,28.63,28.73,3194100,2025-12-20T03:44:56Z
CRM,2009-03-05,7.44,7.65,7.25,7.28,11717019,30.13,30.97,29.37,29.48,2894100,2025-12-20T03:44:56Z
CRM,2009-03-06,7.43,7.58,7.13,7.46,11572859,30.07,30.7,28.88,30.21,2858500,2025-12-20T03:44:56Z
CRM,2009-03-09,7.63,7.79,7.34,7.35,13017055,30.89,31.52,29.7,29.75,3215200,2025-12-20T03:44:56Z
CRM,2009-03-10,8.03,8.05,7.67,7.76,17214236,32.49,32.58,31.07,31.4,4251900,2025-12-20T03:44:56Z
CRM,2009-03-11,8.23,8.36,8.06,8.1,16143340,33.33,33.86,32.64,32.8,3987400,2025-12-20T03:44:56Z
CRM,2009-03-12,8.36,8.39,7.93,8.33,11939299,33.86,33.97,32.11,33.73,2949000,2025-12-20T03:44:56Z
CRM,2009-03-13,8.1,8.37,7.92,8.36,13937298,32.79,33.88,32.08,33.86,3442500,2025-12-20T03:44:56Z
CRM,2009-03-16,7.97,8.19,7.85,8.12,10683388,32.27,33.15,31.77,32.88,2638800,2025-12-20T03:44:56Z
CRM,2009-03-17,8.39,8.39,7.95,8.07,7693134,33.96,33.96,32.17,32.68,1900200,2025-12-20T03:44:56Z
CRM,2009-03-18,8.64,8.75,8.26,8.29,12400490,34.98,35.42,33.45,33.56,3062900,2025-12-20T03:44:56Z
CRM,2009-03-19,8.78,8.9,8.67,8.77,9511017,35.54,36.03,35.09,35.49,2349200,2025-12-20T03:44:56Z
CRM,2009-03-20,8.59,8.89,8.49,8.84,16306919,34.76,36,34.39,35.8,4027800,2025-12-20T03:44:56Z
CRM,2009-03-23,9.15,9.15,8.64,8.86,10082196,37.03,37.03,35,35.87,2490300,2025-12-20T03:44:56Z
CRM,2009-03-24,8.63,9.03,8.52,9.03,12282242,34.92,36.57,34.51,36.54,3033700,2025-12-20T03:44:56Z
CRM,2009-03-25,8.43,8.43,7.91,8.26,14513429,34.12,34.12,32.01,33.44,3584800,2025-12-20T03:44:56Z
CRM,2009-03-26,8.82,8.86,8.46,8.51,9498050,35.71,35.88,34.25,34.45,2346000,2025-12-20T03:44:56Z
CRM,2009-03-27,8.42,8.71,8.31,8.69,7559163,34.08,35.25,33.66,35.19,1867100,2025-12-20T03:44:56Z
CRM,2009-03-30,8.04,8.33,7.97,8.3,7019829,32.57,33.73,32.28,33.61,1733900,2025-12-20T03:44:56Z
CRM,2009-03-31,8.08,8.28,7.97,8.06,8341305,32.73,33.52,32.27,32.65,2060300,2025-12-20T03:44:56Z
CRM,2009-04-01,8.07,8.13,7.41,7.72,13926771,32.69,32.9,30,31.26,3439900,2025-12-20T03:44:56Z
CRM,2009-04-02,8.44,8.63,8.2,8.2,9181836,34.15,34.96,33.18,33.18,2267900,2025-12-20T03:44:56Z
CRM,2009-04-03,9.21,9.21,8.43,8.43,14409047,37.27,37.28,34.13,34.13,3559000,2025-12-20T03:44:56Z
CRM,2009-04-06,9.01,9.16,8.81,9.05,6205709,36.48,37.07,35.68,36.64,1532800,2025-12-20T03:44:56Z
CRM,2009-04-07,9.05,9.27,8.95,9.07,8207323,36.62,37.52,36.23,36.72,2027200,2025-12-20T03:44:56Z
CRM,2009-04-08,9.23,9.35,9.1,9.17,7004904,37.38,37.85,36.86,37.12,1730200,2025-12-20T03:44:56Z
CRM,2009-04-09,9.24,9.26,8.83,8.98,9516195,37.4,37.49,35.75,36.36,2350500,2025-12-20T03:44:56Z
CRM,2009-04-13,9.45,9.62,9.35,9.53,10934876,38.25,38.94,37.85,38.6,2700900,2025-12-20T03:44:56Z
CRM,2009-04-14,9.37,9.63,9.3,9.35,8269670,37.92,38.98,37.67,37.86,2042600,2025-12-20T03:44:56Z
CRM,2009-04-15,9.23,9.3,9.07,9.29,3751425,37.36,37.66,36.73,37.63,926600,2025-12-20T03:44:56Z
CRM,2009-04-16,9.34,9.41,9.02,9.34,5664396,37.82,38.08,36.53,37.83,1399100,2025-12-20T03:44:56Z
CRM,2009-04-17,9.47,9.58,9.32,9.33,5648994,38.33,38.79,37.74,37.76,1395300,2025-12-20T03:44:56Z
CRM,2009-04-20,9.13,9.26,8.92,9.26,8220260,36.96,37.5,36.11,37.5,2030400,2025-12-20T03:44:56Z
CRM,2009-04-21,9.58,9.59,9.08,9.08,8103668,38.79,38.84,36.75,36.77,2001600,2025-12-20T03:44:56Z
CRM,2009-04-22,9.88,10.06,9.43,9.55,9992712,40,40.75,38.18,38.67,2468200,2025-12-20T03:44:56Z
CRM,2009-04-23,9.7,9.8,9.4,9.78,10289132,39.28,39.67,38.05,39.61,2541400,2025-12-20T03:44:56Z
CRM,2009-04-24,9.92,10,9.67,9.78,8379428,40.17,40.48,39.16,39.59,2069700,2025-12-20T03:44:56Z
CRM,2009-04-27,10.04,10.16,9.65,9.75,7928784,40.65,41.15,39.06,39.49,1958400,2025-12-20T03:44:56Z
CRM,2009-04-28,10.02,10.11,9.84,9.92,4920272,40.58,40.91,39.84,40.15,1215300,2025-12-20T03:44:56Z
CRM,2009-04-29,10.24,10.36,10,10.05,5575757,41.47,41.95,40.49,40.7,1377200,2025-12-20T03:44:56Z
CRM,2009-04-30,10.57,10.64,10.29,10.37,10932865,42.81,43.08,41.68,41.97,2700400,2025-12-20T03:44:56Z
CRM,2009-05-01,10.23,10.56,10.17,10.41,5678176,41.41,42.75,41.16,42.16,1402500,2025-12-20T03:44:56Z
CRM,2009-05-04,10.78,10.78,10.37,10.37,8938875,43.63,43.63,41.97,41.97,2207900,2025-12-20T03:44:56Z
CRM,2009-05-05,11.09,11.12,10.65,10.77,11762349,44.9,45,43.12,43.61,2905300,2025-12-20T03:44:56Z
CRM,2009-05-06,10.84,11.24,10.75,11.14,8280634,43.87,45.49,43.53,45.11,2045300,2025-12-20T03:44:56Z
CRM,2009-05-07,10.17,10.95,10.12,10.95,10307753,41.18,44.33,40.97,44.33,2546000,2025-12-20T03:44:56Z
CRM,2009-05-08,10.14,10.44,10.04,10.31,6975763,41.04,42.27,40.65,41.75,1723000,2025-12-20T03:44:56Z
CRM,2009-05-11,10.19,10.35,9.93,9.94,6710990,41.27,41.92,40.19,40.23,1657600,2025-12-20T03:44:56Z
CRM,2009-05-12,10.09,10.32,9.97,10.31,5573733,40.87,41.79,40.37,41.73,1376700,2025-12-20T03:44:56Z
CRM,2009-05-13,9.64,9.99,9.55,9.96,6878997,39.01,40.44,38.67,40.31,1699100,2025-12-20T03:44:56Z
CRM,2009-05-14,9.82,9.92,9.57,9.67,6961601,39.77,40.15,38.73,39.16,1719500,2025-12-20T03:44:56Z
CRM,2009-05-15,9.93,10.12,9.81,9.88,5881376,40.2,40.98,39.7,40,1452700,2025-12-20T03:44:56Z
CRM,2009-05-18,9.98,10.24,9.82,10.01,7207287,40.4,41.46,39.77,40.53,1780200,2025-12-20T03:44:56Z
CRM,2009-05-19,10.13,10.25,9.85,9.96,9828379,41.02,41.49,39.89,40.33,2427600,2025-12-20T03:44:56Z
CRM,2009-05-20,9.95,10.39,9.89,10.14,7293182,40.27,42.05,40.03,41.07,1801400,2025-12-20T03:44:56Z
CRM,2009-05-21,9.79,9.98,9.69,9.92,14493596,39.65,40.41,39.22,40.17,3579900,2025-12-20T03:44:56Z
CRM,2009-05-22,8.93,9.21,8.67,8.96,36964985,36.15,37.29,35.1,36.28,9130300,2025-12-20T03:44:56Z
CRM,2009-05-26,9.26,9.38,8.68,9.01,11215789,37.5,37.98,35.13,36.46,2770300,2025-12-20T03:44:56Z
CRM,2009-05-27,9.02,9.32,8.97,9.23,9339675,36.5,37.72,36.31,37.36,2306900,2025-12-20T03:44:56Z
CRM,2009-05-28,9.33,9.43,8.97,9.04,11937362,37.77,38.16,36.3,36.58,2948500,2025-12-20T03:44:56Z
CRM,2009-05-29,9.37,9.39,9.12,9.27,8690330,37.95,38,36.92,37.54,2146500,2025-12-20T03:44:56Z
CRM,2009-06-01,9.83,9.86,9.47,9.47,8138511,39.78,39.92,38.36,38.36,2010200,2025-12-20T03:44:56Z
CRM,2009-06-02,9.7,9.87,9.64,9.8,6542118,39.26,39.96,39.04,39.68,1615900,2025-12-20T03:44:56Z
CRM,2009-06-03,9.7,9.71,9.47,9.64,9626375,39.28,39.32,38.33,39.04,2377700,2025-12-20T03:44:56Z
CRM,2009-06-04,9.7,9.91,9.59,9.74,12626837,39.27,40.12,38.81,39.42,3118800,2025-12-20T03:44:56Z
CRM,2009-06-05,9.67,9.88,9.65,9.8,11911753,39.13,40,39.07,39.69,2942200,2025-12-20T03:44:56Z
CRM,2009-06-08,9.56,9.72,9.49,9.63,10087117,38.71,39.35,38.41,38.97,2491500,2025-12-20T03:44:56Z
CRM,2009-06-09,9.78,9.87,9.56,9.63,8460780,39.58,39.96,38.72,39.01,2089800,2025-12-20T03:44:56Z
CRM,2009-06-10,9.87,9.93,9.73,9.88,15439008,39.97,40.2,39.38,39.99,3813400,2025-12-20T03:44:56Z
CRM,2009-06-11,10.28,10.31,9.88,9.88,10861942,41.6,41.75,40,40,2682900,2025-12-20T03:44:56Z
CRM,2009-06-12,10.28,10.28,9.98,10.27,4623886,41.6,41.6,40.41,41.56,1142100,2025-12-20T03:44:56Z
CRM,2009-06-15,10.04,10.18,9.91,10.13,5397576,40.63,41.2,40.14,41,1333200,2025-12-20T03:44:56Z
CRM,2009-06-16,9.87,10.17,9.85,10.16,7138880,39.96,41.18,39.87,41.14,1763300,2025-12-20T03:44:56Z
CRM,2009-06-17,10,10.16,9.83,9.92,5259109,40.5,41.14,39.81,40.15,1299000,2025-12-20T03:44:56Z
CRM,2009-06-18,9.92,10.1,9.76,10.1,4973289,40.16,40.87,39.51,40.87,1228400,2025-12-20T03:44:56Z
CRM,2009-06-19,9.86,10.06,9.81,9.94,6282230,39.91,40.73,39.7,40.24,1551700,2025-12-20T03:44:56Z
CRM,2009-06-22,9.21,9.69,9.21,9.67,8537651,37.3,39.21,37.3,39.16,2108800,2025-12-20T03:44:56Z
CRM,2009-06-23,9.34,9.37,8.99,9.26,9420314,37.81,37.94,36.38,37.48,2326800,2025-12-20T03:44:56Z
CRM,2009-06-24,9.69,9.76,9.39,9.45,8842583,39.24,39.5,38,38.24,2184100,2025-12-20T03:44:56Z
CRM,2009-06-25,9.83,9.83,9.46,9.63,5796796,39.78,39.81,38.28,39,1431800,2025-12-20T03:44:56Z
CRM,2009-06-26,9.61,9.82,9.51,9.78,5114612,38.91,39.74,38.51,39.59,1263300,2025-12-20T03:44:56Z
CRM,2009-06-29,9.61,9.64,9.48,9.63,4237682,38.91,39.05,38.37,39,1046700,2025-12-20T03:44:56Z
CRM,2009-06-30,9.43,9.67,9.37,9.62,7374158,38.17,39.15,37.95,38.95,1821400,2025-12-20T03:44:56Z
CRM,2009-07-01,9.61,9.71,9.39,9.51,4957526,38.91,39.31,38,38.51,1224500,2025-12-20T03:44:56Z
CRM,2009-07-02,9.43,9.57,9.33,9.47,5749404,38.16,38.76,37.78,38.36,1420100,2025-12-20T03:44:56Z
CRM,2009-07-06,9.16,9.38,9.09,9.29,9909377,37.08,37.96,36.8,37.63,2447600,2025-12-20T03:44:56Z
CRM,2009-07-07,8.79,9.25,8.77,9.11,10610514,35.57,37.44,35.49,36.89,2620800,2025-12-20T03:44:56Z
CRM,2009-07-08,9.02,9.05,8.71,8.73,10702833,36.5,36.63,35.27,35.33,2643600,2025-12-20T03:44:56Z
CRM,2009-07-09,9.09,9.21,9,9.1,5061155,36.82,37.3,36.45,36.84,1250100,2025-12-20T03:44:56Z
CRM,2009-07-10,9.2,9.25,8.99,9.03,3604055,37.26,37.45,36.4,36.54,890200,2025-12-20T03:44:56Z
CRM,2009-07-13,9.44,9.44,9.21,9.27,6753470,38.22,38.23,37.28,37.51,1668100,2025-12-20T03:44:56Z
CRM,2009-07-14,9.42,9.45,9.32,9.43,4457932,38.14,38.26,37.73,38.16,1101100,2025-12-20T03:44:56Z
CRM,2009-07-15,9.81,9.85,9.49,9.62,5631579,39.7,39.88,38.43,38.93,1391000,2025-12-20T03:44:56Z
CRM,2009-07-16,9.9,9.95,9.67,9.71,5240113,40.08,40.28,39.15,39.3,1294300,2025-12-20T03:44:56Z
CRM,2009-07-17,10.09,10.13,9.87,9.9,4496391,40.84,41.02,39.94,40.07,1110600,2025-12-20T03:44:56Z
CRM,2009-07-20,10.31,10.33,10.11,10.19,5008507,41.73,41.82,40.92,41.25,1237100,2025-12-20T03:44:56Z
CRM,2009-07-21,10.33,10.37,10.2,10.31,3839297,41.81,42,41.3,41.73,948300,2025-12-20T03:44:56Z
CRM,2009-07-22,10.49,10.52,10.17,10.31,5150651,42.47,42.57,41.18,41.76,1272200,2025-12-20T03:44:56Z
CRM,2009-07-23,10.91,10.94,10.44,10.51,6217459,44.17,44.31,42.27,42.55,1535700,2025-12-20T03:44:56Z
CRM,2009-07-24,11.15,11.16,10.77,10.77,7640086,45.13,45.18,43.61,43.62,1887100,2025-12-20T03:44:56Z
CRM,2009-07-27,11,11.15,10.94,11.13,4406914,44.54,45.13,44.31,45.05,1088500,2025-12-20T03:44:56Z
CRM,2009-07-28,10.76,10.88,10.62,10.67,6529971,43.56,44.04,43.01,43.19,1612900,2025-12-20T03:44:56Z
CRM,2009-07-29,10.67,10.76,10.56,10.68,4298392,43.19,43.56,42.74,43.22,1061700,2025-12-20T03:44:56Z
CRM,2009-07-30,10.8,10.99,10.7,10.7,6609317,43.73,44.5,43.33,43.33,1632500,2025-12-20T03:44:56Z
CRM,2009-07-31,10.7,10.91,10.68,10.82,4313797,43.34,44.16,43.24,43.81,1065500,2025-12-20T03:44:56Z
CRM,2009-08-03,11.03,11.04,10.75,10.86,4084622,44.66,44.7,43.53,43.95,1008900,2025-12-20T03:44:56Z
CRM,2009-08-04,11.24,11.34,10.88,10.93,5437261,45.49,45.91,44.04,44.23,1343000,2025-12-20T03:44:56Z
CRM,2009-08-05,11.14,11.34,11.03,11.29,6250202,45.1,45.9,44.65,45.71,1543800,2025-12-20T03:44:56Z
CRM,2009-08-06,11.21,11.25,11.08,11.13,5385468,45.37,45.53,44.87,45.05,1330200,2025-12-20T03:44:56Z
CRM,2009-08-07,11.54,11.67,11.34,11.36,9122274,46.73,47.23,45.9,46,2253200,2025-12-20T03:44:56Z
CRM,2009-08-10,11.31,11.65,11.3,11.56,5348192,45.79,47.17,45.75,46.79,1321000,2025-12-20T03:44:56Z
CRM,2009-08-11,11.06,11.36,11.03,11.31,3526730,44.79,46,44.65,45.79,871100,2025-12-20T03:44:56Z
CRM,2009-08-12,11.88,11.98,11.16,11.17,17964074,48.11,48.5,45.2,45.21,4437100,2025-12-20T03:44:56Z
CRM,2009-08-13,11.85,11.96,11.69,11.88,9450226,47.99,48.44,47.31,48.08,2334200,2025-12-20T03:44:56Z
CRM,2009-08-14,11.64,11.93,11.56,11.86,4842526,47.12,48.31,46.81,48.02,1196100,2025-12-20T03:44:56Z
CRM,2009-08-17,11.1,11.51,11.08,11.51,6662396,44.94,46.59,44.85,46.59,1645600,2025-12-20T03:44:56Z
CRM,2009-08-18,10.94,11.18,10.81,11.16,10188664,44.3,45.25,43.75,45.17,2516600,2025-12-20T03:44:56Z
CRM,2009-08-19,11.12,11.17,10.71,10.81,9035287,45.04,45.21,43.38,43.76,2231700,2025-12-20T03:44:56Z
CRM,2009-08-20,11.41,11.52,11.15,11.17,16635715,46.18,46.63,45.15,45.24,4109000,2025-12-20T03:44:56Z
CRM,2009-08-21,13.26,13.32,12.68,12.76,38678398,53.67,53.94,51.34,51.65,9553500,2025-12-20T03:44:56Z
CRM,2009-08-24,13.04,13.59,12.89,13.39,17767287,52.78,55,52.2,54.2,4388500,2025-12-20T03:44:56Z
CRM,2009-08-25,12.92,13.09,12.69,12.69,12425601,52.3,52.99,51.39,51.39,3069100,2025-12-20T03:44:56Z
CRM,2009-08-26,13.06,13.09,12.81,12.93,5768055,52.87,53,51.88,52.34,1424700,2025-12-20T03:44:56Z
CRM,2009-08-27,13.01,13.05,12.78,13.03,7863192,52.68,52.84,51.75,52.77,1942200,2025-12-20T03:44:56Z
CRM,2009-08-28,12.91,13.2,12.83,13.04,7475332,52.25,53.42,51.95,52.78,1846400,2025-12-20T03:44:56Z
CRM,2009-08-31,12.81,12.84,12.67,12.79,6940939,51.87,51.97,51.28,51.8,1714400,2025-12-20T03:44:56Z
CRM,2009-09-01,12.63,13.06,12.54,12.72,9891155,51.14,52.89,50.76,51.5,2443100,2025-12-20T03:44:56Z
CRM,2009-09-02,12.74,12.79,12.56,12.57,5539279,51.56,51.78,50.87,50.9,1368200,2025-12-20T03:44:56Z
CRM,2009-09-03,12.93,12.96,12.66,12.86,6569255,52.35,52.46,51.25,52.06,1622600,2025-12-20T03:44:56Z
CRM,2009-09-04,13.04,13.1,12.89,12.92,5838101,52.8,53.04,52.19,52.3,1442000,2025-12-20T03:44:56Z
CRM,2009-09-08,13.45,13.45,13.07,13.11,7698814,54.45,54.45,52.91,53.08,1901600,2025-12-20T03:44:56Z
CRM,2009-09-09,13.7,13.81,13.35,13.49,8892751,55.48,55.91,54.04,54.62,2196500,2025-12-20T03:44:56Z
CRM,2009-09-10,13.94,13.94,13.59,13.76,9093952,56.42,56.42,55,55.7,2246200,2025-12-20T03:44:56Z
CRM,2009-09-11,14.31,14.58,14.01,14.01,13472102,57.92,59.04,56.73,56.73,3327600,2025-12-20T03:44:56Z
CRM,2009-09-14,14.2,14.31,14.03,14.21,6261983,57.47,57.92,56.82,57.53,1546700,2025-12-20T03:44:56Z
CRM,2009-09-15,14.01,14.26,13.96,14.11,11881064,56.73,57.75,56.52,57.13,2934600,2025-12-20T03:44:56Z
CRM,2009-09-16,14.17,14.19,13.94,14.11,8515819,57.35,57.43,56.45,57.13,2103400,2025-12-20T03:44:56Z
CRM,2009-09-17,14.46,14.54,14.09,14.16,11466460,58.54,58.85,57.05,57.33,2832200,2025-12-20T03:44:56Z
CRM,2009-09-18,14.37,14.59,14.35,14.53,8487097,58.17,59.07,58.08,58.82,2096300,2025-12-20T03:44:56Z
CRM,2009-09-21,14.1,14.5,13.98,14.3,6929989,57.08,58.69,56.61,57.9,1711700,2025-12-20T03:44:56Z
CRM,2009-09-22,14.05,14.27,14.02,14.17,5752668,56.87,57.77,56.77,57.36,1420900,2025-12-20T03:44:56Z
CRM,2009-09-23,14.21,14.53,14.06,14.14,6178577,57.54,58.81,56.91,57.26,1526100,2025-12-20T03:44:56Z
CRM,2009-09-24,13.86,14.3,13.84,14.28,4393958,56.1,57.91,56.04,57.82,1085300,2025-12-20T03:44:56Z
CRM,2009-09-25,13.6,13.89,13.52,13.86,7128755,55.06,56.25,54.74,56.1,1760800,2025-12-20T03:44:56Z
CRM,2009-09-28,14.2,14.2,13.65,13.67,7897216,57.47,57.47,55.25,55.35,1950600,2025-12-20T03:44:56Z
CRM,2009-09-29,14.12,14.28,14.03,14.18,4718630,57.16,57.81,56.78,57.4,1165500,2025-12-20T03:44:56Z
CRM,2009-09-30,14.06,14.26,13.83,14.11,7191554,56.93,57.72,56,57.13,1776300,2025-12-20T03:44:56Z
CRM,2009-10-01,13.47,14.07,13.47,13.98,6271278,54.55,56.95,54.55,56.62,1549000,2025-12-20T03:44:56Z
CRM,2009-10-02,13.46,13.59,13.35,13.46,5508530,54.51,55,54.06,54.5,1360600,2025-12-20T03:44:56Z
CRM,2009-10-05,13.94,14,13.41,13.51,6096778,56.42,56.67,54.29,54.69,1505900,2025-12-20T03:44:56Z
CRM,2009-10-06,14.47,14.57,13.99,14.07,10747840,58.57,58.99,56.65,56.97,2654700,2025-12-20T03:44:56Z
CRM,2009-10-07,14.43,14.67,14.24,14.46,4947395,58.44,59.4,57.64,58.56,1222000,2025-12-20T03:44:56Z
CRM,2009-10-08,14.91,15.09,14.56,14.56,9557907,60.36,61.08,58.93,58.93,2360800,2025-12-20T03:44:56Z
CRM,2009-10-09,15.06,15.06,14.82,14.94,4679785,60.97,60.98,59.99,60.49,1155900,2025-12-20T03:44:56Z
CRM,2009-10-12,15.18,15.39,15.06,15.1,6353074,61.47,62.3,60.99,61.14,1569200,2025-12-20T03:44:56Z
CRM,2009-10-13,15.1,15.26,15.01,15.14,4437684,61.13,61.79,60.78,61.31,1096100,2025-12-20T03:44:56Z
CRM,2009-10-14,15.44,15.47,15.23,15.41,5858715,62.49,62.64,61.67,62.41,1447100,2025-12-20T03:44:56Z
CRM,2009-10-15,15.56,15.56,15.19,15.31,4549005,62.98,62.98,61.51,62,1123600,2025-12-20T03:44:56Z
CRM,2009-10-16,15.4,15.5,15.16,15.2,4091908,62.36,62.74,61.39,61.52,1010700,2025-12-20T03:44:56Z
CRM,2009-10-19,15.53,15.65,15.38,15.39,2748598,62.87,63.37,62.25,62.3,678900,2025-12-20T03:44:56Z
CRM,2009-10-20,15.35,15.58,15.21,15.58,3857097,62.15,63.06,61.59,63.06,952700,2025-12-20T03:44:56Z
CRM,2009-10-21,15.68,16.05,15.34,15.44,8906899,63.49,65,62.1,62.5,2200000,2025-12-20T03:44:56Z
CRM,2009-10-22,15.48,15.68,15.26,15.68,4138079,62.67,63.5,61.79,63.5,1022100,2025-12-20T03:44:56Z
CRM,2009-10-23,15.59,15.85,15.53,15.58,5814994,63.12,64.15,62.86,63.08,1436300,2025-12-20T03:44:56Z
CRM,2009-10-26,15.17,15.69,15.05,15.65,5623901,61.42,63.51,60.93,63.38,1389100,2025-12-20T03:44:56Z
CRM,2009-10-27,14.66,15.27,14.39,15.19,11461149,59.36,61.81,58.28,61.49,2830900,2025-12-20T03:44:56Z
CRM,2009-10-28,14.31,14.62,14.29,14.52,6551840,57.92,59.19,57.87,58.8,1618300,2025-12-20T03:44:56Z
CRM,2009-10-29,14.74,14.87,14.36,14.46,5407699,59.66,60.19,58.12,58.55,1335700,2025-12-20T03:44:56Z
CRM,2009-10-30,14.02,14.82,13.97,14.82,6657108,56.75,60,56.55,60,1644300,2025-12-20T03:44:56Z
CRM,2009-11-02,14.28,14.5,13.87,14.06,7313801,57.81,58.69,56.17,56.91,1806500,2025-12-20T03:44:56Z
CRM,2009-11-03,14.47,14.51,14,14.09,5380172,58.59,58.73,56.68,57.03,1328900,2025-12-20T03:44:56Z
CRM,2009-11-04,14.51,14.79,14.43,14.51,4916606,58.76,59.86,58.41,58.76,1214400,2025-12-20T03:44:56Z
CRM,2009-11-05,14.98,15.06,14.64,14.7,5019065,60.63,60.96,59.29,59.51,1239700,2025-12-20T03:44:56Z
CRM,2009-11-06,15.07,15.26,14.82,14.85,4395566,61.01,61.8,60.02,60.11,1085700,2025-12-20T03:44:56Z
CRM,2009-11-09,15.68,15.73,15.41,15.44,6942928,63.49,63.67,62.38,62.49,1714900,2025-12-20T03:44:56Z
CRM,2009-11-10,15.73,16.05,15.59,15.64,6424732,63.67,64.96,63.1,63.34,1586900,2025-12-20T03:44:56Z
CRM,2009-11-11,15.69,15.98,15.52,15.96,7242560,63.53,64.7,62.85,64.61,1788900,2025-12-20T03:44:56Z
CRM,2009-11-12,15.54,15.91,15.5,15.74,5611777,62.9,64.4,62.74,63.73,1386100,2025-12-20T03:44:56Z
CRM,2009-11-13,16.33,16.34,15.64,15.96,9677798,66.13,66.15,63.33,64.62,2390400,2025-12-20T03:44:56Z
CRM,2009-11-16,16.51,16.73,16.37,16.38,9599624,66.85,67.72,66.27,66.32,2371100,2025-12-20T03:44:56Z
CRM,2009-11-17,16.21,16.6,15.93,16.6,16806551,65.61,67.22,64.5,67.21,4151200,2025-12-20T03:44:56Z
CRM,2009-11-18,15.71,15.93,15.26,15.74,24572983,63.61,64.49,61.78,63.73,6069500,2025-12-20T03:44:56Z
CRM,2009-11-19,15.46,15.65,15.28,15.65,6832010,62.58,63.36,61.85,63.36,1687500,2025-12-20T03:44:56Z
CRM,2009-11-20,15.45,15.49,15.25,15.33,5768833,62.56,62.73,61.75,62.07,1424900,2025-12-20T03:44:56Z
CRM,2009-11-23,15.93,15.99,15.56,15.62,7085873,64.5,64.74,63.01,63.26,1750200,2025-12-20T03:44:56Z
CRM,2009-11-24,16.16,16.18,15.83,16.08,7532830,65.44,65.51,64.09,65.09,1860600,2025-12-20T03:44:56Z
CRM,2009-11-25,16.08,16.19,15.95,16.09,3648184,65.09,65.55,64.57,65.16,901100,2025-12-20T03:44:56Z
CRM,2009-11-27,15.62,15.85,15.15,15.29,4925926,63.25,64.15,61.35,61.91,1216700,2025-12-20T03:44:56Z
CRM,2009-11-30,15.48,15.55,15.3,15.52,5825528,62.68,62.94,61.93,62.84,1438900,2025-12-20T03:44:56Z
CRM,2009-12-01,15.89,15.94,15.41,15.48,4374504,64.32,64.55,62.38,62.67,1080500,2025-12-20T03:44:56Z
CRM,2009-12-02,15.99,16.11,15.83,15.84,3580575,64.72,65.24,64.09,64.14,884400,2025-12-20T03:44:56Z
CRM,2009-12-03,15.98,16.23,15.96,16.05,3816201,64.69,65.71,64.61,64.99,942600,2025-12-20T03:44:56Z
CRM,2009-12-04,16.29,16.41,15.97,16.23,5920665,65.95,66.43,64.65,65.71,1462400,2025-12-20T03:44:56Z
CRM,2009-12-07,16.27,16.36,16.16,16.33,3699615,65.87,66.25,65.42,66.13,913800,2025-12-20T03:44:56Z
CRM,2009-12-08,15.84,16.12,15.81,16.08,7026351,64.14,65.28,64,65.1,1735500,2025-12-20T03:44:56Z
CRM,2009-12-09,15.75,15.89,15.54,15.85,4651848,63.77,64.33,62.92,64.16,1149000,2025-12-20T03:44:56Z
CRM,2009-12-10,15.98,16.05,15.81,15.86,4036040,64.69,64.99,64.01,64.2,996900,2025-12-20T03:44:56Z
CRM,2009-12-11,15.63,16.03,15.37,16.03,7063571,63.26,64.89,62.24,64.89,1744700,2025-12-20T03:44:56Z
CRM,2009-12-14,16.04,16.08,15.54,15.8,5460337,64.92,65.09,62.93,63.96,1348700,2025-12-20T03:44:56Z
CRM,2009-12-15,16.07,16.14,15.83,16,3555485,65.07,65.33,64.1,64.76,878200,2025-12-20T03:44:56Z
CRM,2009-12-16,16.25,16.35,16.04,16.12,5905284,65.78,66.18,64.93,65.28,1458600,2025-12-20T03:44:56Z
CRM,2009-12-17,16.03,16.2,15.96,16.18,4146169,64.88,65.57,64.61,65.51,1024100,2025-12-20T03:44:56Z
CRM,2009-12-18,16.77,16.78,16.11,16.18,14023531,67.88,67.93,65.24,65.5,3463800,2025-12-20T03:44:56Z
CRM,2009-12-21,17.22,17.25,16.65,16.79,8778967,69.72,69.86,67.42,67.97,2168400,2025-12-20T03:44:56Z
CRM,2009-12-22,17.61,17.72,16.96,17.03,10442974,71.3,71.75,68.68,68.96,2579400,2025-12-20T03:44:56Z
CRM,2009-12-23,17.93,18.01,17.49,17.61,7520284,72.6,72.9,70.81,71.31,1857500,2025-12-20T03:44:56Z
CRM,2009-12-24,17.95,18.01,17.83,18.01,3110142,72.66,72.93,72.17,72.93,768200,2025-12-20T03:44:56Z
CRM,2009-12-28,18.18,18.22,17.89,17.89,6743740,73.62,73.77,72.41,72.41,1665700,2025-12-20T03:44:56Z
CRM,2009-12-29,18.44,18.51,18.14,18.2,7940923,74.64,74.95,73.43,73.67,1961400,2025-12-20T03:44:56Z
CRM,2009-12-30,18.28,18.34,18,18.34,12272090,74.02,74.26,72.86,74.26,3031200,2025-12-20T03:44:56Z
CRM,2009-12-31,18.22,18.37,18.17,18.3,5502051,73.77,74.36,73.55,74.08,1359000,2025-12-20T03:44:56Z
CRM,2010-01-04,18.48,18.66,18.32,18.43,8004471,74.82,75.53,74.19,74.61,1977100,2025-12-20T03:44:56Z
CRM,2010-01-05,18.4,18.52,17.98,18.39,8039315,74.5,75,72.8,74.45,1985700,2025-12-20T03:44:56Z
CRM,2010-01-06,18.37,18.52,18.27,18.46,5184236,74.37,75,73.98,74.75,1280500,2025-12-20T03:44:56Z
CRM,2010-01-07,18.29,18.51,18.16,18.41,4900021,74.04,74.95,73.54,74.52,1210300,2025-12-20T03:44:56Z
CRM,2010-01-08,18.32,18.36,18.09,18.3,5576938,74.15,74.35,73.26,74.07,1377500,2025-12-20T03:44:56Z
CRM,2010-01-11,18.19,18.45,17.98,18.36,6390706,73.65,74.7,72.79,74.34,1578500,2025-12-20T03:44:56Z
CRM,2010-01-12,16.87,17.41,16.86,17.4,21309755,68.29,70.49,68.26,70.44,5263500,2025-12-20T03:44:56Z
CRM,2010-01-13,16.92,16.99,16.54,16.86,20900123,68.5,68.79,66.97,68.28,5162300,2025-12-20T03:44:56Z
CRM,2010-01-14,17.09,17.22,16.92,16.92,10526334,69.19,69.73,68.49,68.49,2600000,2025-12-20T03:44:56Z
CRM,2010-01-15,16.95,17.18,16.82,17.05,8668476,68.63,69.55,68.1,69.05,2141100,2025-12-20T03:44:56Z
CRM,2010-01-19,17.17,17.26,16.83,16.94,6328376,69.5,69.87,68.15,68.59,1563100,2025-12-20T03:44:56Z
CRM,2010-01-20,16.93,17.09,16.67,16.99,7347793,68.55,69.17,67.5,68.8,1814900,2025-12-20T03:44:56Z
