ticker,tradeDate,clsPx,hiPx,loPx,open,stockVolume,unadjClsPx,unadjHiPx,unadjLoPx,unadjOpen,unadjStockVolume,updatedAt
CVX,2006-01-03,27.15,27.16,26.22,26.31,28935331,59.08,59.1,57.06,57.25,13296000,2026-02-21T03:45:41Z
CVX,2006-01-04,27.07,27.15,26.85,27.15,19235367,58.91,59.08,58.43,59.08,8838800,2026-02-21T03:45:41Z
CVX,2006-01-05,26.74,27.09,26.58,26.96,18791382,58.19,58.96,57.85,58.68,8634800,2026-02-21T03:45:41Z
CVX,2006-01-06,27.23,27.37,26.92,27.09,20911456,59.25,59.57,58.59,58.95,9609000,2026-02-21T03:45:41Z
CVX,2006-01-09,27.09,27.38,26.9,27.34,14019994,58.95,59.58,58.55,59.49,6442300,2026-02-21T03:45:41Z
CVX,2006-01-10,27.22,27.33,27,27,15166848,59.24,59.48,58.75,58.76,6969300,2026-02-21T03:45:41Z
CVX,2006-01-11,27.5,27.57,26.95,27.21,14039560,59.84,60,58.65,59.22,6451300,2026-02-21T03:45:41Z
CVX,2006-01-12,27.52,27.84,27.39,27.57,16398429,59.89,60.59,59.61,60,7535200,2026-02-21T03:45:41Z
CVX,2006-01-13,27.74,27.86,27.46,27.52,12769746,60.36,60.62,59.75,59.89,5867800,2026-02-21T03:45:41Z
CVX,2006-01-17,28.43,28.44,27.9,27.98,19046000,61.86,61.9,60.72,60.9,8751800,2026-02-21T03:45:41Z
CVX,2006-01-18,27.98,28.49,27.78,28.48,19773061,60.9,62,60.46,61.98,9085900,2026-02-21T03:45:41Z
CVX,2006-01-19,28.31,28.38,27.67,27.75,17146377,61.6,61.75,60.21,60.4,7878900,2026-02-21T03:45:41Z
CVX,2006-01-20,28.09,28.69,27.92,28.49,24354334,61.12,62.43,60.75,62,11191000,2026-02-21T03:45:41Z
CVX,2006-01-23,28.59,28.66,27.81,28.07,19505205,62.21,62.38,60.52,61.09,8962800,2026-02-21T03:45:41Z
CVX,2006-01-24,28.51,28.82,28.4,28.51,18280620,62.05,62.72,61.8,62.05,8400100,2026-02-21T03:45:41Z
CVX,2006-01-25,28.15,28.74,27.81,28.63,27087411,61.26,62.55,60.53,62.3,12446900,2026-02-21T03:45:41Z
CVX,2006-01-26,27.67,28.26,27.62,28.26,31392023,60.22,61.5,60.11,61.5,14424900,2026-02-21T03:45:41Z
CVX,2006-01-27,27.75,27.92,27.48,27.62,36316661,60.38,60.76,59.8,60.1,16687800,2026-02-21T03:45:41Z
CVX,2006-01-30,27.92,27.96,27.48,27.96,27475049,60.75,60.85,59.81,60.85,12625000,2026-02-21T03:45:41Z
CVX,2006-01-31,27.29,27.85,27.24,27.76,33226170,59.38,60.6,59.27,60.41,15267700,2026-02-21T03:45:41Z
CVX,2006-02-01,26.97,27.48,26.93,27.29,24213741,58.7,59.8,58.6,59.38,11126400,2026-02-21T03:45:41Z
CVX,2006-02-02,26.89,27.13,26.54,26.98,19896725,58.51,59.05,57.75,58.71,9142700,2026-02-21T03:45:41Z
CVX,2006-02-03,26.42,26.97,26.36,26.71,24536687,57.5,58.69,57.37,58.12,11274800,2026-02-21T03:45:41Z
CVX,2006-02-06,27.04,27.3,26.65,26.65,21565200,58.84,59.42,58,58,9909400,2026-02-21T03:45:41Z
CVX,2006-02-07,26.53,26.9,26.47,26.9,21606583,57.74,58.54,57.6,58.54,9928400,2026-02-21T03:45:41Z
CVX,2006-02-08,26.6,26.73,26.1,26.53,21605949,57.89,58.18,56.8,57.74,9928100,2026-02-21T03:45:41Z
CVX,2006-02-09,26.15,27.1,26.07,26.71,24304478,56.9,58.97,56.73,58.12,11168100,2026-02-21T03:45:41Z
CVX,2006-02-10,26.01,26.83,25.73,26.34,26399052,56.61,58.39,56,57.32,12130600,2026-02-21T03:45:41Z
CVX,2006-02-13,26.02,26.76,25.89,26.02,17614670,56.62,58.24,56.35,56.63,8094100,2026-02-21T03:45:41Z
CVX,2006-02-14,25.81,26.08,25.67,25.87,26829426,55.72,56.3,55.41,55.85,12427100,2026-02-21T03:45:41Z
CVX,2006-02-15,25.92,26.11,25.71,25.87,25782521,55.96,56.37,55.5,55.85,11942200,2026-02-21T03:45:41Z
CVX,2006-02-16,26.08,26.21,25.92,25.99,22900965,56.3,56.59,55.96,56.1,10607500,2026-02-21T03:45:41Z
CVX,2006-02-17,26.48,26.58,26.08,26.3,23517410,57.17,57.39,56.3,56.78,10893000,2026-02-21T03:45:41Z
CVX,2006-02-21,26.82,27.05,26.63,26.86,20737496,57.9,58.4,57.49,57.99,9605400,2026-02-21T03:45:41Z
CVX,2006-02-22,26.51,26.82,26.36,26.82,16458686,57.24,57.9,56.91,57.9,7623500,2026-02-21T03:45:41Z
CVX,2006-02-23,26.47,26.75,26.31,26.45,19933994,57.14,57.75,56.79,57.1,9233200,2026-02-21T03:45:41Z
CVX,2006-02-24,26.7,26.85,26.59,26.66,18263782,57.65,57.97,57.4,57.56,8459600,2026-02-21T03:45:41Z
CVX,2006-02-27,26.45,26.74,26.43,26.7,13401221,57.1,57.72,57.05,57.65,6207300,2026-02-21T03:45:41Z
CVX,2006-02-28,26.16,26.33,26.05,26.26,19125032,56.48,56.84,56.23,56.69,8858500,2026-02-21T03:45:41Z
CVX,2006-03-01,26.51,26.54,26.23,26.27,15958675,57.24,57.29,56.63,56.72,7391900,2026-02-21T03:45:41Z
CVX,2006-03-02,26.41,26.68,26.17,26.51,21713169,57.01,57.59,56.5,57.24,10057300,2026-02-21T03:45:41Z
CVX,2006-03-03,26.39,26.61,26.25,26.32,20776383,56.97,57.44,56.67,56.82,9623400,2026-02-21T03:45:41Z
CVX,2006-03-06,25.87,26.34,25.85,26.29,20945664,55.85,56.86,55.81,56.75,9701800,2026-02-21T03:45:41Z
CVX,2006-03-07,25.62,25.91,25.45,25.87,23280143,55.32,55.94,54.95,55.85,10783100,2026-02-21T03:45:41Z
CVX,2006-03-08,25.53,25.77,25.08,25.62,30636494,55.12,55.63,54.15,55.32,14190500,2026-02-21T03:45:41Z
CVX,2006-03-09,25.22,25.75,25.22,25.69,25316388,54.45,55.6,54.45,55.47,11726300,2026-02-21T03:45:41Z
CVX,2006-03-10,25.05,25.29,24.9,25.08,23995351,54.08,54.6,53.76,54.15,11114400,2026-02-21T03:45:41Z
CVX,2006-03-13,25.56,25.65,25.13,25.26,22854574,55.18,55.38,54.26,54.53,10586000,2026-02-21T03:45:41Z
CVX,2006-03-14,26.1,26.16,25.49,25.57,21875086,56.35,56.47,55.03,55.2,10132300,2026-02-21T03:45:41Z
CVX,2006-03-15,26.17,26.22,25.79,26.17,18871546,56.5,56.6,55.68,56.5,8741100,2026-02-21T03:45:41Z
CVX,2006-03-16,26.74,26.88,26.07,26.18,24294772,57.74,58.03,56.28,56.51,11253100,2026-02-21T03:45:41Z
CVX,2006-03-17,26.49,26.88,26.41,26.86,20263609,57.18,58.04,57.02,57.98,9385900,2026-02-21T03:45:41Z
CVX,2006-03-20,26.29,26.6,26.24,26.4,14847489,56.75,57.43,56.65,57,6877200,2026-02-21T03:45:41Z
CVX,2006-03-21,26.2,26.45,26.01,26.22,13453256,56.57,57.1,56.15,56.6,6231400,2026-02-21T03:45:41Z
CVX,2006-03-22,26.17,26.51,26.05,26.13,13813772,56.49,57.24,56.25,56.42,6398400,2026-02-21T03:45:41Z
CVX,2006-03-23,26.23,26.34,26.03,26.24,15935608,56.63,56.87,56.2,56.66,7381200,2026-02-21T03:45:41Z
CVX,2006-03-24,26.67,26.77,26.24,26.26,20598496,57.57,57.8,56.65,56.7,9541000,2026-02-21T03:45:41Z
CVX,2006-03-27,26.96,27.06,26.56,26.8,15751845,58.21,58.42,57.33,57.85,7296100,2026-02-21T03:45:41Z
CVX,2006-03-28,26.8,27.27,26.78,27.06,18892299,57.86,58.87,57.82,58.41,8750700,2026-02-21T03:45:41Z
CVX,2006-03-29,27.16,27.25,26.66,26.66,16068154,58.63,58.83,57.55,57.55,7442600,2026-02-21T03:45:41Z
CVX,2006-03-30,27.1,27.46,27.05,27.21,14575901,58.51,59.29,58.4,58.75,6751400,2026-02-21T03:45:41Z
CVX,2006-03-31,26.85,27.06,26.71,26.99,15896730,57.97,58.42,57.66,58.26,7363200,2026-02-21T03:45:41Z
CVX,2006-04-03,27.02,27.42,26.97,27.03,14939013,58.34,59.2,58.23,58.35,6919600,2026-02-21T03:45:41Z
CVX,2006-04-04,27.29,27.4,26.89,27.03,12513018,58.91,59.15,58.06,58.35,5795900,2026-02-21T03:45:41Z
CVX,2006-04-05,27.56,27.56,27.15,27.29,14833225,59.5,59.51,58.61,58.91,6870600,2026-02-21T03:45:41Z
CVX,2006-04-06,27.52,27.72,27.31,27.63,11252624,59.41,59.84,58.96,59.65,5212100,2026-02-21T03:45:41Z
CVX,2006-04-07,27.17,27.65,27.05,27.64,14891078,58.65,59.69,58.39,59.68,6897400,2026-02-21T03:45:41Z
CVX,2006-04-10,27.66,27.71,27.38,27.39,15858075,59.72,59.82,59.11,59.14,7345300,2026-02-21T03:45:41Z
CVX,2006-04-11,27.54,28.04,27.46,27.75,16142016,59.46,60.53,59.28,59.9,7476800,2026-02-21T03:45:41Z
CVX,2006-04-12,27.18,27.68,26.98,27.43,15409690,58.67,59.76,58.25,59.21,7137600,2026-02-21T03:45:41Z
CVX,2006-04-13,27.23,27.31,26.87,27.05,11334876,58.78,58.95,58,58.4,5250200,2026-02-21T03:45:41Z
CVX,2006-04-17,27.48,27.55,27.33,27.41,11058108,59.32,59.48,59,59.18,5122000,2026-02-21T03:45:41Z
CVX,2006-04-18,28.19,28.24,27.72,27.72,19901389,60.87,60.96,59.85,59.85,9218100,2026-02-21T03:45:41Z
CVX,2006-04-19,28.26,28.45,27.84,28.02,17755578,61.01,61.43,60.11,60.49,8224200,2026-02-21T03:45:41Z
CVX,2006-04-20,27.81,28.22,27.51,28.12,19378869,60.03,60.93,59.39,60.7,8976100,2026-02-21T03:45:41Z
CVX,2006-04-21,28.48,28.49,27.84,28.01,23643229,61.48,61.51,60.11,60.47,10951300,2026-02-21T03:45:41Z
CVX,2006-04-24,28.25,28.57,28.15,28.52,24721870,60.99,61.69,60.77,61.57,11450900,2026-02-21T03:45:41Z
CVX,2006-04-25,27.98,28.69,27.82,28.44,20368320,60.41,61.94,60.06,61.39,9434400,2026-02-21T03:45:41Z
CVX,2006-04-26,27.89,28.62,27.79,27.99,24348325,60.22,61.79,60,60.43,11277900,2026-02-21T03:45:41Z
CVX,2006-04-27,27.78,28.25,27.19,27.63,21068487,59.98,60.98,58.7,59.65,9758700,2026-02-21T03:45:41Z
CVX,2006-04-28,28.26,28.44,27.98,28.02,19188060,61.02,61.39,60.4,60.5,8887700,2026-02-21T03:45:41Z
CVX,2006-05-01,28.33,28.72,28.31,28.54,15600526,61.17,62,61.11,61.62,7226000,2026-02-21T03:45:41Z
CVX,2006-05-02,29.09,29.16,28.44,28.52,18146136,62.8,62.95,61.39,61.57,8405100,2026-02-21T03:45:41Z
CVX,2006-05-03,28.67,29.06,28.45,29.06,18748934,61.9,62.74,61.42,62.74,8684300,2026-02-21T03:45:41Z
CVX,2006-05-04,28.72,28.93,28.28,28.53,21234036,62,62.45,61.05,61.6,9835400,2026-02-21T03:45:41Z
CVX,2006-05-05,28.88,29.14,28.71,28.94,18713268,62.35,62.9,61.98,62.48,8667800,2026-02-21T03:45:41Z
CVX,2006-05-08,28.72,28.88,28.38,28.72,14035929,62.01,62.35,61.28,62,6501300,2026-02-21T03:45:41Z
CVX,2006-05-09,29.12,29.26,28.67,28.7,32821977,62.86,63.18,61.89,61.96,15202800,2026-02-21T03:45:41Z
CVX,2006-05-10,29.13,29.16,28.77,29.09,22294296,62.88,62.96,62.12,62.81,10326500,2026-02-21T03:45:41Z
CVX,2006-05-11,29.05,29.48,28.95,29.27,28030440,62.71,63.65,62.5,63.19,12983400,2026-02-21T03:45:41Z
CVX,2006-05-12,28.43,29.09,28.33,29.07,26502086,61.38,62.81,61.17,62.75,12275500,2026-02-21T03:45:41Z
CVX,2006-05-15,28.05,28.53,27.77,27.98,25948085,60.56,61.6,59.96,60.41,12018900,2026-02-21T03:45:41Z
CVX,2006-05-16,28.26,28.63,28,28.16,20384115,61.02,61.82,60.45,60.8,9441700,2026-02-21T03:45:41Z
CVX,2006-05-17,27.54,28.47,27.23,28.04,23564226,58.94,60.93,58.28,60.02,11008500,2026-02-21T03:45:41Z
CVX,2006-05-18,27.42,27.87,27.42,27.54,18887543,58.7,59.65,58.7,58.94,8823700,2026-02-21T03:45:41Z
CVX,2006-05-19,27.32,27.7,26.83,27.43,24417386,58.47,59.3,57.43,58.71,11407100,2026-02-21T03:45:41Z
CVX,2006-05-22,27.2,27.45,26.64,27.1,22347703,58.22,58.75,57.02,58,10440200,2026-02-21T03:45:41Z
CVX,2006-05-23,27.14,27.84,27.07,27.55,18195929,58.1,59.6,57.95,58.97,8500600,2026-02-21T03:45:41Z
CVX,2006-05-24,26.91,27.33,26.46,27.02,28454515,57.6,58.51,56.63,57.84,13293100,2026-02-21T03:45:41Z
CVX,2006-05-25,27.79,27.91,27.11,27.31,23719155,59.49,59.74,58.03,58.45,11080900,2026-02-21T03:45:41Z
CVX,2006-05-26,27.95,28,27.66,27.84,11399697,59.83,59.93,59.21,59.6,5325600,2026-02-21T03:45:41Z
CVX,2006-05-30,27.31,28.07,27.29,28.03,16742933,58.45,60.08,58.41,60,7821800,2026-02-21T03:45:41Z
CVX,2006-05-31,27.93,27.95,27.32,27.32,26337944,59.79,59.83,58.47,58.47,12304300,2026-02-21T03:45:41Z
CVX,2006-06-01,28.02,28.12,27.59,27.88,24619693,59.98,60.2,59.06,59.67,11501600,2026-02-21T03:45:41Z
CVX,2006-06-02,28.38,28.43,27.95,28.22,24402018,60.75,60.85,59.83,60.41,11399900,2026-02-21T03:45:41Z
CVX,2006-06-05,27.73,28.63,27.71,28.62,18676671,59.35,61.29,59.32,61.26,8725200,2026-02-21T03:45:41Z
CVX,2006-06-06,27.53,27.9,27.33,27.73,22592574,58.93,59.72,58.5,59.36,10554600,2026-02-21T03:45:41Z
CVX,2006-06-07,26.71,27.9,26.7,27.43,29556701,57.17,59.71,57.16,58.71,13808000,2026-02-21T03:45:41Z
CVX,2006-06-08,27.03,27.1,25.89,26.52,32677345,57.86,58,55.41,56.77,15265900,2026-02-21T03:45:41Z
CVX,2006-06-09,26.88,27.25,26.78,27.08,27540711,57.53,58.32,57.32,57.96,12866200,2026-02-21T03:45:41Z
CVX,2006-06-12,26.9,27.29,26.77,27.04,23138403,57.59,58.41,57.3,57.88,10809600,2026-02-21T03:45:41Z
CVX,2006-06-13,26.53,27.17,26.48,26.9,31520659,56.78,58.16,56.69,57.59,14725500,2026-02-21T03:45:41Z
CVX,2006-06-14,27.02,27.03,26.58,26.7,21379110,57.83,57.85,56.9,57.15,9987700,2026-02-21T03:45:41Z
CVX,2006-06-15,27.76,27.91,27.2,27.24,25258177,59.43,59.74,58.22,58.3,11799900,2026-02-21T03:45:41Z
CVX,2006-06-16,27.43,27.71,27.14,27.61,26745246,58.71,59.31,58.1,59.1,12494600,2026-02-21T03:45:41Z
CVX,2006-06-19,26.87,27.43,26.68,27.43,17429807,57.51,58.72,57.11,58.72,8142700,2026-02-21T03:45:41Z
CVX,2006-06-20,26.87,27.27,26.83,26.98,17121569,57.51,58.38,57.43,57.76,7998700,2026-02-21T03:45:41Z
CVX,2006-06-21,27.23,27.65,26.86,26.87,17167605,58.28,59.19,57.49,57.52,8020200,2026-02-21T03:45:41Z
CVX,2006-06-22,27.4,27.55,27.08,27.3,13468541,58.66,58.97,57.97,58.44,6292100,2026-02-21T03:45:41Z
CVX,2006-06-23,27.43,27.69,27.4,27.45,14039617,58.71,59.28,58.66,58.76,6558900,2026-02-21T03:45:41Z
CVX,2006-06-26,27.88,27.96,27.34,27.43,12565022,59.68,59.85,58.52,58.72,5870000,2026-02-21T03:45:41Z
CVX,2006-06-27,28.08,28.68,28.01,28.03,16669899,60.1,61.39,59.96,60,7787700,2026-02-21T03:45:41Z
CVX,2006-06-28,28.67,28.72,28.19,28.19,17775725,61.36,61.48,60.35,60.35,8304300,2026-02-21T03:45:41Z
CVX,2006-06-29,29.17,29.42,28.74,28.77,21379131,62.45,62.98,61.52,61.58,9987700,2026-02-21T03:45:41Z
CVX,2006-06-30,28.99,29.29,28.94,29.18,17965819,62.06,62.7,61.95,62.45,8393100,2026-02-21T03:45:41Z
CVX,2006-07-03,29.32,29.43,29.09,29.09,6706747,62.75,63,62.26,62.27,3133200,2026-02-21T03:45:41Z
CVX,2006-07-05,29.84,29.91,29.22,29.32,21183239,63.88,64.03,62.55,62.76,9896200,2026-02-21T03:45:41Z
CVX,2006-07-06,29.89,30.18,29.75,29.84,18054416,63.98,64.6,63.68,63.88,8434500,2026-02-21T03:45:41Z
CVX,2006-07-07,29.75,30.37,29.59,29.97,19177592,63.68,65,63.33,64.15,8959200,2026-02-21T03:45:41Z
CVX,2006-07-10,30.03,30.13,29.61,29.71,13499116,64.27,64.5,63.39,63.6,6306400,2026-02-21T03:45:41Z
CVX,2006-07-11,30.51,30.62,30.14,30.15,18784812,65.3,65.54,64.52,64.53,8775700,2026-02-21T03:45:41Z
CVX,2006-07-12,30.31,30.78,30.13,30.62,20763692,64.87,65.89,64.5,65.55,9700200,2026-02-21T03:45:41Z
CVX,2006-07-13,30.34,30.74,30.32,30.39,21837388,64.94,65.81,64.89,65.06,10201800,2026-02-21T03:45:41Z
CVX,2006-07-14,31.01,31.2,30.57,30.59,31959399,66.38,66.79,65.44,65.48,14930500,2026-02-21T03:45:41Z
CVX,2006-07-17,30.31,30.99,30.15,30.7,22993065,64.87,66.34,64.53,65.71,10741700,2026-02-21T03:45:41Z
CVX,2006-07-18,30.62,30.87,30.27,30.55,18579957,65.55,66.07,64.79,65.4,8680000,2026-02-21T03:45:41Z
CVX,2006-07-19,30.83,30.99,30.39,30.62,21333310,65.99,66.34,65.06,65.55,9966300,2026-02-21T03:45:41Z
CVX,2006-07-20,30.52,30.95,30.46,30.86,17910578,65.32,66.24,65.2,66.05,8367300,2026-02-21T03:45:41Z
CVX,2006-07-21,30.11,30.73,30.09,30.73,21593856,64.45,65.78,64.41,65.78,10088000,2026-02-21T03:45:41Z
CVX,2006-07-24,30.96,31.13,30.2,30.2,17913153,66.27,66.64,64.65,64.65,8368500,2026-02-21T03:45:41Z
CVX,2006-07-25,31.28,31.38,30.74,31.03,17866475,66.95,67.16,65.8,66.42,8346700,2026-02-21T03:45:41Z
CVX,2006-07-26,31.53,31.77,31.18,31.28,17914877,67.5,68.01,66.75,66.96,8369300,2026-02-21T03:45:41Z
CVX,2006-07-27,31.64,31.99,31.55,31.97,19836201,67.73,68.47,67.54,68.44,9266900,2026-02-21T03:45:41Z
CVX,2006-07-28,30.86,31.04,30.33,30.97,32841771,66.05,66.45,64.93,66.3,15342700,2026-02-21T03:45:41Z
CVX,2006-07-31,30.73,30.92,30.48,30.69,19610383,65.78,66.19,65.25,65.7,9161400,2026-02-21T03:45:41Z
CVX,2006-08-01,30.95,31.04,30.49,30.7,15494743,66.25,66.45,65.26,65.72,7238700,2026-02-21T03:45:41Z
CVX,2006-08-02,30.82,31.34,30.73,31.07,21490040,65.97,67.08,65.78,66.5,10039500,2026-02-21T03:45:41Z
CVX,2006-08-03,30.6,30.9,30.6,30.71,22223554,65.5,66.14,65.5,65.74,10382200,2026-02-21T03:45:41Z
CVX,2006-08-04,30.67,30.85,30.35,30.82,16324884,65.66,66.04,64.96,65.97,7626500,2026-02-21T03:45:41Z
CVX,2006-08-07,31.22,31.31,30.74,30.8,19750822,66.83,67.03,65.81,65.92,9227000,2026-02-21T03:45:41Z
CVX,2006-08-08,31.39,31.5,31.17,31.23,18290299,67.2,67.43,66.71,66.84,8544700,2026-02-21T03:45:41Z
CVX,2006-08-09,31.52,31.88,31.45,31.54,22914306,67.48,68.24,67.32,67.51,10704900,2026-02-21T03:45:41Z
CVX,2006-08-10,31.46,31.62,31.23,31.44,18903610,67.35,67.69,66.85,67.29,8831200,2026-02-21T03:45:41Z
CVX,2006-08-11,31.7,31.76,31.35,31.46,10936055,67.85,67.99,67.11,67.35,5109000,2026-02-21T03:45:41Z
CVX,2006-08-14,31.32,31.59,31.03,31.53,13401524,67.05,67.61,66.42,67.5,6260800,2026-02-21T03:45:41Z
CVX,2006-08-15,31.24,31.65,31.07,31.65,15583185,66.86,67.75,66.5,67.75,7280000,2026-02-21T03:45:41Z
CVX,2006-08-16,30.8,31.55,30.58,31.55,20107970,65.41,67,64.95,67,9467500,2026-02-21T03:45:41Z
CVX,2006-08-17,31.15,31.16,30.52,30.52,25461685,66.15,66.17,64.82,64.82,11988200,2026-02-21T03:45:41Z
CVX,2006-08-18,31.67,31.69,31.15,31.24,19275642,67.26,67.31,66.16,66.35,9075600,2026-02-21T03:45:41Z
CVX,2006-08-21,31.49,31.81,31.42,31.74,16852907,66.89,67.55,66.73,67.42,7934900,2026-02-21T03:45:41Z
CVX,2006-08-22,31.33,31.44,31.17,31.36,14637903,66.55,66.78,66.21,66.6,6892000,2026-02-21T03:45:41Z
CVX,2006-08-23,30.92,31.38,30.8,31.28,16084266,65.68,66.64,65.42,66.44,7573000,2026-02-21T03:45:41Z
CVX,2006-08-24,31.42,31.42,30.9,30.92,11334163,66.73,66.73,65.62,65.68,5336500,2026-02-21T03:45:41Z
CVX,2006-08-25,31.44,31.78,31.41,31.45,9237675,66.77,67.49,66.71,66.8,4349400,2026-02-21T03:45:41Z
CVX,2006-08-28,31.15,31.31,31.01,31.22,11573960,66.16,66.5,65.86,66.31,5449400,2026-02-21T03:45:41Z
CVX,2006-08-29,30.95,31.08,30.67,31.06,15151899,65.74,66,65.13,65.97,7134000,2026-02-21T03:45:41Z
CVX,2006-08-30,30.69,31.02,30.2,30.96,19550885,65.19,65.88,64.15,65.75,9205200,2026-02-21T03:45:41Z
CVX,2006-08-31,30.32,30.69,30.3,30.69,14038332,64.4,65.19,64.35,65.19,6609700,2026-02-21T03:45:41Z
CVX,2006-09-01,30.52,30.56,30.27,30.47,13332330,64.83,64.9,64.29,64.72,6277300,2026-02-21T03:45:41Z
CVX,2006-09-05,31.24,31.62,30.77,30.95,28342162,66.34,67.15,65.35,65.73,13344400,2026-02-21T03:45:41Z
CVX,2006-09-06,30.71,31.25,30.65,31.12,23501984,65.22,66.38,65.1,66.09,11065500,2026-02-21T03:45:41Z
CVX,2006-09-07,30.79,31.29,30.6,30.61,16992267,65.4,66.45,64.99,65.01,8000500,2026-02-21T03:45:41Z
CVX,2006-09-08,30.24,30.82,30.19,30.79,13963972,64.22,65.46,64.12,65.4,6574700,2026-02-21T03:45:41Z
CVX,2006-09-11,29.19,29.98,28.9,29.96,39652339,62,63.68,61.38,63.63,18669600,2026-02-21T03:45:41Z
CVX,2006-09-12,28.9,29.34,28.7,29.19,25183695,61.39,62.32,60.96,62,11857300,2026-02-21T03:45:41Z
CVX,2006-09-13,29.38,29.47,28.95,29.01,20247566,62.39,62.6,61.48,61.61,9533200,2026-02-21T03:45:41Z
CVX,2006-09-14,29.22,29.56,28.96,29.41,17080570,62.05,62.78,61.5,62.46,8042100,2026-02-21T03:45:41Z
CVX,2006-09-15,29.09,29.23,28.83,29.22,22348532,61.79,62.09,61.24,62.06,10522400,2026-02-21T03:45:41Z
CVX,2006-09-18,29.59,29.76,29.06,29.19,17429353,62.85,63.2,61.72,62,8206300,2026-02-21T03:45:41Z
CVX,2006-09-19,29.14,29.73,28.97,29.67,16465105,61.89,63.15,61.52,63.01,7752300,2026-02-21T03:45:41Z
CVX,2006-09-20,28.66,29.28,28.66,29.15,20439952,60.88,62.19,60.86,61.9,9623800,2026-02-21T03:45:41Z
CVX,2006-09-21,29.22,29.38,28.76,28.76,19244607,62.05,62.39,61.08,61.08,9061000,2026-02-21T03:45:41Z
CVX,2006-09-22,29.16,29.39,28.85,29.33,15811548,61.94,62.43,61.27,62.3,7444600,2026-02-21T03:45:41Z
CVX,2006-09-25,29.28,29.58,28.59,28.94,22945925,62.18,62.83,60.72,61.46,10803700,2026-02-21T03:45:41Z
CVX,2006-09-26,29.94,29.99,29.21,29.28,23238229,63.59,63.7,62.04,62.18,10941300,2026-02-21T03:45:41Z
CVX,2006-09-27,30.23,30.49,29.79,30.06,26110174,64.2,64.75,63.28,63.84,12293500,2026-02-21T03:45:41Z
CVX,2006-09-28,30.38,30.57,30.17,30.19,21149998,64.53,64.92,64.08,64.11,9958100,2026-02-21T03:45:41Z
CVX,2006-09-29,30.54,30.67,30.14,30.32,14438253,64.86,65.14,64.01,64.4,6798000,2026-02-21T03:45:41Z
CVX,2006-10-02,30.37,30.77,30.35,30.56,16896882,64.51,65.35,64.46,64.9,7955600,2026-02-21T03:45:41Z
CVX,2006-10-03,29.63,30.14,29.63,30.13,27204365,62.94,64.01,62.92,64,12808700,2026-02-21T03:45:41Z
CVX,2006-10-04,29.99,30.1,29.3,29.78,23961836,63.7,63.93,62.22,63.25,11282000,2026-02-21T03:45:41Z
CVX,2006-10-05,30.08,30.36,29.86,30.2,20353084,63.88,64.47,63.42,64.13,9582900,2026-02-21T03:45:41Z
CVX,2006-10-06,29.97,30.08,29.57,29.91,18873801,63.66,63.88,62.8,63.52,8886400,2026-02-21T03:45:41Z
CVX,2006-10-09,29.78,30.22,29.73,30.14,16585754,63.24,64.19,63.14,64.02,7809100,2026-02-21T03:45:41Z
CVX,2006-10-10,30.09,30.1,29.66,29.71,23216533,63.9,63.92,63,63.09,10931100,2026-02-21T03:45:41Z
CVX,2006-10-11,29.71,30.05,29.66,29.96,20002038,63.1,63.83,63,63.63,9417600,2026-02-21T03:45:41Z
CVX,2006-10-12,30.14,30.21,29.81,29.89,17281302,64.02,64.16,63.31,63.49,8136600,2026-02-21T03:45:41Z
CVX,2006-10-13,30.23,30.47,30.11,30.3,16363592,64.2,64.72,63.94,64.36,7704500,2026-02-21T03:45:41Z
CVX,2006-10-16,30.63,30.7,30.22,30.33,16596111,65.05,65.2,64.18,64.41,7814000,2026-02-21T03:45:41Z
CVX,2006-10-17,30.57,30.69,30.47,30.66,14461810,64.93,65.18,64.71,65.11,6809100,2026-02-21T03:45:41Z
CVX,2006-10-18,30.42,30.8,30.26,30.58,17172124,64.6,65.42,64.26,64.94,8085200,2026-02-21T03:45:41Z
CVX,2006-10-19,30.91,30.91,30.3,30.51,14978172,65.64,65.64,64.36,64.8,7052200,2026-02-21T03:45:41Z
CVX,2006-10-20,30.74,31.02,30.57,31,20388384,65.28,65.88,64.92,65.83,9599500,2026-02-21T03:45:41Z
CVX,2006-10-23,30.91,30.91,30.38,30.58,14030699,65.64,65.64,64.53,64.94,6606100,2026-02-21T03:45:41Z
CVX,2006-10-24,31.49,31.56,30.82,30.91,19248661,66.89,67.03,65.46,65.64,9062900,2026-02-21T03:45:41Z
CVX,2006-10-25,31.82,32.14,31.27,31.39,25373112,67.58,68.26,66.42,66.66,11946500,2026-02-21T03:45:41Z
CVX,2006-10-26,31.78,32.25,31.68,32.15,18872099,67.5,68.5,67.28,68.28,8885600,2026-02-21T03:45:41Z
CVX,2006-10-27,31.87,32.24,31.74,32.04,18878076,67.68,68.48,67.42,68.05,8888400,2026-02-21T03:45:41Z
CVX,2006-10-30,31.26,31.87,31.08,31.65,18870387,66.39,67.68,66.02,67.21,8884800,2026-02-21T03:45:41Z
CVX,2006-10-31,31.64,31.71,30.96,31.12,22772034,67.2,67.35,65.76,66.1,10721800,2026-02-21T03:45:41Z
CVX,2006-11-01,31.54,31.81,31.32,31.64,16727797,66.98,67.56,66.51,67.2,7876000,2026-02-21T03:45:41Z
CVX,2006-11-02,31.92,31.97,31.33,31.52,19143984,67.79,67.89,66.53,66.95,9013600,2026-02-21T03:45:41Z
CVX,2006-11-03,32.45,32.64,32.02,32.02,18289290,68.91,69.33,68,68,8611200,2026-02-21T03:45:41Z
CVX,2006-11-06,32.85,32.93,32.37,32.51,21703885,69.77,69.94,68.76,69.05,10218900,2026-02-21T03:45:41Z
CVX,2006-11-07,32.45,32.92,32.32,32.89,21011699,68.91,69.92,68.64,69.85,9893000,2026-02-21T03:45:41Z
CVX,2006-11-08,32.73,32.85,32.3,32.3,19778989,69.51,69.78,68.6,68.6,9312600,2026-02-21T03:45:41Z
CVX,2006-11-09,33.05,33.15,32.74,32.89,24392357,70.2,70.4,69.54,69.86,11484700,2026-02-21T03:45:41Z
CVX,2006-11-10,32.74,33.14,32.55,33.1,18670329,69.54,70.39,69.14,70.3,8790600,2026-02-21T03:45:41Z
CVX,2006-11-13,33.12,33.35,32.52,32.74,18813676,70.35,70.83,69.06,69.54,8858100,2026-02-21T03:45:41Z
CVX,2006-11-14,33.14,33.27,32.91,33.17,17133264,70.38,70.67,69.9,70.46,8066900,2026-02-21T03:45:41Z
CVX,2006-11-15,33.18,33.5,33,33.13,18510029,69.95,70.63,69.57,69.85,8780000,2026-02-21T03:45:41Z
CVX,2006-11-16,32.52,33.42,32.49,33.35,19630770,68.55,70.46,68.49,70.31,9311600,2026-02-21T03:45:41Z
CVX,2006-11-17,32.78,32.86,32.19,32.31,21763210,69.1,69.28,67.86,68.11,10323100,2026-02-21T03:45:41Z
CVX,2006-11-20,32.84,33.16,32.6,32.65,15719621,69.24,69.91,68.73,68.84,7456400,2026-02-21T03:45:41Z
CVX,2006-11-21,33.31,33.35,32.94,33,16242012,70.22,70.32,69.45,69.58,7704200,2026-02-21T03:45:41Z
CVX,2006-11-22,33.01,33.44,32.74,33.31,15576246,69.6,70.5,69.02,70.22,7388400,2026-02-21T03:45:41Z
CVX,2006-11-24,32.65,33.11,32.61,32.72,6079635,68.84,69.8,68.74,68.97,2883800,2026-02-21T03:45:41Z
CVX,2006-11-27,32.61,33.05,32.45,32.87,20172348,68.75,69.67,68.4,69.29,9568500,2026-02-21T03:45:41Z
CVX,2006-11-28,33.15,33.24,32.66,32.68,16196274,69.88,70.07,68.85,68.89,7682500,2026-02-21T03:45:41Z
CVX,2006-11-29,33.7,34.15,33.16,33.3,21594528,71.05,72,69.91,70.2,10243100,2026-02-21T03:45:41Z
CVX,2006-11-30,34.3,34.61,33.75,33.8,25247204,72.32,72.96,71.15,71.25,11975700,2026-02-21T03:45:41Z
CVX,2006-12-01,34.68,34.75,34.07,34.31,21931441,73.11,73.26,71.83,72.33,10402900,2026-02-21T03:45:41Z
CVX,2006-12-04,34.86,34.88,34.48,34.68,15942870,73.5,73.54,72.7,73.11,7562300,2026-02-21T03:45:41Z
CVX,2006-12-05,35.08,35.18,34.52,34.94,17421799,73.95,74.17,72.78,73.66,8263800,2026-02-21T03:45:41Z
CVX,2006-12-06,34.89,35.3,34.86,35.03,21757965,73.56,74.41,73.5,73.85,10320600,2026-02-21T03:45:41Z
CVX,2006-12-07,34.78,35.1,34.65,34.94,15139653,73.32,74,73.05,73.66,7181300,2026-02-21T03:45:41Z
CVX,2006-12-08,34.55,35.1,34.52,34.92,16102036,72.83,74,72.77,73.62,7637800,2026-02-21T03:45:41Z
CVX,2006-12-11,34.96,35.12,34.47,34.55,16836149,73.7,74.04,72.66,72.83,7986000,2026-02-21T03:45:41Z
CVX,2006-12-12,35.03,35.37,34.8,35.32,19503425,73.85,74.57,73.37,74.46,9251200,2026-02-21T03:45:41Z
CVX,2006-12-13,35.29,35.44,35.04,35.35,16100566,74.4,74.72,73.87,74.53,7637100,2026-02-21T03:45:41Z
CVX,2006-12-14,36.04,36.15,35.31,35.44,19470114,75.97,76.2,74.45,74.72,9235400,2026-02-21T03:45:41Z
CVX,2006-12-15,35.76,36.1,35.57,36.05,20101120,75.38,76.11,74.98,75.99,9534700,2026-02-21T03:45:41Z
CVX,2006-12-18,34.78,35.78,34.74,35.62,19432193,73.33,75.43,73.25,75.1,9217400,2026-02-21T03:45:41Z
CVX,2006-12-19,35.33,35.48,34.39,34.62,19399478,74.49,74.79,72.5,72.98,9201900,2026-02-21T03:45:41Z
CVX,2006-12-20,34.93,35.53,34.85,35.32,18486236,73.65,74.91,73.48,74.46,8768700,2026-02-21T03:45:41Z
CVX,2006-12-21,34.74,35.18,34.41,34.94,15896294,73.23,74.16,72.54,73.66,7540200,2026-02-21T03:45:41Z
CVX,2006-12-22,34.5,34.87,34.47,34.77,9459317,72.73,73.51,72.66,73.3,4486900,2026-02-21T03:45:41Z
CVX,2006-12-26,34.67,34.82,34.4,34.46,8450107,73.09,73.4,72.53,72.64,4008200,2026-02-21T03:45:41Z
CVX,2006-12-27,35.12,35.17,34.75,34.76,10783054,74.04,74.14,73.26,73.28,5114800,2026-02-21T03:45:41Z
CVX,2006-12-28,35.23,35.34,35.11,35.22,8556773,74.28,74.51,74.01,74.26,4058800,2026-02-21T03:45:41Z
CVX,2006-12-29,34.88,35.15,34.86,35.05,11405393,73.53,74.1,73.5,73.89,5410000,2026-02-21T03:45:41Z
CVX,2007-01-03,33.66,34.74,33.47,34.52,26816375,70.97,73.25,70.55,72.77,12720000,2026-02-21T03:45:41Z
CVX,2007-01-04,33.34,33.65,33.01,33.63,22955833,70.28,70.95,69.6,70.9,10888800,2026-02-21T03:45:41Z
CVX,2007-01-05,33.46,33.74,33.26,33.34,20278606,70.55,71.12,70.12,70.28,9618900,2026-02-21T03:45:41Z
CVX,2007-01-08,33.89,33.94,33.2,33.71,19891118,71.45,71.56,70,71.06,9435100,2026-02-21T03:45:41Z
CVX,2007-01-09,33.5,33.84,33.13,33.67,22138071,70.63,71.34,69.85,70.98,10500900,2026-02-21T03:45:41Z
CVX,2007-01-10,32.92,33.35,32.7,33.09,25165046,69.41,70.31,68.93,69.75,11936700,2026-02-21T03:45:41Z
CVX,2007-01-11,32.58,33.74,32.48,32.88,26157150,68.69,71.14,68.48,69.32,12407300,2026-02-21T03:45:41Z
CVX,2007-01-12,33.37,33.5,32.78,32.78,19701610,70.35,70.62,69.1,69.1,9345200,2026-02-21T03:45:41Z
CVX,2007-01-16,33.05,33.54,32.84,33.24,17459506,69.67,70.7,69.23,70.08,8281700,2026-02-21T03:45:41Z
CVX,2007-01-17,33.59,33.62,32.97,33.07,22231203,70.82,70.87,69.5,69.71,10545100,2026-02-21T03:45:41Z
CVX,2007-01-18,33.64,34.08,33.21,33.6,22452800,70.92,71.84,70.02,70.83,10650200,2026-02-21T03:45:41Z
CVX,2007-01-19,34.3,34.34,33.58,33.83,21047875,72.32,72.39,70.8,71.33,9983800,2026-02-21T03:45:41Z
CVX,2007-01-22,33.78,34.44,33.65,34.39,25233524,71.22,72.6,70.95,72.51,11969200,2026-02-21T03:45:41Z
CVX,2007-01-23,34.42,34.74,33.96,33.97,19540533,72.56,73.25,71.6,71.61,9268800,2026-02-21T03:45:41Z
CVX,2007-01-24,34.55,34.74,34.01,34.39,14888783,72.84,73.25,71.7,72.49,7062300,2026-02-21T03:45:41Z
CVX,2007-01-25,33.92,34.52,33.81,34.39,17796409,71.52,72.78,71.28,72.5,8441500,2026-02-21T03:45:41Z
CVX,2007-01-26,33.92,34.33,33.79,34.22,15319485,71.5,72.37,71.23,72.14,7266600,2026-02-21T03:45:41Z
CVX,2007-01-29,33.93,34.3,33.79,33.92,13330406,71.53,72.3,71.24,71.51,6323100,2026-02-21T03:45:41Z
CVX,2007-01-30,34.66,34.66,34.08,34.13,13488512,73.07,73.07,71.85,71.95,6398100,2026-02-21T03:45:41Z
CVX,2007-01-31,34.57,34.84,34.29,34.62,20571649,72.88,73.44,72.29,72.99,9757900,2026-02-21T03:45:41Z
CVX,2007-02-01,35.32,35.56,34.67,34.74,23097909,74.47,74.96,73.1,73.25,10956200,2026-02-21T03:45:41Z
CVX,2007-02-02,35.12,35.4,34.77,35.01,15556877,74.04,74.62,73.3,73.8,7379200,2026-02-21T03:45:41Z
CVX,2007-02-05,35,35.24,34.85,35.13,17775327,73.78,74.29,73.46,74.05,8431500,2026-02-21T03:45:41Z
CVX,2007-02-06,34.8,35.19,34.6,35.17,17655803,73.37,74.18,72.94,74.15,8374800,2026-02-21T03:45:41Z
CVX,2007-02-07,34.46,35.14,34.41,35.04,20185250,72.64,74.09,72.54,73.87,9574600,2026-02-21T03:45:41Z
CVX,2007-02-08,34.98,35.06,34.2,34.37,21422715,73.75,73.92,72.09,72.46,10161600,2026-02-21T03:45:41Z
CVX,2007-02-09,34.78,35.1,34.66,35.07,13708181,73.32,74,73.06,73.93,6502300,2026-02-21T03:45:41Z
CVX,2007-02-12,34.3,34.71,34.1,34.67,26296456,72.32,73.17,71.89,73.1,12473400,2026-02-21T03:45:41Z
CVX,2007-02-13,34.55,34.61,34.38,34.5,16675258,72.83,72.96,72.47,72.73,7909700,2026-02-21T03:45:41Z
CVX,2007-02-14,34.49,34.9,34.29,34.7,16552672,72.19,73.04,71.78,72.64,7908000,2026-02-21T03:45:41Z
CVX,2007-02-15,34.09,34.43,34,34.43,21404380,71.36,72.06,71.16,72.06,10225900,2026-02-21T03:45:41Z
CVX,2007-02-16,33.83,34.13,33.79,33.92,20137985,70.81,71.44,70.72,71.01,9620900,2026-02-21T03:45:41Z
CVX,2007-02-20,33.5,33.75,33.45,33.75,19565749,70.12,70.65,70.02,70.65,9347500,2026-02-21T03:45:41Z
CVX,2007-02-21,33.41,33.63,33.06,33.5,27748935,69.94,70.39,69.2,70.12,13257000,2026-02-21T03:45:41Z
CVX,2007-02-22,33.76,33.9,33.37,33.45,17589371,70.67,70.96,69.84,70.02,8403300,2026-02-21T03:45:41Z
CVX,2007-02-23,33.95,34.05,33.72,34.01,16457606,71.07,71.28,70.57,71.19,7862600,2026-02-21T03:45:41Z
CVX,2007-02-26,34.12,34.41,33.98,34.13,15598802,71.41,72.02,71.13,71.44,7452300,2026-02-21T03:45:41Z
CVX,2007-02-27,32.76,34.03,32.5,33.78,29222063,68.58,71.22,68.02,70.71,13960800,2026-02-21T03:45:41Z
CVX,2007-02-28,32.74,33.32,32.66,32.77,29309588,68.52,69.75,68.36,68.59,14002600,2026-02-21T03:45:41Z
CVX,2007-03-01,32.3,32.74,31.05,32.16,29597580,67.6,68.52,64.99,67.32,14140200,2026-02-21T03:45:41Z
CVX,2007-03-02,31.91,32.37,31.68,32.29,22662985,66.79,67.75,66.32,67.58,10827200,2026-02-21T03:45:41Z
CVX,2007-03-05,31.74,32.17,31.54,31.63,24512923,66.43,67.33,66.01,66.2,11711000,2026-02-21T03:45:41Z
CVX,2007-03-06,32.33,32.35,31.9,32.14,24035898,67.67,67.71,66.77,67.28,11483100,2026-02-21T03:45:41Z
CVX,2007-03-07,32.64,33.35,32.28,32.39,26776266,68.33,69.81,67.57,67.8,12792300,2026-02-21T03:45:41Z
CVX,2007-03-08,32.71,32.99,32.48,32.94,22558983,68.46,69.06,67.99,68.95,10777500,2026-02-21T03:45:41Z
CVX,2007-03-09,32.71,32.98,32.49,32.88,16052190,68.47,69.04,68,68.83,7668900,2026-02-21T03:45:41Z
CVX,2007-03-12,32.88,33.06,32.52,32.71,19709969,68.83,69.2,68.06,68.47,9416400,2026-02-21T03:45:41Z
CVX,2007-03-13,32.41,33.25,32.29,32.88,19771942,67.84,69.6,67.58,68.83,9446000,2026-02-21T03:45:41Z
CVX,2007-03-14,32.64,32.79,32.05,32.63,23848514,68.32,68.64,67.08,68.3,11393600,2026-02-21T03:45:41Z
CVX,2007-03-15,32.9,33.1,32.4,32.58,20923587,68.87,69.29,67.81,68.2,9996200,2026-02-21T03:45:41Z
CVX,2007-03-16,32.53,33.2,32.37,33.08,26630135,68.08,69.5,67.76,69.24,12722500,2026-02-21T03:45:41Z
CVX,2007-03-19,33.15,33.32,32.74,32.76,29279413,69.38,69.75,68.52,68.58,13988200,2026-02-21T03:45:41Z
CVX,2007-03-20,33.47,33.51,33.06,33.15,17254257,70.05,70.14,69.19,69.39,8243200,2026-02-21T03:45:41Z
CVX,2007-03-21,34.08,34.15,33.47,33.62,21271010,71.34,71.49,70.05,70.38,10162200,2026-02-21T03:45:41Z
CVX,2007-03-22,34.84,35.1,34.06,34.18,28503279,72.93,73.46,71.29,71.55,13617400,2026-02-21T03:45:41Z
CVX,2007-03-23,35.21,35.4,34.97,35.06,22781483,73.7,74.09,73.2,73.39,10883800,2026-02-21T03:45:41Z
CVX,2007-03-26,35.54,35.62,35.12,35.42,21164476,74.4,74.55,73.51,74.14,10111300,2026-02-21T03:45:41Z
CVX,2007-03-27,35.43,35.53,35.17,35.36,17895192,74.17,74.37,73.62,74.01,8549400,2026-02-21T03:45:41Z
CVX,2007-03-28,35.39,35.68,35.24,35.58,21429689,74.08,74.68,73.76,74.47,10238000,2026-02-21T03:45:41Z
CVX,2007-03-29,35.81,35.82,35.51,35.53,21450644,74.95,74.98,74.32,74.36,10248000,2026-02-21T03:45:41Z
CVX,2007-03-30,35.33,35.74,35.06,35.74,17815429,73.96,74.81,73.38,74.81,8511300,2026-02-21T03:45:41Z
CVX,2007-04-02,35.75,35.85,35.38,35.38,17147525,74.83,75.05,74.05,74.05,8192200,2026-02-21T03:45:41Z
CVX,2007-04-03,35.99,36.11,35.58,35.65,19589005,75.34,75.59,74.47,74.61,9358600,2026-02-21T03:45:41Z
CVX,2007-04-04,36.09,36.19,35.66,35.89,13861478,75.55,75.75,74.65,75.12,6622300,2026-02-21T03:45:41Z
CVX,2007-04-05,36.12,36.26,35.98,36.1,13197343,75.61,75.9,75.32,75.56,6305000,2026-02-21T03:45:41Z
CVX,2007-04-09,36.07,36.5,35.89,35.98,13414183,75.49,76.4,75.13,75.32,6408600,2026-02-21T03:45:41Z
CVX,2007-04-10,36.81,36.89,36.14,36.21,18473132,77.04,77.22,75.65,75.79,8825500,2026-02-21T03:45:41Z
CVX,2007-04-11,36.58,37.01,36.53,36.81,22505998,76.56,77.47,76.46,77.04,10752200,2026-02-21T03:45:41Z
CVX,2007-04-12,36.87,36.9,36.45,36.67,16849055,77.17,77.23,76.29,76.75,8049600,2026-02-21T03:45:41Z
CVX,2007-04-13,36.79,37.03,36.62,37.03,15207588,77.01,77.5,76.65,77.5,7265400,2026-02-21T03:45:41Z
CVX,2007-04-16,37.2,37.25,36.63,36.91,17390100,77.87,77.97,76.68,77.25,8308100,2026-02-21T03:45:41Z
CVX,2007-04-17,37.25,37.54,37.05,37.26,18444258,77.96,78.57,77.54,78,8811700,2026-02-21T03:45:41Z
CVX,2007-04-18,37.15,37.32,36.93,37.05,14746880,77.77,78.12,77.3,77.55,7045300,2026-02-21T03:45:41Z
CVX,2007-04-19,36.7,37.09,36.66,37.01,16776218,76.81,77.64,76.73,77.47,8014800,2026-02-21T03:45:41Z
CVX,2007-04-20,37.48,37.57,36.82,36.92,32699063,78.45,78.63,77.06,77.29,15621900,2026-02-21T03:45:41Z
CVX,2007-04-23,37.05,37.69,36.98,37.29,25625597,77.56,78.88,77.4,78.06,12242600,2026-02-21T03:45:41Z
CVX,2007-04-24,36.83,37.17,36.74,36.84,18849252,77.1,77.81,76.91,77.11,9005200,2026-02-21T03:45:41Z
CVX,2007-04-25,37.42,37.71,37.05,37.06,22866673,78.32,78.93,77.55,77.58,10924500,2026-02-21T03:45:41Z
CVX,2007-04-26,37.35,37.45,36.93,37.35,21820673,78.18,78.38,77.3,78.17,10424800,2026-02-21T03:45:41Z
CVX,2007-04-27,37.3,37.5,36.95,37.47,16996181,78.08,78.5,77.34,78.42,8119900,2026-02-21T03:45:41Z
CVX,2007-04-30,37.16,37.78,37.15,37.31,23425121,77.79,79.07,77.76,78.09,11191300,2026-02-21T03:45:41Z
CVX,2007-05-01,37.43,37.57,36.99,37.25,19345322,78.35,78.63,77.42,77.97,9242200,2026-02-21T03:45:41Z
CVX,2007-05-02,37.57,37.73,37.3,37.49,13723135,78.64,78.98,78.08,78.48,6556200,2026-02-21T03:45:41Z
CVX,2007-05-03,38.01,38.15,37.47,37.58,14899078,79.56,79.86,78.43,78.65,7118000,2026-02-21T03:45:41Z
CVX,2007-05-04,37.89,38.39,37.65,38.12,16220066,79.3,80.35,78.8,79.8,7749100,2026-02-21T03:45:41Z
CVX,2007-05-07,38.02,38.08,37.51,37.57,15858773,79.58,79.7,78.51,78.63,7576500,2026-02-21T03:45:41Z
CVX,2007-05-08,38.24,38.31,37.68,37.94,14689973,80.05,80.19,78.87,79.42,7018100,2026-02-21T03:45:41Z
CVX,2007-05-09,38.1,38.21,37.69,38.18,15508804,79.75,79.97,78.89,79.92,7409300,2026-02-21T03:45:41Z
CVX,2007-05-10,37.36,38.07,37.34,37.99,16500129,78.19,79.68,78.15,79.52,7882900,2026-02-21T03:45:41Z
CVX,2007-05-11,38.24,38.28,37.5,37.5,17640030,80.04,80.13,78.5,78.5,8427500,2026-02-21T03:45:41Z
CVX,2007-05-14,38.64,38.67,38.14,38.22,26221969,80.87,80.94,79.83,80,12527500,2026-02-21T03:45:41Z
CVX,2007-05-15,38.57,38.87,38.51,38.67,20611492,80.73,81.37,80.61,80.94,9847100,2026-02-21T03:45:41Z
CVX,2007-05-16,38.85,38.94,38.31,38.57,19622190,80.73,80.93,79.61,80.15,9442300,2026-02-21T03:45:41Z
CVX,2007-05-17,39.2,39.46,38.59,38.86,16177287,81.46,82,80.2,80.75,7784600,2026-02-21T03:45:41Z
CVX,2007-05-18,39.87,39.9,39.36,39.4,23096978,82.85,82.92,81.8,81.87,11114400,2026-02-21T03:45:41Z
CVX,2007-05-21,39.86,40.21,39.74,39.99,23606162,82.83,83.56,82.58,83.11,11359400,2026-02-21T03:45:41Z
CVX,2007-05-22,39.55,40.05,39.48,39.86,19151261,82.18,83.23,82.04,82.83,9215700,2026-02-21T03:45:41Z
CVX,2007-05-23,39.17,39.9,39.06,39.55,29568054,81.4,82.91,81.17,82.18,14228300,2026-02-21T03:45:41Z
CVX,2007-05-24,38.48,39.4,38.38,39.3,27563280,79.97,81.88,79.75,81.67,13263600,2026-02-21T03:45:41Z
CVX,2007-05-25,39.04,39.04,38.63,38.69,14213055,81.13,81.13,80.28,80.4,6839400,2026-02-21T03:45:41Z
CVX,2007-05-29,38.84,38.98,38.5,38.97,16554464,80.71,81,80,80.98,7966100,2026-02-21T03:45:41Z
CVX,2007-05-30,39.58,39.6,38.57,38.77,22397736,82.25,82.29,80.16,80.56,10777900,2026-02-21T03:45:41Z
CVX,2007-05-31,39.21,39.63,38.99,39.53,23934493,81.49,82.36,81.02,82.15,11517400,2026-02-21T03:45:41Z
CVX,2007-06-01,39.57,39.71,39.32,39.52,15266255,82.23,82.52,81.72,82.13,7346200,2026-02-21T03:45:41Z
CVX,2007-06-04,40,40.06,39.46,39.56,16537637,83.13,83.25,82,82.2,7958000,2026-02-21T03:45:41Z
CVX,2007-06-05,39.81,39.96,39.54,39.8,15384292,82.73,83.04,82.17,82.71,7403000,2026-02-21T03:45:41Z
CVX,2007-06-06,39.36,39.81,39.16,39.81,15635522,81.79,82.73,81.37,82.73,7523900,2026-02-21T03:45:41Z
CVX,2007-06-07,38.59,39.49,38.54,39.29,22818721,80.2,82.06,80.1,81.65,10980500,2026-02-21T03:45:41Z
CVX,2007-06-08,38.83,38.85,38.07,38.5,17772644,80.69,80.74,79.12,80.01,8552300,2026-02-21T03:45:41Z
CVX,2007-06-11,39.15,39.35,38.63,38.81,14099581,81.36,81.78,80.27,80.66,6784800,2026-02-21T03:45:41Z
CVX,2007-06-12,38.77,39.37,38.74,39.15,15406728,80.56,81.81,80.5,81.35,7413800,2026-02-21T03:45:41Z
CVX,2007-06-13,39.05,39.24,38.84,38.89,20674549,81.15,81.55,80.72,80.81,9948700,2026-02-21T03:45:41Z
CVX,2007-06-14,39.62,39.72,39.17,39.17,17574426,82.33,82.55,81.4,81.41,8456900,2026-02-21T03:45:41Z
CVX,2007-06-15,40.02,40.23,39.83,39.87,19604287,83.17,83.6,82.76,82.86,9433700,2026-02-21T03:45:41Z
CVX,2007-06-18,40.13,40.42,40.07,40.07,12460173,83.39,84,83.27,83.27,5995900,2026-02-21T03:45:41Z
CVX,2007-06-19,40.08,40.3,39.92,39.94,14616626,83.29,83.75,82.95,82.99,7033600,2026-02-21T03:45:41Z
CVX,2007-06-20,38.96,40.28,38.86,40.23,22967324,80.97,83.7,80.76,83.6,11052000,2026-02-21T03:45:41Z
CVX,2007-06-21,39.87,39.95,39.15,39.21,21325386,82.85,83.02,81.36,81.49,10261900,2026-02-21T03:45:41Z
CVX,2007-06-22,39.24,39.91,39.22,39.87,27932772,81.55,82.94,81.5,82.85,13441400,2026-02-21T03:45:41Z
CVX,2007-06-25,39.92,40.26,39.22,39.25,26368148,82.95,83.66,81.5,81.56,12688500,2026-02-21T03:45:41Z
CVX,2007-06-26,39.8,40.32,39.64,40.18,28027730,82.7,83.78,82.37,83.49,13487100,2026-02-21T03:45:41Z
CVX,2007-06-27,40.37,40.42,39.28,39.58,21293204,83.89,84,81.62,82.25,10246400,2026-02-21T03:45:41Z
CVX,2007-06-28,40.51,40.85,40.34,40.85,17859511,84.18,84.89,83.84,84.89,8594100,2026-02-21T03:45:41Z
CVX,2007-06-29,40.54,40.99,40.19,40.8,22298400,84.24,85.19,83.52,84.79,10730100,2026-02-21T03:45:41Z
CVX,2007-07-02,40.97,41.04,40.62,40.76,17067987,85.15,85.28,84.41,84.7,8213200,2026-02-21T03:45:41Z
CVX,2007-07-03,41.54,41.72,40.23,40.23,9588620,86.33,86.69,83.6,83.6,4614100,2026-02-21T03:45:41Z
CVX,2007-07-05,41.66,41.93,41.15,41.76,18176666,86.57,87.14,85.51,86.79,8746700,2026-02-21T03:45:41Z
CVX,2007-07-06,42.19,42.33,41.66,41.66,24367966,87.68,87.96,86.57,86.57,11726000,2026-02-21T03:45:41Z
CVX,2007-07-09,43.07,43.21,42.08,42.13,22124846,89.5,89.8,87.45,87.55,10646600,2026-02-21T03:45:41Z
CVX,2007-07-10,42.83,43.41,42.26,42.83,28827592,89,90.21,87.81,89,13872000,2026-02-21T03:45:41Z
CVX,2007-07-11,43.67,43.73,42.69,43.06,25442769,90.75,90.87,88.71,89.48,12243200,2026-02-21T03:45:41Z
CVX,2007-07-12,44.9,44.93,43.67,43.75,26193367,93.3,93.37,90.75,90.91,12604400,2026-02-21T03:45:41Z
CVX,2007-07-13,44.91,45.72,44.69,44.98,19899402,93.33,95,92.88,93.48,9575700,2026-02-21T03:45:41Z
CVX,2007-07-16,44.33,45.26,43.96,44.99,21814197,92.12,94.05,91.35,93.5,10497100,2026-02-21T03:45:41Z
CVX,2007-07-17,43.84,44.79,43.65,44.79,20243959,91.1,93.08,90.7,93.08,9741500,2026-02-21T03:45:41Z
CVX,2007-07-18,44.79,44.96,43.6,43.83,23647281,93.08,93.43,90.6,91.09,11379200,2026-02-21T03:45:41Z
CVX,2007-07-19,44.75,45.1,44.5,44.97,17506245,93,93.73,92.48,93.46,8424100,2026-02-21T03:45:41Z
CVX,2007-07-20,44.33,44.9,43.97,44.75,21471100,92.12,93.31,91.38,93,10332000,2026-02-21T03:45:41Z
CVX,2007-07-23,44.55,44.83,43.86,44.35,20069177,92.57,93.16,91.15,92.17,9657400,2026-02-21T03:45:41Z
CVX,2007-07-24,43.24,44.34,43.1,44.1,22784035,89.85,92.15,89.57,91.64,10963800,2026-02-21T03:45:41Z
CVX,2007-07-25,43.81,44.12,42.56,43.24,29409239,91.05,91.69,88.45,89.86,14151900,2026-02-21T03:45:41Z
CVX,2007-07-26,42.09,43.53,41.51,42.95,35712836,87.46,90.45,86.27,89.26,17185200,2026-02-21T03:45:41Z
CVX,2007-07-27,41,42.8,40.71,42.5,35467390,85.2,88.94,84.6,88.31,17067100,2026-02-21T03:45:41Z
CVX,2007-07-30,41.59,41.87,40.37,41.31,25182998,86.43,87,83.89,85.85,12118200,2026-02-21T03:45:41Z
CVX,2007-07-31,41.03,42.08,40.98,41.51,24687986,85.26,87.45,85.16,86.26,11880000,2026-02-21T03:45:41Z
CVX,2007-08-01,40.98,43.07,39.72,40.79,44738444,85.17,89.5,82.55,84.77,21528400,2026-02-21T03:45:41Z
CVX,2007-08-02,40.37,41.38,39.74,40.67,32850227,83.89,86,82.59,84.51,15807700,2026-02-21T03:45:41Z
CVX,2007-08-03,38.99,40.9,38.78,40.28,32316311,81.02,85,80.58,83.71,15550800,2026-02-21T03:45:41Z
CVX,2007-08-06,39.47,39.5,37.72,39.07,35577917,82.02,82.08,78.39,81.19,17120300,2026-02-21T03:45:41Z
CVX,2007-08-07,40.03,40.37,38.75,39.14,31843548,83.18,83.89,80.52,81.33,15323300,2026-02-21T03:45:41Z
CVX,2007-08-08,40.58,41.21,39.93,39.93,30039941,84.33,85.63,82.98,82.98,14455400,2026-02-21T03:45:41Z
CVX,2007-08-09,39.03,40.78,39.03,39.99,32386144,81.11,84.74,81.11,83.1,15584400,2026-02-21T03:45:41Z
CVX,2007-08-10,40.14,40.29,38.21,38.56,27672558,83.42,83.73,79.41,80.14,13316200,2026-02-21T03:45:41Z
CVX,2007-08-13,39.68,40.57,39.51,40.47,21888565,82.45,84.31,82.11,84.1,10532900,2026-02-21T03:45:41Z
CVX,2007-08-14,39.68,40.28,39.51,39.97,31980717,82.45,83.7,82.11,83.06,15389300,2026-02-21T03:45:41Z
CVX,2007-08-15,39.14,40.62,38.95,39.86,25278216,80.76,83.81,80.38,82.25,12250200,2026-02-21T03:45:41Z
CVX,2007-08-16,39.44,39.72,37.92,38.67,40033238,81.39,81.96,78.25,79.79,19400700,2026-02-21T03:45:41Z
CVX,2007-08-17,40.88,41.24,40.1,40.56,33450490,84.36,85.1,82.74,83.69,16210600,2026-02-21T03:45:41Z
CVX,2007-08-20,41.14,41.46,40.23,40.71,19063410,84.89,85.55,83.02,84,9238400,2026-02-21T03:45:41Z
CVX,2007-08-21,40.85,41.31,40.5,40.78,23373425,84.3,85.25,83.57,84.14,11327100,2026-02-21T03:45:41Z
CVX,2007-08-22,41.38,41.46,40.88,41.1,21152912,85.39,85.56,84.35,84.81,10251000,2026-02-21T03:45:41Z
CVX,2007-08-23,41.42,41.91,40.75,41.58,17881244,85.48,86.47,84.09,85.8,8665500,2026-02-21T03:45:41Z
CVX,2007-08-24,42.27,42.42,41.63,42.11,15853211,87.22,87.53,85.9,86.89,7682700,2026-02-21T03:45:41Z
CVX,2007-08-27,42.16,42.35,41.84,41.98,13185932,87,87.39,86.34,86.63,6390100,2026-02-21T03:45:41Z
CVX,2007-08-28,40.85,42.03,40.85,41.97,20760626,84.3,86.73,84.3,86.6,10060900,2026-02-21T03:45:41Z
CVX,2007-08-29,42.02,42.35,41.04,41.29,20735643,86.7,87.38,84.68,85.2,10048800,2026-02-21T03:45:41Z
CVX,2007-08-30,42.25,42.45,41.45,42.02,16148313,87.19,87.6,85.54,86.7,7825700,2026-02-21T03:45:41Z
CVX,2007-08-31,42.53,43.06,42.38,42.8,16828414,87.76,88.86,87.46,88.31,8155300,2026-02-21T03:45:41Z
CVX,2007-09-04,43,43.26,42.24,42.25,19724770,88.73,89.27,87.16,87.19,9558900,2026-02-21T03:45:41Z
CVX,2007-09-05,42.82,42.96,42.54,42.87,18865939,88.36,88.65,87.79,88.47,9142700,2026-02-21T03:45:41Z
CVX,2007-09-06,43.1,43.29,42.7,42.88,16826970,88.93,89.33,88.11,88.48,8154600,2026-02-21T03:45:41Z
CVX,2007-09-07,42.48,43.15,42.25,42.61,20181383,87.65,89.03,87.19,87.93,9780200,2026-02-21T03:45:41Z
CVX,2007-09-10,42.19,42.79,41.63,42.43,21629353,87.05,88.29,85.91,87.56,10481900,2026-02-21T03:45:41Z
CVX,2007-09-11,42.93,43.19,42.02,42.41,20891862,88.59,89.13,86.7,87.51,10124500,2026-02-21T03:45:41Z
CVX,2007-09-12,43.22,43.54,42.78,42.85,22884977,89.19,89.84,88.28,88.42,11090400,2026-02-21T03:45:41Z
CVX,2007-09-13,43.66,44.01,43.4,43.45,18502755,90.09,90.82,89.55,89.65,8966700,2026-02-21T03:45:41Z
CVX,2007-09-14,43.93,44.23,43.31,43.33,16452666,90.65,91.27,89.37,89.4,7973200,2026-02-21T03:45:41Z
CVX,2007-09-17,44.07,44.36,43.62,43.62,15958043,90.93,91.54,90,90.01,7733500,2026-02-21T03:45:41Z
CVX,2007-09-18,45.23,45.33,44.08,44.2,20229901,93.34,93.53,90.95,91.2,9803700,2026-02-21T03:45:41Z
CVX,2007-09-19,45.61,46.01,45.36,45.41,23490614,94.11,94.94,93.59,93.7,11383900,2026-02-21T03:45:41Z
CVX,2007-09-20,45.64,45.86,45.43,45.56,16913254,94.17,94.63,93.75,94.02,8196400,2026-02-21T03:45:41Z
CVX,2007-09-21,45.96,46.21,45.61,45.61,26080751,94.84,95.36,94.11,94.11,12639100,2026-02-21T03:45:41Z
CVX,2007-09-24,45.72,46.28,45.65,46.04,18630676,94.35,95.5,94.19,95,9028700,2026-02-21T03:45:41Z
CVX,2007-09-25,44.53,45.36,44.42,45.11,25795955,91.88,93.59,91.66,93.09,12501100,2026-02-21T03:45:41Z
CVX,2007-09-26,44.83,45.22,44.33,45.16,24339960,92.51,93.32,91.47,93.18,11795500,2026-02-21T03:45:41Z
CVX,2007-09-27,45.32,45.37,45.02,45.2,15287615,93.51,93.63,92.9,93.26,7408600,2026-02-21T03:45:41Z
CVX,2007-09-28,45.35,45.75,45.07,45.34,18324884,93.58,94.4,93,93.55,8880500,2026-02-21T03:45:41Z
CVX,2007-10-01,45.77,45.81,45.2,45.22,18460032,94.44,94.53,93.27,93.3,8946000,2026-02-21T03:45:41Z
CVX,2007-10-02,44.86,45.55,44.5,45.52,18873978,92.56,93.99,91.82,93.92,9146600,2026-02-21T03:45:41Z
CVX,2007-10-03,44.33,44.58,43.99,44.35,18071492,91.48,91.98,90.77,91.51,8757700,2026-02-21T03:45:41Z
CVX,2007-10-04,44.51,44.6,43.87,44.42,13960166,91.84,92.03,90.53,91.65,6765300,2026-02-21T03:45:41Z
CVX,2007-10-05,44.74,44.86,44.1,44.63,13410043,92.32,92.57,91,92.1,6498700,2026-02-21T03:45:41Z
CVX,2007-10-08,44.38,44.57,44.25,44.37,11676083,91.58,91.96,91.3,91.55,5658400,2026-02-21T03:45:41Z
CVX,2007-10-09,44.97,45.07,44.43,44.5,17970996,92.8,93,91.68,91.83,8709000,2026-02-21T03:45:41Z
CVX,2007-10-10,44.62,44.82,43.76,43.78,23796442,92.08,92.48,90.29,90.33,11532100,2026-02-21T03:45:41Z
CVX,2007-10-11,44.1,44.98,43.69,44.84,18938360,91,92.82,90.16,92.52,9177800,2026-02-21T03:45:41Z
CVX,2007-10-12,44.3,44.46,44.04,44.36,12399344,91.41,91.74,90.88,91.53,6008900,2026-02-21T03:45:41Z
CVX,2007-10-15,44.74,45.04,44.58,44.72,17534332,92.33,92.94,91.98,92.27,8497400,2026-02-21T03:45:41Z
CVX,2007-10-16,45.29,45.48,44.64,44.78,22472718,93.45,93.85,92.11,92.4,10890600,2026-02-21T03:45:41Z
CVX,2007-10-17,45.2,45.53,44.61,45.5,22118842,93.26,93.94,92.05,93.88,10719100,2026-02-21T03:45:41Z
CVX,2007-10-18,44.79,45.43,44.58,45.1,20715420,92.42,93.75,92,93.07,10039000,2026-02-21T03:45:41Z
CVX,2007-10-19,43.26,44.92,43.15,44.92,29124202,89.27,92.7,89.03,92.7,14114000,2026-02-21T03:45:41Z
CVX,2007-10-22,42.86,42.89,42.03,42.72,22318156,88.44,88.51,86.72,88.16,10815700,2026-02-21T03:45:41Z
CVX,2007-10-23,43.09,43.48,42.56,43.1,19871267,88.92,89.71,87.82,88.93,9629900,2026-02-21T03:45:41Z
CVX,2007-10-24,43.57,43.82,42.79,43.19,22667524,89.9,90.42,88.3,89.12,10985000,2026-02-21T03:45:41Z
CVX,2007-10-25,44.21,44.39,43.41,43.83,19053488,91.23,91.6,89.58,90.45,9233600,2026-02-21T03:45:41Z
CVX,2007-10-26,44.41,44.73,44.15,44.52,15438462,91.65,92.3,91.1,91.86,7481700,2026-02-21T03:45:41Z
CVX,2007-10-29,45.01,45.35,44.39,44.52,19083412,92.88,93.57,91.6,91.86,9248100,2026-02-21T03:45:41Z
CVX,2007-10-30,43.65,44.56,43.47,44.46,19866501,90.08,91.95,89.69,91.75,9627600,2026-02-21T03:45:41Z
CVX,2007-10-31,44.35,44.65,43.7,43.81,20412295,91.51,92.13,90.18,90.4,9892100,2026-02-21T03:45:41Z
CVX,2007-11-01,43.15,44.33,42.88,43.64,21754185,89.04,91.48,88.49,90.05,10542400,2026-02-21T03:45:41Z
CVX,2007-11-02,42.88,43.26,42.21,42.48,25536994,88.48,89.27,87.1,87.65,12375600,2026-02-21T03:45:41Z
CVX,2007-11-05,42.88,43.23,42.38,42.39,18764189,88.48,89.2,87.46,87.47,9093400,2026-02-21T03:45:41Z
CVX,2007-11-06,43.93,43.96,42.98,42.98,20388970,90.64,90.7,88.69,88.69,9880800,2026-02-21T03:45:41Z
CVX,2007-11-07,42.42,44.06,42.31,43.93,26374131,87.54,90.92,87.31,90.65,12781300,2026-02-21T03:45:41Z
CVX,2007-11-08,43.22,43.9,42.5,42.63,36311973,89.18,90.59,87.7,87.97,17597300,2026-02-21T03:45:41Z
CVX,2007-11-09,42.29,43.08,42.21,43.08,20916195,87.26,88.9,87.1,88.9,10136300,2026-02-21T03:45:41Z
CVX,2007-11-12,41.32,42.16,40.91,42.16,25822159,85.27,87,84.41,87,12513800,2026-02-21T03:45:41Z
CVX,2007-11-13,42.08,42.16,40.51,41.59,24659174,86.83,86.99,83.59,85.82,11950200,2026-02-21T03:45:41Z
CVX,2007-11-14,42.03,43.09,41.82,42.62,20411234,86.15,88.33,85.72,87.35,9958100,2026-02-21T03:45:41Z
CVX,2007-11-15,41.06,42.19,40.73,41.93,24461691,84.16,86.48,83.48,85.94,11934200,2026-02-21T03:45:41Z
CVX,2007-11-16,41.95,42.19,41.32,41.41,23302387,85.98,86.47,84.7,84.88,11368600,2026-02-21T03:45:41Z
CVX,2007-11-19,41.48,42.14,41.28,41.95,17520314,85.03,86.37,84.62,85.98,8547700,2026-02-21T03:45:41Z
CVX,2007-11-20,42.88,43.23,41.49,41.49,22426295,87.9,88.61,85.05,85.05,10941200,2026-02-21T03:45:41Z
CVX,2007-11-21,41.84,43.17,41.76,42.84,23447092,85.75,88.49,85.59,87.8,11439200,2026-02-21T03:45:41Z
CVX,2007-11-23,42.28,42.47,41.89,42.18,7027230,86.67,87.06,85.86,86.46,3428400,2026-02-21T03:45:41Z
CVX,2007-11-26,40.88,42.61,40.75,42.37,21120855,83.79,87.33,83.52,86.85,10304300,2026-02-21T03:45:41Z
CVX,2007-11-27,41.13,41.27,39.97,40.71,29807327,84.31,84.59,81.92,83.45,14542200,2026-02-21T03:45:41Z
CVX,2007-11-28,41.99,42.21,41.02,41.24,22074160,86.06,86.51,84.08,84.52,10769400,2026-02-21T03:45:41Z
CVX,2007-11-29,42.23,42.61,41.77,41.77,18118848,86.56,87.33,85.61,85.61,8839700,2026-02-21T03:45:41Z
CVX,2007-11-30,42.82,42.82,41.97,42.51,23999695,87.77,87.77,86.02,87.13,11708800,2026-02-21T03:45:41Z
CVX,2007-12-03,42.85,43.02,42.32,42.49,16262619,87.84,88.18,86.74,87.1,7934100,2026-02-21T03:45:41Z
CVX,2007-12-04,42.52,42.83,42.36,42.51,13496344,87.16,87.78,86.83,87.14,6584500,2026-02-21T03:45:41Z
CVX,2007-12-05,43.57,43.77,42.83,42.83,21419284,89.3,89.72,87.79,87.79,10449900,2026-02-21T03:45:41Z
CVX,2007-12-06,44.58,44.74,43.35,43.55,19796309,91.38,91.7,88.86,89.27,9658100,2026-02-21T03:45:41Z
CVX,2007-12-07,44.38,44.68,44.08,44.25,13697394,90.96,91.59,90.34,90.69,6682600,2026-02-21T03:45:41Z
CVX,2007-12-10,44.75,44.89,44.28,44.51,11284087,91.72,92.01,90.75,91.23,5505200,2026-02-21T03:45:41Z
CVX,2007-12-11,43.85,45.17,43.82,44.73,16436245,89.89,92.59,89.81,91.68,8018800,2026-02-21T03:45:41Z
CVX,2007-12-12,44.78,45.36,44.36,44.84,22169900,91.78,92.97,90.93,91.91,10816100,2026-02-21T03:45:41Z
CVX,2007-12-13,45.41,45.48,44.46,44.65,19324093,93.08,93.21,91.13,91.51,9427700,2026-02-21T03:45:41Z
CVX,2007-12-14,44.89,45.35,44.84,45.13,22732336,92.02,92.96,91.91,92.5,11090500,2026-02-21T03:45:41Z
CVX,2007-12-17,43.9,44.77,43.7,44.74,16826720,89.98,91.76,89.58,91.7,8209300,2026-02-21T03:45:41Z
CVX,2007-12-18,44.49,44.7,43.72,44.2,17923082,91.19,91.63,89.61,90.6,8744200,2026-02-21T03:45:41Z
CVX,2007-12-19,44.35,44.94,44.07,44.59,17071230,90.9,92.12,90.32,91.39,8328600,2026-02-21T03:45:41Z
CVX,2007-12-20,44.91,45.14,44.35,44.5,12683632,92.05,92.52,90.9,91.22,6188000,2026-02-21T03:45:41Z
CVX,2007-12-21,45.88,46.19,45.01,45.03,27868099,94.04,94.68,92.26,92.3,13596100,2026-02-21T03:45:41Z
CVX,2007-12-24,46.09,46.25,45.68,45.68,5980032,94.48,94.79,93.63,93.63,2917500,2026-02-21T03:45:41Z
CVX,2007-12-26,46.27,46.45,46.01,46.01,15326930,94.84,95.2,94.31,94.31,7477600,2026-02-21T03:45:41Z
CVX,2007-12-27,45.74,46.39,45.69,46.39,16718078,93.75,95.08,93.65,95.08,8156300,2026-02-21T03:45:41Z
CVX,2007-12-28,46.28,46.31,45.52,45.87,16182261,94.86,94.93,93.3,94.01,7894900,2026-02-21T03:45:41Z
CVX,2007-12-31,45.53,46.14,45.38,46.04,10425866,93.33,94.58,93.01,94.37,5086500,2026-02-21T03:45:41Z
CVX,2008-01-02,45.6,46.2,45.23,45.84,18566105,93.46,94.69,92.71,93.96,9057900,2026-02-21T03:45:41Z
CVX,2008-01-03,46.16,46.27,45.6,45.76,21479344,94.61,94.84,93.46,93.8,10479200,2026-02-21T03:45:41Z
CVX,2008-01-04,45.54,46.45,45.47,45.8,26858800,93.35,95.21,93.2,93.88,13103700,2026-02-21T03:45:41Z
CVX,2008-01-07,44.95,45.73,44.47,45.73,26426103,92.13,93.74,91.15,93.74,12892600,2026-02-21T03:45:41Z
CVX,2008-01-08,44.37,45.56,44.19,45.08,22522433,90.95,93.38,90.58,92.41,10988100,2026-02-21T03:45:41Z
CVX,2008-01-09,45.16,45.25,44.18,44.34,25515044,92.57,92.75,90.55,90.88,12448100,2026-02-21T03:45:41Z
CVX,2008-01-10,44.84,44.93,43.98,44.69,28264481,91.9,92.1,90.14,91.6,13789500,2026-02-21T03:45:41Z
CVX,2008-01-11,44.24,45.16,44.02,44.69,21675694,90.67,92.57,90.23,91.6,10575000,2026-02-21T03:45:41Z
CVX,2008-01-14,44.35,44.81,44.11,44.5,20432541,90.91,91.85,90.41,91.22,9968500,2026-02-21T03:45:41Z
CVX,2008-01-15,43.06,43.93,43.01,43.89,28074688,88.27,90.05,88.15,89.96,13696900,2026-02-21T03:45:41Z
CVX,2008-01-16,42.08,43.12,41.57,42.78,33019819,86.25,88.38,85.21,87.69,16109500,2026-02-21T03:45:41Z
CVX,2008-01-17,40.37,42.53,40.05,42.2,38762744,82.75,87.17,82.1,86.5,18911300,2026-02-21T03:45:41Z
CVX,2008-01-18,40.72,41.46,39.46,40.37,38676236,83.46,84.98,80.88,82.75,18869100,2026-02-21T03:45:41Z
CVX,2008-01-22,39.64,40.19,37.27,38.17,42832845,81.25,82.37,76.4,78.23,20897000,2026-02-21T03:45:41Z
CVX,2008-01-23,39.74,39.75,37.27,38.42,41823130,81.45,81.48,76.4,78.76,20404400,2026-02-21T03:45:41Z
CVX,2008-01-24,40.82,40.83,39.59,39.93,28593050,83.67,83.69,81.14,81.85,13949800,2026-02-21T03:45:41Z
CVX,2008-01-25,39.92,41.47,39.73,41.31,28798453,81.82,85,81.44,84.68,14050000,2026-02-21T03:45:41Z
CVX,2008-01-28,40.43,40.62,39.14,39.58,19983252,82.86,83.26,80.23,81.12,9749300,2026-02-21T03:45:41Z
CVX,2008-01-29,40.3,40.85,39.96,40.6,18835028,82.6,83.72,81.9,83.21,9189100,2026-02-21T03:45:41Z
CVX,2008-01-30,40.61,41.58,39.97,40.06,19298655,83.23,85.23,81.93,82.11,9415300,2026-02-21T03:45:41Z
CVX,2008-01-31,40.62,41.23,39.64,40.05,25901160,83.25,84.5,81.24,82.1,12636500,2026-02-21T03:45:41Z
CVX,2008-02-01,40.24,41.44,39.78,41.33,32924913,82.49,84.93,81.53,84.71,16063200,2026-02-21T03:45:41Z
CVX,2008-02-04,40.02,40.48,39.52,40.25,21110790,82.02,82.98,81.01,82.51,10299400,2026-02-21T03:45:41Z
CVX,2008-02-05,38.9,39.51,38.84,39.39,32144424,79.74,80.99,79.61,80.73,15682400,2026-02-21T03:45:41Z
CVX,2008-02-06,37.82,39.3,37.68,39.09,30965999,77.51,80.55,77.24,80.13,15107500,2026-02-21T03:45:41Z
CVX,2008-02-07,38.42,38.66,37.33,37.62,25789305,78.74,79.24,76.51,77.11,12581900,2026-02-21T03:45:41Z
CVX,2008-02-08,38.67,38.78,38.24,38.68,16975120,79.26,79.48,78.39,79.29,8281700,2026-02-21T03:45:41Z
CVX,2008-02-11,39.24,39.26,38.3,39.14,36132170,80.43,80.47,78.51,80.22,17627900,2026-02-21T03:45:41Z
CVX,2008-02-12,39.58,40.17,39.23,39.44,25278683,81.12,82.33,80.41,80.84,12332800,2026-02-21T03:45:41Z
CVX,2008-02-13,40.35,40.44,39.45,39.76,24724505,82.12,82.29,80.29,80.92,12149300,2026-02-21T03:45:41Z
CVX,2008-02-14,40.71,41.07,40.59,40.78,22773493,82.84,83.58,82.6,82.98,11190600,2026-02-21T03:45:41Z
CVX,2008-02-15,41.08,41.12,40.15,40.55,54923582,83.6,83.69,81.7,82.52,26988700,2026-02-21T03:45:41Z
CVX,2008-02-19,41.68,42.01,41.4,41.47,24425589,84.83,85.49,84.25,84.39,12002400,2026-02-21T03:45:41Z
CVX,2008-02-20,42.43,42.68,41.13,41.27,26897773,86.34,86.86,83.7,83.99,13217200,2026-02-21T03:45:41Z
CVX,2008-02-21,41.66,42.51,41.44,42.05,24805899,84.78,86.51,84.33,85.57,12189300,2026-02-21T03:45:41Z
CVX,2008-02-22,41.97,42.13,41.12,41.9,24735741,85.42,85.74,83.69,85.27,12154800,2026-02-21T03:45:41Z
CVX,2008-02-25,42.84,43.04,41.92,42.03,24040939,87.18,87.59,85.31,85.54,11813400,2026-02-21T03:45:41Z
CVX,2008-02-26,43.3,43.44,42.4,42.63,25789259,88.12,88.4,86.29,86.75,12672500,2026-02-21T03:45:41Z
CVX,2008-02-27,43.35,43.7,42.96,42.96,19804783,88.22,88.94,87.43,87.43,9731800,2026-02-21T03:45:41Z
CVX,2008-02-28,43.74,43.88,43.13,43.35,18295589,89.02,89.29,87.77,88.22,8990200,2026-02-21T03:45:41Z
CVX,2008-02-29,42.58,43.54,42.25,43.47,26422350,86.66,88.6,85.98,88.47,12983600,2026-02-21T03:45:41Z
CVX,2008-03-03,42.85,43.2,42.18,42.45,20064858,87.2,87.92,85.84,86.38,9859600,2026-02-21T03:45:41Z
CVX,2008-03-04,42.62,43.1,41.8,42.58,27876599,86.73,87.7,85.06,86.66,13698200,2026-02-21T03:45:41Z
CVX,2008-03-05,43.63,43.67,42.59,42.88,33024723,88.79,88.86,86.67,87.26,16227900,2026-02-21T03:45:41Z
CVX,2008-03-06,43.14,43.73,42.84,43.49,29094365,87.8,89,87.18,88.5,14296600,2026-02-21T03:45:41Z
CVX,2008-03-07,41.9,42.99,41.6,42.86,32378801,85.26,87.49,84.65,87.23,15910500,2026-02-21T03:45:41Z
CVX,2008-03-10,41.64,42.25,41.45,42.04,24516330,84.73,85.97,84.35,85.55,12047000,2026-02-21T03:45:41Z
CVX,2008-03-11,43.32,43.4,42.11,42.12,28444028,88.16,88.33,85.7,85.71,13977000,2026-02-21T03:45:41Z
CVX,2008-03-12,42.62,43.53,42.53,43,22297698,86.73,88.58,86.56,87.5,10956800,2026-02-21T03:45:41Z
CVX,2008-03-13,42.77,43.05,41.97,42.26,22315824,87.04,87.61,85.41,86,10965700,2026-02-21T03:45:41Z
CVX,2008-03-14,41.93,43.07,41.32,43,32239201,85.34,87.64,84.09,87.51,15841900,2026-02-21T03:45:41Z
CVX,2008-03-17,41.37,41.76,40.51,41.02,32411779,84.19,84.99,82.44,83.47,15926700,2026-02-21T03:45:41Z
CVX,2008-03-18,42.32,42.32,41.54,41.82,27330629,86.12,86.12,84.53,85.11,13429900,2026-02-21T03:45:41Z
CVX,2008-03-19,40.24,42.67,40.2,42.33,30112707,81.89,86.84,81.8,86.14,14797000,2026-02-21T03:45:41Z
CVX,2008-03-20,40.89,41.31,39.74,40,37390293,83.21,84.07,80.87,81.4,18373100,2026-02-21T03:45:41Z
CVX,2008-03-24,41.28,41.67,40.75,40.97,20293385,84.01,84.79,82.92,83.38,9971900,2026-02-21T03:45:41Z
CVX,2008-03-25,41.54,41.69,41.13,41.41,24671014,84.54,84.84,83.71,84.27,12123000,2026-02-21T03:45:41Z
CVX,2008-03-26,41.75,42.11,41.51,41.58,23758893,84.96,85.69,84.48,84.62,11674800,2026-02-21T03:45:41Z
CVX,2008-03-27,41.47,42.73,41.41,41.93,18617330,84.4,86.95,84.27,85.32,9148300,2026-02-21T03:45:41Z
CVX,2008-03-28,41.52,42.05,41.24,41.71,15307894,84.5,85.58,83.92,84.89,7522100,2026-02-21T03:45:41Z
CVX,2008-03-31,41.94,42.23,41.43,41.74,20741083,85.36,85.93,84.32,84.95,10191900,2026-02-21T03:45:41Z
CVX,2008-04-01,42.62,42.7,41.56,41.81,22537842,86.74,86.89,84.57,85.08,11074800,2026-02-21T03:45:41Z
CVX,2008-04-02,43,43.34,41.97,42.58,21740947,87.51,88.19,85.42,86.65,10683200,2026-02-21T03:45:41Z
CVX,2008-04-03,43.1,43.64,42.63,42.71,19991402,87.72,88.8,86.76,86.91,9823500,2026-02-21T03:45:41Z
CVX,2008-04-04,43.27,43.57,43.1,43.26,19842620,88.05,88.66,87.7,88.03,9750400,2026-02-21T03:45:41Z
CVX,2008-04-07,43.37,43.92,43.3,43.56,16948363,88.27,89.37,88.12,88.65,8328200,2026-02-21T03:45:41Z
CVX,2008-04-08,43.87,43.92,43.12,43.19,15045382,89.28,89.37,87.76,87.9,7393100,2026-02-21T03:45:41Z
CVX,2008-04-09,44.2,44.49,43.95,43.98,21792832,89.95,90.53,89.43,89.51,10708700,2026-02-21T03:45:41Z
CVX,2008-04-10,44.03,44.42,43.7,44.32,18559131,89.6,90.4,88.93,90.19,9119700,2026-02-21T03:45:41Z
CVX,2008-04-11,43.64,44.11,43.54,43.75,15144297,88.8,89.77,88.61,89.03,7441700,2026-02-21T03:45:41Z
CVX,2008-04-14,43.88,43.93,43.51,43.64,14615792,89.3,89.4,88.55,88.8,7182000,2026-02-21T03:45:41Z
CVX,2008-04-15,44.31,44.36,43.81,44.08,17096936,90.17,90.28,89.15,89.7,8401200,2026-02-21T03:45:41Z
CVX,2008-04-16,45.17,45.25,44.31,44.39,24247694,91.93,92.08,90.18,90.33,11915000,2026-02-21T03:45:41Z
CVX,2008-04-17,45.2,45.51,44.8,44.82,18574153,91.99,92.62,91.17,91.2,9127100,2026-02-21T03:45:41Z
CVX,2008-04-18,45.79,45.86,45.06,45.09,20720958,93.18,93.32,91.7,91.76,10182000,2026-02-21T03:45:41Z
CVX,2008-04-21,45.55,45.92,45.26,45.71,17419903,92.7,93.45,92.11,93.02,8559900,2026-02-21T03:45:41Z
CVX,2008-04-22,46.21,46.44,45.44,45.45,23355124,94.03,94.5,92.47,92.49,11476400,2026-02-21T03:45:41Z
CVX,2008-04-23,46.43,46.5,45.94,46.31,26501744,94.48,94.63,93.48,94.25,13022600,2026-02-21T03:45:41Z
CVX,2008-04-24,45.4,46.19,45.16,46.13,26313917,92.4,93.99,91.91,93.88,12930300,2026-02-21T03:45:41Z
CVX,2008-04-25,45.55,45.82,44.83,45.53,25925630,92.69,93.24,91.23,92.66,12739500,2026-02-21T03:45:41Z
CVX,2008-04-28,45.45,45.91,45.34,45.6,14588704,92.5,93.43,92.27,92.8,7168700,2026-02-21T03:45:41Z
CVX,2008-04-29,46.55,46.84,45.51,45.51,39701907,94.74,95.32,92.61,92.61,19509000,2026-02-21T03:45:41Z
CVX,2008-04-30,47.25,47.8,46.71,46.87,39765653,96.15,97.28,95.06,95.38,19540300,2026-02-21T03:45:41Z
CVX,2008-05-01,46.65,46.9,45.91,46.61,31041170,94.94,95.45,93.43,94.86,15253200,2026-02-21T03:45:41Z
CVX,2008-05-02,46.84,47.1,46.51,46.94,20983058,95.32,95.85,94.64,95.53,10310800,2026-02-21T03:45:41Z
CVX,2008-05-05,46.99,47.6,46.8,46.84,18435987,95.62,96.87,95.23,95.33,9059200,2026-02-21T03:45:41Z
CVX,2008-05-06,47.6,47.66,46.73,46.73,22159954,96.87,96.98,95.09,95.09,10889100,2026-02-21T03:45:41Z
CVX,2008-05-07,46.82,47.57,46.75,47.55,30348211,95.28,96.8,95.14,96.76,14912700,2026-02-21T03:45:41Z
CVX,2008-05-08,47.88,48.08,46.83,46.93,30676262,97.44,97.85,95.3,95.5,15073900,2026-02-21T03:45:41Z
CVX,2008-05-09,47.86,48.11,47.27,47.88,23017945,97.39,97.9,96.2,97.44,11310700,2026-02-21T03:45:41Z
CVX,2008-05-12,47.84,47.95,47.4,47.76,19077036,97.36,97.59,96.46,97.2,9374200,2026-02-21T03:45:41Z
CVX,2008-05-13,48.02,48.15,47.33,47.87,21640603,97.73,97.98,96.31,97.42,10633900,2026-02-21T03:45:41Z
CVX,2008-05-14,48.02,48.65,47.92,48.15,27272824,97.72,99,97.51,97.98,13401500,2026-02-21T03:45:41Z
CVX,2008-05-15,48.72,48.78,48.19,48.69,27157944,98.49,98.6,97.41,98.43,13434400,2026-02-21T03:45:41Z
CVX,2008-05-16,49.66,49.7,48.92,49.07,32969981,100.38,100.47,98.89,99.2,16309500,2026-02-21T03:45:41Z
CVX,2008-05-19,50.56,50.86,49.67,49.77,26098639,102.2,102.81,100.41,100.62,12910400,2026-02-21T03:45:41Z
CVX,2008-05-20,51,51.08,50.57,50.83,32892947,103.09,103.25,102.22,102.76,16271400,2026-02-21T03:45:41Z
CVX,2008-05-21,50.96,51.76,50.8,51.08,44462768,103.02,104.63,102.69,103.25,21994700,2026-02-21T03:45:41Z
CVX,2008-05-22,50.41,51.16,50.32,50.88,35142147,101.91,103.42,101.72,102.85,17384000,2026-02-21T03:45:41Z
CVX,2008-05-23,49.83,50.75,49.72,50.52,23215155,100.73,102.59,100.5,102.12,11484000,2026-02-21T03:45:41Z
CVX,2008-05-27,49.26,49.61,48.76,49.45,25922994,99.58,100.28,98.56,99.96,12823500,2026-02-21T03:45:41Z
CVX,2008-05-28,49.68,49.76,48.76,48.9,21234042,100.42,100.58,98.57,98.86,10504000,2026-02-21T03:45:41Z
CVX,2008-05-29,48.9,49.72,48.89,49.49,26617755,98.86,100.5,98.83,100.04,13167200,2026-02-21T03:45:41Z
CVX,2008-05-30,49.05,49.22,48.65,49.04,24023970,99.15,99.49,98.35,99.13,11884100,2026-02-21T03:45:41Z
CVX,2008-06-02,49.16,49.32,48.39,48.88,23553729,99.37,99.7,97.82,98.82,11651500,2026-02-21T03:45:41Z
CVX,2008-06-03,48.41,49.58,48.3,48.99,28381747,97.86,100.22,97.63,99.04,14039800,2026-02-21T03:45:41Z
CVX,2008-06-04,47.51,48.34,47.26,48.07,27796913,96.04,97.72,95.53,97.18,13750500,2026-02-21T03:45:41Z
CVX,2008-06-05,49.46,49.59,47.69,47.69,28139142,99.99,100.24,96.4,96.4,13919800,2026-02-21T03:45:41Z
CVX,2008-06-06,49.22,50.53,48.66,49.82,37551947,99.5,102.15,98.36,100.71,18576100,2026-02-21T03:45:41Z
CVX,2008-06-09,50.06,50.11,49.22,49.44,23320274,101.2,101.3,99.5,99.95,11536000,2026-02-21T03:45:41Z
CVX,2008-06-10,48.86,50.06,48.31,49.69,31279193,98.78,101.19,97.66,100.45,15473100,2026-02-21T03:45:41Z
CVX,2008-06-11,49.18,49.46,48.61,49.25,23330974,99.42,99.98,98.27,99.55,11541300,2026-02-21T03:45:41Z
CVX,2008-06-12,48.51,48.91,48.27,48.91,26856528,98.06,98.87,97.57,98.87,13285300,2026-02-21T03:45:41Z
CVX,2008-06-13,49.17,49.33,47.99,48.21,18917191,99.4,99.73,97.01,97.45,9357900,2026-02-21T03:45:41Z
CVX,2008-06-16,49.22,49.91,49.03,49.35,15273202,99.49,100.9,99.11,99.77,7555300,2026-02-21T03:45:41Z
CVX,2008-06-17,49.65,49.91,49,49.37,18526647,100.37,100.89,99.06,99.8,9164700,2026-02-21T03:45:41Z
CVX,2008-06-18,49.1,49.62,48.39,49.54,26316992,99.26,100.31,97.83,100.15,13018400,2026-02-21T03:45:41Z
CVX,2008-06-19,47.91,49.49,47.91,49.25,31018231,96.86,100.04,96.86,99.56,15344000,2026-02-21T03:45:41Z
CVX,2008-06-20,47.8,48.52,47.53,48.14,30383458,96.62,98.08,96.09,97.32,15030000,2026-02-21T03:45:41Z
CVX,2008-06-23,49,49.04,47.5,47.51,24624554,99.06,99.14,96.03,96.05,12181200,2026-02-21T03:45:41Z
CVX,2008-06-24,48.79,49.24,48.49,48.74,21197283,98.64,99.53,98.02,98.53,10485800,2026-02-21T03:45:41Z
CVX,2008-06-25,49.15,49.55,48.16,48.88,28670834,99.36,100.17,97.35,98.81,14182800,2026-02-21T03:45:41Z
CVX,2008-06-26,48.19,49.58,48.19,49.04,29567164,97.41,100.22,97.41,99.13,14626200,2026-02-21T03:45:41Z
CVX,2008-06-27,48.38,49.13,48.15,48.15,34518290,97.8,99.32,97.33,97.33,17075400,2026-02-21T03:45:41Z
CVX,2008-06-30,49.04,49.23,48.24,48.63,24961757,99.13,99.52,97.51,98.3,12348000,2026-02-21T03:45:41Z
CVX,2008-07-01,49.01,49.28,48.35,48.83,27152867,99.08,99.61,97.73,98.71,13431900,2026-02-21T03:45:41Z
CVX,2008-07-02,48.19,49.47,48.07,49.02,35538164,97.42,100,97.17,99.1,17579900,2026-02-21T03:45:41Z
CVX,2008-07-03,48.79,49.19,47.98,48.37,19007955,98.63,99.43,97,97.79,9402800,2026-02-21T03:45:41Z
CVX,2008-07-07,47.89,49.15,47.39,48.54,30882188,96.82,99.35,95.8,98.12,15276700,2026-02-21T03:45:41Z
CVX,2008-07-08,47.39,48,46.77,47.52,39340222,95.79,97.04,94.55,96.06,19460700,2026-02-21T03:45:41Z
CVX,2008-07-09,46.46,47.88,46.37,47.63,28901292,93.91,96.79,93.73,96.29,14296800,2026-02-21T03:45:41Z
CVX,2008-07-10,47.61,47.61,45.77,46.37,36597992,96.25,96.25,92.53,93.74,18104200,2026-02-21T03:45:41Z
CVX,2008-07-11,45.63,47.29,45.1,46.97,35153206,92.25,95.59,91.16,94.96,17389500,2026-02-21T03:45:41Z
CVX,2008-07-14,45.91,46.16,45.26,45.81,23621892,92.8,93.31,91.5,92.61,11685200,2026-02-21T03:45:41Z
CVX,2008-07-15,44.23,45.93,44.1,45.63,30866212,89.42,92.84,89.14,92.24,15268800,2026-02-21T03:45:41Z
CVX,2008-07-16,42.74,44.32,42.58,44.19,40840741,86.39,89.6,86.07,89.34,20203000,2026-02-21T03:45:41Z
CVX,2008-07-17,42.38,42.91,41.54,42.61,41516763,85.67,86.75,83.97,86.14,20537400,2026-02-21T03:45:41Z
CVX,2008-07-18,42.57,43.08,42.15,42.51,32632977,86.05,87.08,85.2,85.93,16142800,2026-02-21T03:45:41Z
CVX,2008-07-21,42.99,43.01,42.29,42.82,33609996,86.91,86.95,85.48,86.57,16626100,2026-02-21T03:45:41Z
CVX,2008-07-22,42.36,43.29,42.11,42.8,30482509,85.63,87.51,85.13,86.52,15079000,2026-02-21T03:45:41Z
CVX,2008-07-23,40.89,42.45,40.73,42.35,38635266,82.65,85.81,82.33,85.61,19112000,2026-02-21T03:45:41Z
CVX,2008-07-24,40.56,41.3,40.33,40.89,38337555,82,83.48,81.53,82.66,18964700,2026-02-21T03:45:41Z
CVX,2008-07-25,40.84,41.54,40.51,40.59,29160666,82.56,83.97,81.9,82.05,14425100,2026-02-21T03:45:41Z
CVX,2008-07-28,40.81,41.29,40.63,40.99,22167194,82.49,83.47,82.13,82.86,10965600,2026-02-21T03:45:41Z
CVX,2008-07-29,40.98,41.4,40.3,40.87,28479217,82.84,83.69,81.46,82.62,14088000,2026-02-21T03:45:41Z
CVX,2008-07-30,43.17,43.25,40.77,41.11,35016598,87.26,87.42,82.42,83.11,17321900,2026-02-21T03:45:41Z
CVX,2008-07-31,41.83,43.03,41.66,42.62,30589243,84.56,86.99,84.21,86.16,15131800,2026-02-21T03:45:41Z
CVX,2008-08-01,41.71,42.28,41.29,41.55,26460106,84.31,85.46,83.46,84,13089200,2026-02-21T03:45:41Z
CVX,2008-08-04,40.96,41.93,40.6,41.58,33381141,82.8,84.76,82.08,84.06,16512900,2026-02-21T03:45:41Z
CVX,2008-08-05,40.81,41.21,39.99,40.84,44400289,82.49,83.3,80.85,82.55,21963800,2026-02-21T03:45:41Z
CVX,2008-08-06,41.83,41.96,40.57,40.75,39497881,84.56,84.82,82.01,82.38,19538700,2026-02-21T03:45:41Z
CVX,2008-08-07,41.27,42.2,41.22,41.96,25503713,83.43,85.31,83.32,84.82,12616100,2026-02-21T03:45:41Z
CVX,2008-08-08,41.75,41.77,40.5,40.93,28482651,84.4,84.44,81.87,82.75,14089700,2026-02-21T03:45:41Z
CVX,2008-08-11,41.59,42.11,41.08,41.85,23071791,84.08,85.12,83.05,84.6,11413100,2026-02-21T03:45:41Z
CVX,2008-08-12,41.34,41.97,41.12,41.97,25643201,83.56,84.84,83.12,84.84,12685100,2026-02-21T03:45:41Z
CVX,2008-08-13,42.66,42.71,41.16,41.27,31014741,86.24,86.33,83.21,83.42,15342300,2026-02-21T03:45:41Z
CVX,2008-08-14,42.83,43.27,42.11,42.47,29080007,86.58,87.48,85.12,85.86,14385200,2026-02-21T03:45:41Z
CVX,2008-08-15,41.99,42.72,41.69,42.59,31426571,84.25,85.72,83.65,85.44,15663600,2026-02-21T03:45:41Z
CVX,2008-08-18,41.46,42.53,41.27,42.21,20832059,83.19,85.33,82.81,84.69,10383100,2026-02-21T03:45:41Z
CVX,2008-08-19,42.22,42.53,41.24,41.24,21814363,84.71,85.33,82.75,82.75,10872700,2026-02-21T03:45:41Z
CVX,2008-08-20,43.09,43.36,42.12,42.52,23453363,86.46,87,84.5,85.31,11689600,2026-02-21T03:45:41Z
CVX,2008-08-21,44.12,44.41,43.43,43.49,22521237,88.52,89.1,87.14,87.25,11225000,2026-02-21T03:45:41Z
CVX,2008-08-22,43.91,44.25,43.49,43.7,17203602,88.1,88.78,87.25,87.68,8574600,2026-02-21T03:45:41Z
CVX,2008-08-25,42.62,44.15,42.39,44.15,22762580,85.51,88.58,85.04,88.58,11345300,2026-02-21T03:45:41Z
CVX,2008-08-26,42.76,42.94,42.29,42.76,18762111,85.79,86.16,84.85,85.8,9351400,2026-02-21T03:45:41Z
CVX,2008-08-27,43.17,43.36,42.77,43.21,16512996,86.62,87,85.81,86.69,8230400,2026-02-21T03:45:41Z
CVX,2008-08-28,43.45,43.61,42.55,43.52,17774188,87.18,87.49,85.36,87.32,8859000,2026-02-21T03:45:41Z
CVX,2008-08-29,43.02,43.73,42.92,43.67,16231936,86.32,87.73,86.12,87.62,8090300,2026-02-21T03:45:41Z
CVX,2008-09-02,41.51,42.17,41.47,42.11,26976310,83.29,84.61,83.21,84.49,13445500,2026-02-21T03:45:41Z
CVX,2008-09-03,41.96,42.09,41.34,41.42,21586060,84.18,84.44,82.94,83.1,10758900,2026-02-21T03:45:41Z
CVX,2008-09-04,40.48,42.06,40.28,41.94,33761946,81.22,84.38,80.82,84.14,16827600,2026-02-21T03:45:41Z
CVX,2008-09-05,39.98,40.74,39.43,40.46,31194615,80.22,81.73,79.11,81.18,15548000,2026-02-21T03:45:41Z
CVX,2008-09-08,40.4,41.05,39.71,40.72,31002400,81.05,82.35,79.67,81.7,15452200,2026-02-21T03:45:41Z
CVX,2008-09-09,39.27,40.54,39.25,39.97,42434412,78.79,81.34,78.75,80.2,21150100,2026-02-21T03:45:41Z
CVX,2008-09-10,40.45,40.73,39.54,39.7,35609589,81.16,81.72,79.33,79.65,17748500,2026-02-21T03:45:41Z
CVX,2008-09-11,41.27,41.37,39.69,40.11,32806128,82.8,83,79.63,80.48,16351200,2026-02-21T03:45:41Z
CVX,2008-09-12,41.99,42.11,41.11,41.32,26865759,84.24,84.48,82.47,82.9,13390400,2026-02-21T03:45:41Z
CVX,2008-09-15,39.92,41.77,39.92,40.45,34901737,80.09,83.8,80.09,81.16,17395700,2026-02-21T03:45:41Z
CVX,2008-09-16,40.8,41.06,38.63,39.3,41061217,81.86,82.37,77.5,78.84,20465700,2026-02-21T03:45:41Z
CVX,2008-09-17,39.9,41.82,39.62,40.37,46657178,80.05,83.9,79.5,81,23254800,2026-02-21T03:45:41Z
CVX,2008-09-18,41.31,41.62,39.32,40.55,46920927,82.88,83.5,78.88,81.36,23386300,2026-02-21T03:45:41Z
CVX,2008-09-19,43.76,43.92,41.72,42.65,48076806,87.8,88.11,83.71,85.56,23962400,2026-02-21T03:45:41Z
CVX,2008-09-22,43.53,44.73,43.24,43.97,29344005,87.33,89.75,86.75,88.22,14625600,2026-02-21T03:45:41Z
CVX,2008-09-23,42.59,44.06,42.31,43.44,29330737,85.46,88.39,84.89,87.16,14619000,2026-02-21T03:45:41Z
CVX,2008-09-24,42.48,43.16,42.29,42.73,22538695,85.23,86.59,84.85,85.74,11233700,2026-02-21T03:45:41Z
CVX,2008-09-25,43.6,43.95,42.42,42.42,27666088,87.47,88.17,85.1,85.1,13789300,2026-02-21T03:45:41Z
CVX,2008-09-26,43.34,43.42,42.32,42.87,23814316,86.95,87.12,84.91,86.01,11869500,2026-02-21T03:45:41Z
CVX,2008-09-29,38.63,42.62,38.63,42.38,46949622,77.5,85.51,77.5,85.02,23400600,2026-02-21T03:45:41Z
CVX,2008-09-30,41.11,41.21,39.18,39.3,40385700,82.48,82.69,78.6,78.85,20129000,2026-02-21T03:45:41Z
CVX,2008-10-01,40.97,41.41,39.11,40.63,29361268,82.2,83.09,78.47,81.51,14634200,2026-02-21T03:45:41Z
CVX,2008-10-02,39.65,40.87,39.31,40.62,37762416,79.56,81.99,78.87,81.5,18821500,2026-02-21T03:45:41Z
CVX,2008-10-03,39.56,41.72,39.41,39.85,37802733,79.38,83.7,79.07,79.96,18841600,2026-02-21T03:45:41Z
CVX,2008-10-06,38.3,38.8,36.22,38.7,52232579,76.84,77.85,72.66,77.64,26033700,2026-02-21T03:45:41Z
CVX,2008-10-07,36.56,39.15,36.16,38.89,49090269,73.35,78.55,72.55,78.02,24467500,2026-02-21T03:45:41Z
CVX,2008-10-08,36.43,38.46,35.09,35.95,56276189,73.1,77.16,70.4,72.13,28049100,2026-02-21T03:45:41Z
CVX,2008-10-09,31.9,36.82,31.9,36.76,54103301,64,73.88,64,73.75,26966100,2026-02-21T03:45:41Z
CVX,2008-10-10,28.82,32.28,27.66,30.15,96726752,57.83,64.76,55.5,60.5,48210500,2026-02-21T03:45:41Z
CVX,2008-10-13,34.83,35.13,29.62,29.99,62200685,69.89,70.49,59.43,60.17,31002000,2026-02-21T03:45:41Z
CVX,2008-10-14,34.16,36.88,32.47,36.15,54352327,68.54,74,65.15,72.52,27090200,2026-02-21T03:45:41Z
CVX,2008-10-15,29.9,33.14,29.12,33.14,50421184,59.98,66.48,58.42,66.48,25130900,2026-02-21T03:45:41Z
CVX,2008-10-16,31.45,32.09,27.72,30.2,63803224,63.1,64.39,55.62,60.6,31800700,2026-02-21T03:45:41Z
CVX,2008-10-17,31.08,33.6,29.65,30.68,43588660,62.35,67.41,59.49,61.55,21725400,2026-02-21T03:45:41Z
CVX,2008-10-20,34.69,34.89,31.9,31.95,36694076,69.61,70,64,64.1,18289000,2026-02-21T03:45:41Z
CVX,2008-10-21,33.29,34.58,32.4,33.9,35179428,66.8,69.38,65,68.01,17534100,2026-02-21T03:45:41Z
CVX,2008-10-22,30.77,32.32,29.97,31.84,44629703,61.74,64.84,60.12,63.89,22244300,2026-02-21T03:45:41Z
CVX,2008-10-23,33.28,33.44,30.11,31.34,54064209,66.77,67.1,60.41,62.88,26946600,2026-02-21T03:45:41Z
CVX,2008-10-24,31.85,32.63,30.19,30.43,39677408,63.91,65.46,60.57,61.05,19776000,2026-02-21T03:45:41Z
CVX,2008-10-27,30.76,33.14,30.34,31.19,36673405,61.71,66.48,60.88,62.58,18278700,2026-02-21T03:45:41Z
CVX,2008-10-28,34.9,35.32,30.47,31.77,50327331,70.02,70.87,61.14,63.75,25084100,2026-02-21T03:45:41Z
CVX,2008-10-29,35.39,37.04,34.6,35,51900180,71,74.32,69.41,70.22,25868000,2026-02-21T03:45:41Z
CVX,2008-10-30,36.97,37.33,35.3,35.95,43838846,74.18,74.89,70.82,72.13,21850100,2026-02-21T03:45:41Z
CVX,2008-10-31,37.18,37.87,35.99,36.81,41144451,74.6,75.98,72.2,73.86,20507200,2026-02-21T03:45:41Z
CVX,2008-11-03,36.73,37.33,36.22,36.76,20998997,73.69,74.89,72.67,73.76,10466300,2026-02-21T03:45:41Z
CVX,2008-11-04,38.97,39.34,37.28,37.44,40406146,78.19,78.92,74.8,75.12,20139200,2026-02-21T03:45:41Z
CVX,2008-11-05,37.32,39.05,36.88,38.34,32923716,74.88,78.35,74,76.92,16409800,2026-02-21T03:45:41Z
CVX,2008-11-06,34.94,37.31,34.41,36.76,42927283,70.11,74.86,69.03,73.76,21395800,2026-02-21T03:45:41Z
CVX,2008-11-07,36.61,36.88,35.19,35.19,31964635,73.46,73.99,70.6,70.6,15931800,2026-02-21T03:45:41Z
CVX,2008-11-10,37.05,37.92,36.29,37.49,26897423,74.34,76.08,72.81,75.22,13406200,2026-02-21T03:45:41Z
CVX,2008-11-11,36.65,37.38,35.67,36.18,31680400,73.54,75,71.56,72.59,15790100,2026-02-21T03:45:41Z
CVX,2008-11-12,33.53,36.32,33.46,35.88,45037650,67.28,72.87,67.13,71.98,22447600,2026-02-21T03:45:41Z
CVX,2008-11-13,37.74,37.94,32.84,33.72,57183421,75.71,76.11,65.88,67.66,28501300,2026-02-21T03:45:41Z
CVX,2008-11-14,36.54,38.89,35.19,37.17,52942974,72.68,77.35,69.99,73.93,26616300,2026-02-21T03:45:41Z
CVX,2008-11-17,35.58,36.99,35.49,36.25,41716390,70.78,73.57,70.6,72.1,20972300,2026-02-21T03:45:41Z
CVX,2008-11-18,36.9,37.23,35.19,35.68,46980155,73.4,74.05,70,70.97,23618600,2026-02-21T03:45:41Z
CVX,2008-11-19,35.5,37.71,35.37,36.88,43757666,70.61,75,70.35,73.35,21998500,2026-02-21T03:45:41Z
CVX,2008-11-20,32.38,35.82,32.31,34.87,68016824,64.4,71.25,64.27,69.35,34194400,2026-02-21T03:45:41Z
CVX,2008-11-21,35.44,35.71,32.31,32.91,69143164,70.49,71.04,64.27,65.46,34760700,2026-02-21T03:45:41Z
CVX,2008-11-24,37.35,39.09,35.27,36.03,54737405,74.3,77.75,70.16,71.66,27518400,2026-02-21T03:45:41Z
CVX,2008-11-25,38.47,39,37.35,37.8,43792861,76.53,77.58,74.29,75.19,22016200,2026-02-21T03:45:41Z
CVX,2008-11-26,40.18,40.22,37.84,38.14,39116043,79.93,80,75.27,75.86,19665000,2026-02-21T03:45:41Z
CVX,2008-11-28,39.72,39.84,38.67,39.28,17226170,79.01,79.25,76.93,78.14,8660200,2026-02-21T03:45:41Z
CVX,2008-12-01,36.21,38.53,36.2,38.28,45148402,72.02,76.65,72.01,76.14,22697700,2026-02-21T03:45:41Z
CVX,2008-12-02,37.98,38.69,36.72,36.96,41889467,75.54,76.95,73.04,73.51,21059300,2026-02-21T03:45:41Z
CVX,2008-12-03,37.57,37.82,36.7,37.05,44917912,74.74,75.23,73,73.7,22581800,2026-02-21T03:45:41Z
CVX,2008-12-04,36.08,37.68,35.45,36.92,42599935,71.76,74.95,70.51,73.44,21416500,2026-02-21T03:45:41Z
CVX,2008-12-05,37.41,37.84,34.3,35.62,45533375,74.42,75.27,68.22,70.85,22891200,2026-02-21T03:45:41Z
CVX,2008-12-08,39.26,39.86,38.15,38.22,43672883,78.09,79.28,75.88,76.03,21955900,2026-02-21T03:45:41Z
CVX,2008-12-09,37.99,39.51,37.82,38.85,39168900,75.56,78.59,75.22,77.28,19691600,2026-02-21T03:45:41Z
CVX,2008-12-10,39.43,39.92,38.42,38.61,35128674,78.44,79.4,76.43,76.8,17660400,2026-02-21T03:45:41Z
CVX,2008-12-11,39.95,41.18,39.57,39.72,40882794,79.46,81.92,78.7,79.01,20553200,2026-02-21T03:45:41Z
CVX,2008-12-12,39.72,40.52,38.57,38.77,35420817,79,80.59,76.72,77.12,17807300,2026-02-21T03:45:41Z
CVX,2008-12-15,39.32,40.53,38.75,40.31,32838575,78.21,80.61,77.07,80.19,16509100,2026-02-21T03:45:41Z
CVX,2008-12-16,39.72,40.25,39.19,39.69,46259353,79.01,80.06,77.96,78.95,23256200,2026-02-21T03:45:41Z
CVX,2008-12-17,38.62,39.72,38.46,39.44,41470363,76.82,79,76.5,78.45,20848600,2026-02-21T03:45:41Z
CVX,2008-12-18,36.71,38.58,36.31,38.46,42714394,73.03,76.74,72.23,76.5,21474000,2026-02-21T03:45:41Z
CVX,2008-12-19,35.62,37.53,35.61,36.99,62362628,70.85,74.65,70.84,73.57,31351900,2026-02-21T03:45:41Z
CVX,2008-12-22,34.88,36.2,34.47,36,33542503,69.39,72,68.56,71.6,16863000,2026-02-21T03:45:41Z
CVX,2008-12-23,34.79,35.59,34.61,35.24,28183007,69.2,70.79,68.85,70.1,14168600,2026-02-21T03:45:41Z
CVX,2008-12-24,35,35.19,34.38,34.58,7405892,69.62,69.99,68.38,68.79,3723200,2026-02-21T03:45:41Z
CVX,2008-12-26,35.37,35.49,34.92,35.15,13457588,70.35,70.59,69.46,69.92,6765600,2026-02-21T03:45:41Z
CVX,2008-12-29,35.97,36.06,35.4,35.82,17901275,71.55,71.73,70.41,71.25,8999600,2026-02-21T03:45:41Z
CVX,2008-12-30,36.89,36.95,35.82,35.95,19896760,73.38,73.49,71.25,71.5,10002800,2026-02-21T03:45:41Z
CVX,2008-12-31,37.19,37.52,36.65,36.65,19820386,73.97,74.63,72.9,72.9,9964400,2026-02-21T03:45:41Z
CVX,2009-01-02,38.47,38.86,36.99,37.32,27277577,76.52,77.3,73.58,74.23,13713400,2026-02-21T03:45:41Z
CVX,2009-01-05,38.54,39.4,38.08,38.29,33724300,76.66,78.37,75.74,76.16,16954400,2026-02-21T03:45:41Z
CVX,2009-01-06,38.89,39.44,38.37,38.99,31635314,77.35,78.45,76.33,77.56,15904200,2026-02-21T03:45:41Z
CVX,2009-01-07,37.18,38.75,36.87,38.41,25508652,73.96,77.07,73.33,76.41,12824100,2026-02-21T03:45:41Z
CVX,2009-01-08,37.32,37.63,36.81,37.01,22668370,74.24,74.84,73.22,73.61,11396200,2026-02-21T03:45:41Z
CVX,2009-01-09,36.61,37.2,36.3,37.14,28227765,72.82,74,72.2,73.88,14191100,2026-02-21T03:45:41Z
CVX,2009-01-12,35.6,36.5,35.41,36.31,28236740,70.82,72.61,70.44,72.23,14195600,2026-02-21T03:45:41Z
CVX,2009-01-13,36.11,36.55,35.48,35.48,28601571,71.82,72.7,70.58,70.58,14379000,2026-02-21T03:45:41Z
CVX,2009-01-14,35.04,35.78,34.6,35.6,30152868,69.69,71.18,68.83,70.81,15158900,2026-02-21T03:45:41Z
CVX,2009-01-15,35.58,35.82,34.31,35.04,38387172,70.77,71.25,68.25,69.7,19298600,2026-02-21T03:45:41Z
CVX,2009-01-16,36.07,36.67,35.38,36.24,31021518,71.74,72.94,70.38,72.08,15595600,2026-02-21T03:45:41Z
CVX,2009-01-20,34.34,36.3,34.19,35.66,31994613,68.31,72.2,68,70.93,16084800,2026-02-21T03:45:41Z
CVX,2009-01-21,35.81,35.94,34.39,34.4,31606726,71.23,71.49,68.41,68.43,15889800,2026-02-21T03:45:41Z
CVX,2009-01-22,35.17,35.68,34.33,35.15,28494941,69.95,70.97,68.28,69.92,14325400,2026-02-21T03:45:41Z
CVX,2009-01-23,35.6,35.75,34.28,34.39,26704520,70.82,71.11,68.18,68.4,13425300,2026-02-21T03:45:41Z
CVX,2009-01-26,35.84,36.39,35.26,35.91,27895792,71.29,72.39,70.13,71.43,14024200,2026-02-21T03:45:41Z
CVX,2009-01-27,36.24,36.51,35.6,35.84,27119829,72.09,72.63,70.82,71.28,13634100,2026-02-21T03:45:41Z
CVX,2009-01-28,37.1,37.21,36.18,36.7,29151949,73.79,74.02,71.96,72.99,14655700,2026-02-21T03:45:41Z
CVX,2009-01-29,35.5,36.54,35.5,36.45,31489902,70.62,72.69,70.61,72.51,15831100,2026-02-21T03:45:41Z
CVX,2009-01-30,35.45,36.55,35.28,36.35,35565427,70.52,72.7,70.18,72.3,17880000,2026-02-21T03:45:41Z
CVX,2009-02-02,35.34,35.62,34.75,34.95,24754355,70.29,70.85,69.12,69.52,12444900,2026-02-21T03:45:41Z
CVX,2009-02-03,36.02,36.09,35.16,35.48,24883312,71.64,71.79,69.94,70.57,12509700,2026-02-21T03:45:41Z
CVX,2009-02-04,36,36.66,35.7,36.34,23985815,71.6,72.93,71.01,72.29,12058500,2026-02-21T03:45:41Z
CVX,2009-02-05,36.83,36.91,35.68,35.94,29706934,73.25,73.42,70.97,71.48,14934700,2026-02-21T03:45:41Z
CVX,2009-02-06,37.65,37.71,36.34,36.49,26561474,74.9,75,72.29,72.58,13353400,2026-02-21T03:45:41Z
CVX,2009-02-09,37.41,37.99,37,37.41,29628162,74.42,75.56,73.59,74.41,14895100,2026-02-21T03:45:41Z
CVX,2009-02-10,35.75,37.83,35.47,37.38,40086940,71.12,75.24,70.56,74.36,20153100,2026-02-21T03:45:41Z
CVX,2009-02-11,35.82,36.25,35.33,35.93,30902957,71.26,72.1,70.28,71.47,15536000,2026-02-21T03:45:41Z
CVX,2009-02-12,35.44,35.55,34.47,35.49,33973879,69.86,70.06,67.94,69.95,17237100,2026-02-21T03:45:41Z
CVX,2009-02-13,35.38,35.89,31.96,35.37,21392785,69.73,70.74,63,69.71,10853900,2026-02-21T03:45:41Z
CVX,2009-02-17,33.58,34.47,33.54,34.11,37122118,66.18,67.93,66.11,67.23,18834400,2026-02-21T03:45:41Z
CVX,2009-02-18,33.55,34.1,33.28,33.74,24763171,66.12,67.2,65.6,66.49,12563900,2026-02-21T03:45:41Z
CVX,2009-02-19,33.83,34.35,33.48,33.48,20038688,66.68,67.71,65.99,65.99,10166900,2026-02-21T03:45:41Z
CVX,2009-02-20,33.01,33.59,32.33,33.22,39193843,65.07,66.21,63.73,65.48,19885500,2026-02-21T03:45:41Z
CVX,2009-02-23,31.93,33.92,31.75,33.48,37079204,62.94,66.86,62.57,65.99,18812600,2026-02-21T03:45:41Z
CVX,2009-02-24,33.12,33.4,31.75,32.1,37904960,65.28,65.83,62.58,63.27,19231600,2026-02-21T03:45:41Z
CVX,2009-02-25,32.22,33.29,32.1,33.13,52587510,63.5,65.62,63.26,65.3,26681000,2026-02-21T03:45:41Z
CVX,2009-02-26,32.05,33.13,31.93,32.65,30967198,63.17,65.29,62.93,64.36,15711600,2026-02-21T03:45:41Z
CVX,2009-02-27,30.8,31.84,30.73,31.41,40413679,60.71,62.76,60.57,61.91,20504400,2026-02-21T03:45:41Z
CVX,2009-03-02,29.23,30.54,29.22,30.12,38068347,57.62,60.19,57.6,59.37,19314500,2026-02-21T03:45:41Z
CVX,2009-03-03,29.29,30.02,29.11,29.67,37973161,57.73,59.17,57.37,58.48,19266200,2026-02-21T03:45:41Z
CVX,2009-03-04,30.08,30.67,29.86,29.97,37630821,59.28,60.44,58.85,59.06,19092500,2026-02-21T03:45:41Z
CVX,2009-03-05,28.65,29.56,28.47,29.46,43889700,56.46,58.26,56.12,58.06,22268000,2026-02-21T03:45:41Z
CVX,2009-03-06,29.56,30.12,28.65,29.19,43573796,58.27,59.36,56.47,57.53,22107700,2026-02-21T03:45:41Z
CVX,2009-03-09,29.57,30.23,29.18,29.24,34820255,58.28,59.59,57.51,57.63,17666500,2026-02-21T03:45:41Z
CVX,2009-03-10,31.34,31.35,30.08,30.39,43255398,61.78,61.78,59.28,59.89,21946200,2026-02-21T03:45:41Z
CVX,2009-03-11,31.06,31.86,30.61,31.43,30275526,61.22,62.8,60.34,61.95,15360700,2026-02-21T03:45:41Z
CVX,2009-03-12,32.17,32.22,31.02,31.31,30752550,63.4,63.51,61.14,61.71,15602700,2026-02-21T03:45:41Z
CVX,2009-03-13,31.92,32.46,31.51,32.41,28294736,62.91,63.98,62.1,63.88,14355700,2026-02-21T03:45:41Z
CVX,2009-03-16,31.93,32.57,31.28,31.28,26158611,62.94,64.2,61.66,61.66,13271900,2026-02-21T03:45:41Z
CVX,2009-03-17,33.14,33.15,31.68,32.02,29038559,65.31,65.34,62.43,63.11,14733100,2026-02-21T03:45:41Z
CVX,2009-03-18,33.79,33.98,32.45,32.83,35169100,66.59,66.98,63.96,64.7,17843500,2026-02-21T03:45:41Z
CVX,2009-03-19,34.06,35.11,33.91,34.63,33945693,67.13,69.2,66.83,68.25,17222800,2026-02-21T03:45:41Z
CVX,2009-03-20,32.83,34.49,32.61,34.27,46933793,64.71,67.98,64.27,67.54,23812500,2026-02-21T03:45:41Z
CVX,2009-03-23,35.08,35.1,33.36,33.44,40054105,69.15,69.18,65.75,65.91,20322000,2026-02-21T03:45:41Z
CVX,2009-03-24,34.99,35.51,34.61,34.62,30337274,68.97,69.99,68.21,68.24,15392000,2026-02-21T03:45:41Z
CVX,2009-03-25,35.36,35.61,34.42,35.19,32978556,69.7,70.18,67.84,69.35,16732100,2026-02-21T03:45:41Z
CVX,2009-03-26,35.6,35.98,35.09,35.82,31347540,70.17,70.92,69.16,70.59,15904600,2026-02-21T03:45:41Z
CVX,2009-03-27,34.96,35.31,34.75,35.05,25312458,68.9,69.59,68.5,69.08,12842600,2026-02-21T03:45:41Z
CVX,2009-03-30,33.89,34.45,33.47,34.27,28194170,66.8,67.89,65.96,67.54,14304700,2026-02-21T03:45:41Z
CVX,2009-03-31,34.12,34.77,33.88,34.22,36841063,67.24,68.53,66.78,67.44,18691800,2026-02-21T03:45:41Z
CVX,2009-04-01,34.65,34.86,33.4,33.49,28182972,68.3,68.7,65.83,66,14299000,2026-02-21T03:45:41Z
CVX,2009-04-02,35.67,36.17,35.27,35.52,35613547,70.31,71.29,69.51,70,18069000,2026-02-21T03:45:41Z
CVX,2009-04-03,35.76,35.98,35.22,35.47,22813218,70.48,70.92,69.42,69.9,11574600,2026-02-21T03:45:41Z
CVX,2009-04-06,35.46,35.54,34.84,35.38,20558260,69.89,70.05,68.67,69.74,10430500,2026-02-21T03:45:41Z
CVX,2009-04-07,34.7,35.09,34.46,35.04,21850448,68.4,69.17,67.92,69.06,11086100,2026-02-21T03:45:41Z
CVX,2009-04-08,34.74,35.05,34.2,34.36,22158506,68.48,69.09,67.41,67.73,11242400,2026-02-21T03:45:41Z
CVX,2009-04-09,35.12,35.44,34.76,35.29,21783839,69.23,69.86,68.52,69.56,11052300,2026-02-21T03:45:41Z
CVX,2009-04-13,34.49,34.58,33.75,34.22,24868218,67.98,68.16,66.52,67.45,12617200,2026-02-21T03:45:41Z
CVX,2009-04-14,33.78,34.18,33.51,33.93,25566529,66.58,67.37,66.04,66.88,12971500,2026-02-21T03:45:41Z
CVX,2009-04-15,33.84,33.97,33.28,33.7,22113761,66.7,66.95,65.59,66.43,11219700,2026-02-21T03:45:41Z
CVX,2009-04-16,33.45,34.08,33.03,34.07,23571713,65.93,67.16,65.11,67.15,11959400,2026-02-21T03:45:41Z
CVX,2009-04-17,33.49,33.86,33.35,33.7,24953360,66.01,66.74,65.73,66.42,12660400,2026-02-21T03:45:41Z
CVX,2009-04-20,32.41,33.18,32.34,33.13,23165249,63.87,65.4,63.74,65.3,11753200,2026-02-21T03:45:41Z
CVX,2009-04-21,32.92,32.96,31.99,32.24,24776744,64.88,64.97,63.06,63.55,12570800,2026-02-21T03:45:41Z
CVX,2009-04-22,32.34,32.91,32.24,32.64,23519840,63.75,64.87,63.55,64.33,11933100,2026-02-21T03:45:41Z
CVX,2009-04-23,33.25,33.35,32.47,32.69,24385101,65.53,65.73,64,64.44,12372100,2026-02-21T03:45:41Z
CVX,2009-04-24,33.79,34.17,33.49,33.61,24864032,66.6,67.34,66.01,66.24,12615100,2026-02-21T03:45:41Z
CVX,2009-04-27,33.19,33.51,32.89,33.14,24250696,65.41,66.04,64.83,65.32,12303900,2026-02-21T03:45:41Z
CVX,2009-04-28,33.48,33.96,32.79,32.88,18253982,65.99,66.94,64.62,64.8,9261400,2026-02-21T03:45:41Z
CVX,2009-04-29,34.28,34.35,33.53,33.79,22993821,67.56,67.71,66.09,66.6,11666200,2026-02-21T03:45:41Z
CVX,2009-04-30,33.54,34.5,33.13,34.5,27800405,66.1,68,65.3,68,14104900,2026-02-21T03:45:41Z
CVX,2009-05-01,33.93,34.03,33.17,33.52,23657792,66.87,67.07,65.37,66.06,12003100,2026-02-21T03:45:41Z
CVX,2009-05-04,33.83,34.61,33.63,34.17,30006689,66.68,68.21,66.28,67.34,15224300,2026-02-21T03:45:41Z
CVX,2009-05-05,33.36,33.97,33.18,33.87,24990602,65.75,66.96,65.39,66.76,12679300,2026-02-21T03:45:41Z
CVX,2009-05-06,34.56,34.68,33.69,33.74,27802969,68.11,68.35,66.4,66.49,14106200,2026-02-21T03:45:41Z
CVX,2009-05-07,34.49,35.01,34.24,34.82,24319102,67.98,69,67.48,68.62,12338600,2026-02-21T03:45:41Z
CVX,2009-05-08,35.71,35.99,34.8,34.8,27462394,70.38,70.94,68.59,68.59,13933400,2026-02-21T03:45:41Z
CVX,2009-05-11,34.5,35.16,34.36,35.16,26649347,68,69.3,67.73,69.29,13520900,2026-02-21T03:45:41Z
CVX,2009-05-12,35.1,35.29,34.51,34.86,22313970,69.19,69.56,68.02,68.71,11321300,2026-02-21T03:45:41Z
CVX,2009-05-13,34.55,35.01,34.29,34.6,24514021,68.1,69,67.58,68.19,12437500,2026-02-21T03:45:41Z
CVX,2009-05-14,34.42,34.72,34.15,34.33,19811838,67.85,68.43,67.3,67.66,10051800,2026-02-21T03:45:41Z
CVX,2009-05-15,33.75,34.32,33.55,34.28,23985554,65.88,67,65.5,66.92,12287100,2026-02-21T03:45:41Z
CVX,2009-05-18,33.83,34.16,33.65,34.14,26328879,66.03,66.68,65.68,66.64,13487500,2026-02-21T03:45:41Z
CVX,2009-05-19,33.74,33.94,33.64,33.8,27772466,65.86,66.25,65.66,65.98,14227000,2026-02-21T03:45:41Z
CVX,2009-05-20,33.41,34.26,33.32,34.02,34391942,65.21,66.88,65.05,66.4,17618000,2026-02-21T03:45:41Z
CVX,2009-05-21,33.03,33.25,32.71,33.06,24325999,64.47,64.9,63.85,64.53,12461500,2026-02-21T03:45:41Z
CVX,2009-05-22,33.01,33.69,32.97,33.17,17137436,64.44,65.77,64.36,64.75,8779000,2026-02-21T03:45:41Z
CVX,2009-05-26,33.64,33.64,32.57,32.69,23460444,65.66,65.66,63.57,63.81,12018100,2026-02-21T03:45:41Z
CVX,2009-05-27,33.08,33.93,32.99,33.65,23841119,64.57,66.24,64.39,65.69,12213100,2026-02-21T03:45:41Z
CVX,2009-05-28,33.71,33.99,32.95,33.32,23880366,65.81,66.35,64.33,65.05,12233200,2026-02-21T03:45:41Z
CVX,2009-05-29,34.15,34.29,33.76,34.09,23759499,66.67,66.94,65.9,66.55,12171300,2026-02-21T03:45:41Z
CVX,2009-06-01,35.45,35.69,34.55,34.73,27763488,69.21,69.67,67.44,67.8,14222400,2026-02-21T03:45:41Z
CVX,2009-06-02,35.53,35.73,35.26,35.35,20127819,69.35,69.74,68.82,69.01,10310900,2026-02-21T03:45:41Z
CVX,2009-06-03,34.97,35.34,34.45,35.21,29103165,68.26,68.99,67.25,68.73,14908700,2026-02-21T03:45:41Z
CVX,2009-06-04,35.75,35.78,35.08,35.33,22056289,69.79,69.85,68.48,68.97,11298800,2026-02-21T03:45:41Z
CVX,2009-06-05,35.54,36.16,35.28,35.83,21871845,69.37,70.59,68.88,69.94,11204300,2026-02-21T03:45:41Z
CVX,2009-06-08,35.64,35.85,35.16,35.35,18657322,69.58,69.98,68.63,69,9557600,2026-02-21T03:45:41Z
CVX,2009-06-09,35.96,36.18,35.6,35.89,19581238,70.19,70.62,69.49,70.06,10030900,2026-02-21T03:45:41Z
CVX,2009-06-10,35.97,36.63,35.58,36.37,28024674,70.22,71.5,69.45,71,14356200,2026-02-21T03:45:41Z
CVX,2009-06-11,36.83,37.14,35.96,36.04,28499359,71.9,72.5,70.19,70.36,14599400,2026-02-21T03:45:41Z
CVX,2009-06-12,37.23,37.27,36.21,36.47,27195589,72.67,72.75,70.69,71.19,13931500,2026-02-21T03:45:41Z
CVX,2009-06-15,36.41,36.86,36.04,36.86,25996023,71.08,71.96,70.36,71.96,13317000,2026-02-21T03:45:41Z
CVX,2009-06-16,35.8,36.74,35.77,36.72,21994409,69.88,71.72,69.83,71.68,11267100,2026-02-21T03:45:41Z
CVX,2009-06-17,35.26,35.8,35.07,35.57,30227370,68.83,69.88,68.46,69.44,15484600,2026-02-21T03:45:41Z
CVX,2009-06-18,35.05,35.49,34.83,35.12,20457730,68.43,69.27,68,68.55,10479900,2026-02-21T03:45:41Z
CVX,2009-06-19,34.87,35.31,34.51,35.26,32119969,68.06,68.92,67.37,68.82,16454100,2026-02-21T03:45:41Z
CVX,2009-06-22,33.69,34.48,33.63,34.36,32023127,65.76,67.3,65.64,67.08,16404500,2026-02-21T03:45:41Z
CVX,2009-06-23,33.79,34.19,33.6,33.89,25438290,65.96,66.75,65.59,66.15,13031300,2026-02-21T03:45:41Z
CVX,2009-06-24,33.67,34.37,33.53,33.98,22713011,65.72,67.09,65.45,66.34,11635200,2026-02-21T03:45:41Z
CVX,2009-06-25,34.26,34.48,33.41,33.55,25044796,66.87,67.3,65.22,65.5,12829700,2026-02-21T03:45:41Z
CVX,2009-06-26,33.78,34.12,33.7,34.12,21496869,65.95,66.61,65.78,66.61,11012200,2026-02-21T03:45:41Z
CVX,2009-06-29,34.26,34.37,33.85,34.02,20084476,66.88,67.09,66.08,66.41,10288700,2026-02-21T03:45:41Z
CVX,2009-06-30,33.94,34.57,33.56,34.29,24933717,66.25,67.48,65.52,66.94,12772800,2026-02-21T03:45:41Z
CVX,2009-07-01,34.08,34.77,34.01,34.29,20296132,66.52,67.87,66.39,66.93,10397100,2026-02-21T03:45:41Z
CVX,2009-07-02,33,33.7,33,33.69,20985960,64.42,65.78,64.42,65.76,10750500,2026-02-21T03:45:41Z
CVX,2009-07-06,32.86,32.93,32.05,32.63,20835496,64.14,64.28,62.57,63.69,10673400,2026-02-21T03:45:41Z
CVX,2009-07-07,32.12,32.83,32.1,32.75,18587228,62.7,64.09,62.66,63.93,9521700,2026-02-21T03:45:41Z
CVX,2009-07-08,32.16,32.36,31.71,32.02,23243609,62.78,63.17,61.9,62.51,11907000,2026-02-21T03:45:41Z
CVX,2009-07-09,32.31,32.61,32.16,32.59,16759907,63.08,63.65,62.78,63.62,8585600,2026-02-21T03:45:41Z
CVX,2009-07-10,31.45,31.66,31.19,31.64,32775468,61.4,61.8,60.88,61.76,16789900,2026-02-21T03:45:41Z
CVX,2009-07-13,31.99,32.01,31.2,31.48,31095065,62.44,62.48,60.91,61.46,15929100,2026-02-21T03:45:41Z
CVX,2009-07-14,32.27,32.45,31.95,32.27,25158616,63,63.34,62.37,63,12888000,2026-02-21T03:45:41Z
CVX,2009-07-15,33.08,33.16,32.78,32.86,26552966,64.57,64.73,64,64.15,13602300,2026-02-21T03:45:41Z
CVX,2009-07-16,33.24,33.34,32.79,32.92,20091944,64.89,65.09,64.01,64.26,10292500,2026-02-21T03:45:41Z
CVX,2009-07-17,33.36,33.47,32.9,33.15,23252723,65.12,65.34,64.22,64.72,11911700,2026-02-21T03:45:41Z
CVX,2009-07-20,33.63,33.87,33.35,33.65,18804732,65.64,66.12,65.11,65.69,9633100,2026-02-21T03:45:41Z
CVX,2009-07-21,33.94,34.09,33.5,33.98,19051274,66.25,66.55,65.4,66.34,9759400,2026-02-21T03:45:41Z
CVX,2009-07-22,33.78,34.26,33.5,33.57,19350725,65.94,66.88,65.4,65.54,9912800,2026-02-21T03:45:41Z
CVX,2009-07-23,34.78,34.88,33.77,33.79,22010992,67.89,68.09,65.92,65.97,11275600,2026-02-21T03:45:41Z
CVX,2009-07-24,35.05,35.14,34.55,34.66,17378695,68.43,68.6,67.44,67.66,8902600,2026-02-21T03:45:41Z
CVX,2009-07-27,35.27,35.34,34.95,35.15,15314770,68.85,68.99,68.22,68.62,7845300,2026-02-21T03:45:41Z
CVX,2009-07-28,35.01,35.11,34.6,34.94,21038669,68.34,68.53,67.54,68.21,10777500,2026-02-21T03:45:41Z
CVX,2009-07-29,34.38,34.74,34.05,34.58,20984420,67.12,67.82,66.46,67.5,10749700,2026-02-21T03:45:41Z
CVX,2009-07-30,34.68,35.09,34.33,34.8,22532049,67.7,68.5,67.01,67.93,11542500,2026-02-21T03:45:41Z
CVX,2009-07-31,35.59,35.7,34.33,34.4,31827744,69.47,69.69,67.01,67.15,16304400,2026-02-21T03:45:41Z
CVX,2009-08-03,36.06,36.14,35.76,35.99,25810737,70.4,70.54,69.81,70.26,13222100,2026-02-21T03:45:41Z
CVX,2009-08-04,36.07,36.09,35.67,35.84,18921041,70.41,70.45,69.64,69.97,9692700,2026-02-21T03:45:41Z
CVX,2009-08-05,35.75,36.11,35.55,36.07,18020340,69.79,70.49,69.4,70.42,9231300,2026-02-21T03:45:41Z
CVX,2009-08-06,35.47,35.8,35.2,35.79,16909635,69.25,69.88,68.71,69.86,8662300,2026-02-21T03:45:41Z
CVX,2009-08-07,35.6,35.94,35.42,35.7,17737699,69.5,70.15,69.15,69.68,9086500,2026-02-21T03:45:41Z
CVX,2009-08-10,35.46,35.75,35.27,35.49,15451010,69.23,69.79,68.84,69.28,7915100,2026-02-21T03:45:41Z
CVX,2009-08-11,34.8,35.4,34.67,35.26,17726746,67.94,69.1,67.68,68.83,9080900,2026-02-21T03:45:41Z
CVX,2009-08-12,35.2,35.47,34.85,34.89,17494872,68.72,69.23,68.02,68.11,8962100,2026-02-21T03:45:41Z
CVX,2009-08-13,35.11,35.38,34.87,35.38,16202570,68.53,69.06,68.07,69.06,8300100,2026-02-21T03:45:41Z
CVX,2009-08-14,35.16,35.18,34.62,35.13,17251639,68.63,68.67,67.59,68.57,8837500,2026-02-21T03:45:41Z
CVX,2009-08-17,34.45,34.7,34.33,34.48,25967847,66.59,67.07,66.35,66.65,13435700,2026-02-21T03:45:41Z
CVX,2009-08-18,34.63,34.71,34.41,34.44,15215182,66.94,67.09,66.5,66.56,7872300,2026-02-21T03:45:41Z
CVX,2009-08-19,35.27,35.44,34.18,34.28,21615304,68.16,68.5,66.06,66.25,11183700,2026-02-21T03:45:41Z
CVX,2009-08-20,35.5,35.59,35.19,35.35,15379091,68.62,68.78,68.01,68.32,7957100,2026-02-21T03:45:41Z
CVX,2009-08-21,36.08,36.19,35.73,35.94,29505386,69.73,69.95,69.06,69.46,15266000,2026-02-21T03:45:41Z
CVX,2009-08-24,36.61,36.7,36.17,36.27,18842211,70.76,70.94,69.91,70.1,9748900,2026-02-21T03:45:41Z
CVX,2009-08-25,36.55,36.99,36.4,36.8,22021773,70.65,71.5,70.36,71.13,11394000,2026-02-21T03:45:41Z
CVX,2009-08-26,36.78,36.84,36.1,36.27,13994070,71.09,71.2,69.77,70.1,7240500,2026-02-21T03:45:41Z
CVX,2009-08-27,36.74,36.85,35.98,36.59,16084549,71,71.22,69.54,70.71,8322100,2026-02-21T03:45:41Z
CVX,2009-08-28,36.57,36.94,36.43,36.81,14122625,70.68,71.4,70.41,71.15,7307000,2026-02-21T03:45:41Z
CVX,2009-08-31,36.19,36.41,35.92,36.21,15555151,69.94,70.38,69.43,69.99,8048200,2026-02-21T03:45:41Z
CVX,2009-09-01,35.43,36.36,35.33,36.06,22724490,68.48,70.27,68.28,69.69,11757600,2026-02-21T03:45:41Z
CVX,2009-09-02,35.2,35.78,35.18,35.39,15598848,68.04,69.15,68,68.4,8070800,2026-02-21T03:45:41Z
CVX,2009-09-03,35.35,35.52,35.16,35.4,13990819,68.33,68.65,67.96,68.42,7238800,2026-02-21T03:45:41Z
CVX,2009-09-04,35.68,35.76,35.26,35.27,11880238,68.96,69.12,68.15,68.17,6146800,2026-02-21T03:45:41Z
CVX,2009-09-08,36.47,36.58,36.07,36.08,18715050,70.48,70.69,69.71,69.73,9683100,2026-02-21T03:45:41Z
CVX,2009-09-09,36.39,36.75,36.19,36.57,15517304,70.33,71.03,69.94,70.68,8028600,2026-02-21T03:45:41Z
CVX,2009-09-10,36.97,37.12,36.41,36.68,18887632,71.45,71.74,70.38,70.89,9772400,2026-02-21T03:45:41Z
CVX,2009-09-11,36.61,37.23,36.41,37.14,19145279,70.75,71.96,70.38,71.79,9905700,2026-02-21T03:45:41Z
CVX,2009-09-14,36.76,36.8,36.13,36.19,13905562,71.04,71.13,69.82,69.94,7194700,2026-02-21T03:45:41Z
CVX,2009-09-15,37.06,37.1,36.41,36.91,20139438,71.63,71.7,70.37,71.33,10420100,2026-02-21T03:45:41Z
CVX,2009-09-16,37.49,37.56,37.02,37.18,21432290,72.45,72.6,71.54,71.86,11089000,2026-02-21T03:45:41Z
CVX,2009-09-17,37.24,37.64,37.15,37.35,16705531,71.97,72.75,71.81,72.18,8643400,2026-02-21T03:45:41Z
CVX,2009-09-18,37.58,37.96,37.51,37.68,31098378,72.64,73.37,72.5,72.83,16090200,2026-02-21T03:45:41Z
CVX,2009-09-21,37.28,37.45,36.98,37.04,18119719,72.05,72.39,71.47,71.59,9375100,2026-02-21T03:45:41Z
CVX,2009-09-22,37.58,37.76,37.33,37.63,13693369,72.63,72.97,72.15,72.72,7084900,2026-02-21T03:45:41Z
CVX,2009-09-23,36.93,37.71,36.86,37.51,19043608,71.37,72.88,71.25,72.5,9853100,2026-02-21T03:45:41Z
CVX,2009-09-24,36.59,37.05,36.3,36.89,19339331,70.71,71.6,70.16,71.3,10006100,2026-02-21T03:45:41Z
CVX,2009-09-25,36.56,36.94,36.4,36.52,14018432,70.66,71.39,70.36,70.58,7253100,2026-02-21T03:45:41Z
CVX,2009-09-28,37.1,37.24,36.5,36.63,11641339,71.7,71.97,70.55,70.79,6023200,2026-02-21T03:45:41Z
CVX,2009-09-29,36.69,37.15,36.63,36.99,15196465,70.91,71.8,70.79,71.5,7862600,2026-02-21T03:45:41Z
CVX,2009-09-30,36.44,36.81,36.1,36.8,26771104,70.43,71.14,69.77,71.12,13851300,2026-02-21T03:45:41Z
CVX,2009-10-01,35.6,36.42,35.55,36.42,17824023,68.81,70.4,68.7,70.4,9222100,2026-02-21T03:45:41Z
CVX,2009-10-02,35.26,35.59,35.2,35.3,17325395,68.14,68.79,68.03,68.22,8964100,2026-02-21T03:45:41Z
CVX,2009-10-05,35.9,36.11,35.12,35.32,18898049,69.39,69.8,67.87,68.27,9777800,2026-02-21T03:45:41Z
CVX,2009-10-06,36.51,36.66,35.98,36.29,16359984,70.56,70.85,69.53,70.14,8464600,2026-02-21T03:45:41Z
CVX,2009-10-07,36.48,36.58,35.95,36.38,13403620,70.51,70.69,69.49,70.31,6935000,2026-02-21T03:45:41Z
CVX,2009-10-08,36.97,37.16,36.58,36.68,19563515,71.45,71.82,70.7,70.89,10122100,2026-02-21T03:45:41Z
CVX,2009-10-09,37.65,37.74,36.97,37.22,17039915,72.76,72.94,71.45,71.94,8816400,2026-02-21T03:45:41Z
CVX,2009-10-12,38.12,38.34,37.84,37.87,13124363,73.67,74.1,73.14,73.19,6790500,2026-02-21T03:45:41Z
CVX,2009-10-13,38.32,38.5,37.89,38.15,17483477,74.07,74.41,73.23,73.73,9045900,2026-02-21T03:45:41Z
CVX,2009-10-14,39.04,39.19,38.57,38.74,17945009,75.46,75.74,74.55,74.88,9284700,2026-02-21T03:45:41Z
CVX,2009-10-15,39.68,39.77,38.82,38.9,19886072,76.69,76.86,75.02,75.19,10289000,2026-02-21T03:45:41Z
CVX,2009-10-16,39.74,39.83,39.31,39.51,19080688,76.81,76.99,75.98,76.37,9872300,2026-02-21T03:45:41Z
CVX,2009-10-19,40.18,40.38,39.6,39.81,15893000,77.66,78.05,76.54,76.94,8223000,2026-02-21T03:45:41Z
CVX,2009-10-20,39.86,40.21,39.49,40.21,15773570,77.03,77.71,76.32,77.71,8161200,2026-02-21T03:45:41Z
CVX,2009-10-21,39.82,40.54,39.18,39.63,16758095,76.97,78.36,75.72,76.6,8670600,2026-02-21T03:45:41Z
CVX,2009-10-22,39.99,40.22,39.32,39.64,24490872,77.29,77.73,76,76.61,12671500,2026-02-21T03:45:41Z
CVX,2009-10-23,39.67,40.04,39.43,39.91,16099629,76.68,77.38,76.2,77.14,8329900,2026-02-21T03:45:41Z
CVX,2009-10-26,39.04,40.59,38.98,39.82,21537233,75.45,78.44,75.34,76.96,11143300,2026-02-21T03:45:41Z
CVX,2009-10-27,39.63,39.97,39.05,39.23,18503602,76.59,77.25,75.48,75.82,9573700,2026-02-21T03:45:41Z
CVX,2009-10-28,39.27,39.86,39.13,39.52,23182752,75.89,77.04,75.63,76.39,11994700,2026-02-21T03:45:41Z
CVX,2009-10-29,40.33,40.47,39.16,39.41,28745041,77.95,78.22,75.68,76.16,14872600,2026-02-21T03:45:41Z
CVX,2009-10-30,39.6,40.62,39.1,40.49,37370303,76.54,78.5,75.57,78.25,19335300,2026-02-21T03:45:41Z
CVX,2009-11-02,39.65,40.15,39.18,39.77,21671175,76.64,77.6,75.73,76.86,11212600,2026-02-21T03:45:41Z
CVX,2009-11-03,39.68,40.01,39.09,39.22,16810473,76.7,77.33,75.56,75.81,8697700,2026-02-21T03:45:41Z
CVX,2009-11-04,39.47,40.1,39.32,39.89,20673703,76.28,77.5,76,77.1,10696500,2026-02-21T03:45:41Z
CVX,2009-11-05,39.96,40.23,39.61,39.64,18070476,77.24,77.75,76.55,76.62,9349600,2026-02-21T03:45:41Z
CVX,2009-11-06,40.11,40.14,39.42,39.62,14972831,77.53,77.58,76.18,76.57,7746900,2026-02-21T03:45:41Z
CVX,2009-11-09,40.18,40.55,40.1,40.51,26575500,77.66,78.38,77.5,78.29,13750100,2026-02-21T03:45:41Z
CVX,2009-11-10,40.53,40.59,40.02,40.05,20561568,78.34,78.44,77.35,77.41,10638500,2026-02-21T03:45:41Z
CVX,2009-11-11,40.62,40.95,40.36,40.81,15295619,78.51,79.14,78,78.87,7913900,2026-02-21T03:45:41Z
CVX,2009-11-12,40.06,40.67,39.88,40.52,16630739,77.42,78.6,77.07,78.32,8604700,2026-02-21T03:45:41Z
CVX,2009-11-13,40.33,40.62,39.97,39.99,15272420,77.94,78.51,77.25,77.3,7901900,2026-02-21T03:45:41Z
CVX,2009-11-16,41.03,41.16,40.7,40.77,17153894,78.61,78.86,77.98,78.11,8953500,2026-02-21T03:45:41Z
CVX,2009-11-17,41.14,41.26,40.82,40.95,12918824,78.81,79.04,78.21,78.45,6743000,2026-02-21T03:45:41Z
CVX,2009-11-18,41.19,41.23,40.76,41.14,14004943,78.92,78.99,78.1,78.82,7309900,2026-02-21T03:45:41Z
CVX,2009-11-19,40.37,41.07,40.16,40.98,16981282,77.34,78.68,76.94,78.52,8863400,2026-02-21T03:45:41Z
CVX,2009-11-20,40.07,40.31,39.88,40.11,20368757,76.77,77.23,76.4,76.85,10631500,2026-02-21T03:45:41Z
CVX,2009-11-23,41.1,41.36,40.79,40.87,17216184,78.74,79.24,78.15,78.31,8986000,2026-02-21T03:45:41Z
CVX,2009-11-24,41.25,41.35,40.68,41.09,16309188,79.03,79.23,77.93,78.73,8512600,2026-02-21T03:45:41Z
CVX,2009-11-25,41.57,41.66,41.05,41.29,14458820,79.64,79.82,78.65,79.11,7546800,2026-02-21T03:45:41Z
CVX,2009-11-27,40.8,41.09,40.33,40.52,10824006,78.17,78.73,77.26,77.63,5649600,2026-02-21T03:45:41Z
CVX,2009-11-30,40.73,41.06,40.47,40.63,17818554,78.04,78.67,77.54,77.85,9300400,2026-02-21T03:45:41Z
CVX,2009-12-01,41.27,41.45,41.15,41.29,13812423,79.06,79.42,78.83,79.1,7209400,2026-02-21T03:45:41Z
