ticker,tradeDate,clsPx,hiPx,loPx,open,stockVolume,unadjClsPx,unadjHiPx,unadjLoPx,unadjOpen,unadjStockVolume,updatedAt
DE,2006-01-03,23.15,23.3,23.11,23.16,5938901,68,68.43,67.86,68.01,2022100,2026-01-03T03:45:15Z
DE,2006-01-04,23.18,23.33,23.02,23.15,6550074,68.09,68.52,67.61,68,2230200,2026-01-03T03:45:15Z
DE,2006-01-05,23.22,23.26,23.03,23.03,5651074,68.2,68.31,67.65,67.65,1924100,2026-01-03T03:45:15Z
DE,2006-01-06,23.3,23.43,23.26,23.31,4358211,68.43,68.8,68.31,68.45,1483900,2026-01-03T03:45:15Z
DE,2006-01-09,23.44,23.53,23.28,23.3,4682161,68.83,69.12,68.36,68.43,1594200,2026-01-03T03:45:15Z
DE,2006-01-10,23.45,23.45,23.16,23.39,3598411,68.86,68.86,68.02,68.7,1225200,2026-01-03T03:45:15Z
DE,2006-01-11,23.54,23.63,23.26,23.45,3934981,69.15,69.41,68.3,68.86,1339800,2026-01-03T03:45:15Z
DE,2006-01-12,23.59,23.7,23.33,23.58,3318222,69.28,69.6,68.52,69.26,1129800,2026-01-03T03:45:15Z
DE,2006-01-13,23.7,23.72,23.53,23.66,3050068,69.6,69.66,69.1,69.5,1038500,2026-01-03T03:45:15Z
DE,2006-01-17,23.97,24,23.49,23.52,5122113,70.39,70.48,68.98,69.08,1744000,2026-01-03T03:45:15Z
DE,2006-01-18,23.97,24.01,23.79,23.82,3203378,70.41,70.53,69.86,69.95,1090700,2026-01-03T03:45:15Z
DE,2006-01-19,23.99,24.34,23.98,24.04,4074201,70.47,71.49,70.43,70.6,1387200,2026-01-03T03:45:15Z
DE,2006-01-20,23.45,24.11,23.43,24.11,4465119,68.86,70.82,68.8,70.81,1520300,2026-01-03T03:45:15Z
DE,2006-01-23,23.56,23.72,23.33,23.43,2691754,69.2,69.67,68.51,68.8,916500,2026-01-03T03:45:15Z
DE,2006-01-24,24.08,24.23,23.61,23.64,3381954,70.72,71.17,69.35,69.43,1151500,2026-01-03T03:45:15Z
DE,2006-01-25,24.37,24.5,23.86,24.07,4857798,71.57,71.95,70.08,70.7,1654000,2026-01-03T03:45:15Z
DE,2006-01-26,24.29,24.52,23.97,24.45,3858923,71.35,72,70.4,71.8,1313900,2026-01-03T03:45:15Z
DE,2006-01-27,24.65,24.72,24.24,24.29,3289147,72.4,72.6,71.2,71.35,1119900,2026-01-03T03:45:15Z
DE,2006-01-30,24.59,24.71,24.41,24.6,2315229,72.22,72.56,71.68,72.25,788300,2026-01-03T03:45:15Z
DE,2006-01-31,24.43,24.59,24.3,24.59,3795190,71.76,72.23,71.36,72.23,1292200,2026-01-03T03:45:15Z
DE,2006-02-01,25.57,25.85,23.77,23.77,14946105,75.1,75.93,69.81,69.81,5088900,2026-01-03T03:45:15Z
DE,2006-02-02,25.45,25.7,25.37,25.47,8096701,74.74,75.49,74.52,74.8,2756800,2026-01-03T03:45:15Z
DE,2006-02-03,25.37,25.54,25.25,25.37,4268623,74.51,75.01,74.15,74.5,1453400,2026-01-03T03:45:15Z
DE,2006-02-06,25.51,25.54,25.18,25.37,3707363,74.92,75,73.96,74.51,1262300,2026-01-03T03:45:15Z
DE,2006-02-07,25.57,25.69,25.4,25.53,5752115,75.09,75.44,74.59,74.98,1958500,2026-01-03T03:45:15Z
DE,2006-02-08,25.05,25.54,24.79,25.54,6838502,73.57,75.01,72.8,75,2328400,2026-01-03T03:45:15Z
DE,2006-02-09,25.15,25.39,24.92,25.05,4172581,73.87,74.58,73.2,73.57,1420700,2026-01-03T03:45:15Z
DE,2006-02-10,25.07,25.23,24.82,25.16,4195503,73.62,74.09,72.89,73.9,1428500,2026-01-03T03:45:15Z
DE,2006-02-13,25.13,25.33,24.95,25.08,4163194,73.8,74.38,73.29,73.65,1417500,2026-01-03T03:45:15Z
DE,2006-02-14,25.42,25.65,24.41,25.02,8442700,74.67,75.34,71.7,73.48,2874600,2026-01-03T03:45:15Z
DE,2006-02-15,25.64,25.76,25.26,25.76,6422339,75.3,75.66,74.18,75.66,2186700,2026-01-03T03:45:15Z
DE,2006-02-16,25.54,25.54,25.33,25.5,4960878,75,75,74.4,74.9,1689100,2026-01-03T03:45:15Z
DE,2006-02-17,25.94,25.96,25.46,25.54,5277482,76.19,76.25,74.77,75,1796900,2026-01-03T03:45:15Z
DE,2006-02-21,26.45,26.46,25.81,25.84,7485812,77.67,77.7,75.81,75.9,2548800,2026-01-03T03:45:15Z
DE,2006-02-22,26.86,26.9,26.37,26.43,9799572,78.89,79,77.45,77.61,3336600,2026-01-03T03:45:15Z
DE,2006-02-23,26.47,26.9,26.42,26.9,5225802,77.75,79,77.6,79,1779300,2026-01-03T03:45:15Z
DE,2006-02-24,26.44,26.55,26.08,26.39,5214925,77.64,77.98,76.6,77.5,1775600,2026-01-03T03:45:15Z
DE,2006-02-27,26.33,26.71,26.22,26.39,3152574,77.33,78.45,77,77.5,1073400,2026-01-03T03:45:15Z
DE,2006-02-28,25.97,26.27,25.77,26.24,5070725,76.27,77.14,75.68,77.08,1726500,2026-01-03T03:45:15Z
DE,2006-03-01,26.25,26.37,26.03,26.24,4946783,77.09,77.44,76.46,77.06,1684300,2026-01-03T03:45:15Z
DE,2006-03-02,26.44,26.5,25.99,26.22,7780390,77.65,77.82,76.34,77,2649100,2026-01-03T03:45:15Z
DE,2006-03-03,26.68,26.78,26.13,26.44,6477845,78.37,78.65,76.75,77.66,2205600,2026-01-03T03:45:15Z
DE,2006-03-06,25.96,26.72,25.94,26.63,9979912,76.25,78.48,76.17,78.2,3398000,2026-01-03T03:45:15Z
DE,2006-03-07,25.99,26.29,25.74,26.05,6513679,76.33,77.2,75.6,76.5,2217800,2026-01-03T03:45:15Z
DE,2006-03-08,25.52,26.07,25.31,26.07,7202092,74.94,76.58,74.32,76.58,2452200,2026-01-03T03:45:15Z
DE,2006-03-09,25.37,25.65,25.32,25.54,4297991,74.5,75.32,74.35,75,1463400,2026-01-03T03:45:15Z
DE,2006-03-10,25.53,25.72,25.09,25.37,6004390,74.97,75.55,73.68,74.5,2044400,2026-01-03T03:45:15Z
DE,2006-03-13,25.6,25.64,25.37,25.53,2816871,75.19,75.3,74.52,74.98,959100,2026-01-03T03:45:15Z
DE,2006-03-14,26.22,26.3,25.56,25.56,4797284,77.02,77.25,75.07,75.07,1633400,2026-01-03T03:45:15Z
DE,2006-03-15,26.76,26.79,26.13,26.14,6380631,78.59,78.67,76.73,76.77,2172500,2026-01-03T03:45:15Z
DE,2006-03-16,26.69,27.02,26.61,26.76,5024913,78.39,79.37,78.14,78.59,1710900,2026-01-03T03:45:15Z
DE,2006-03-17,26.69,26.8,26.48,26.73,4859249,78.4,78.71,77.76,78.5,1654500,2026-01-03T03:45:15Z
DE,2006-03-20,26.53,27.03,26.38,26.78,3726461,77.91,79.39,77.48,78.65,1268800,2026-01-03T03:45:15Z
DE,2006-03-21,25.99,26.53,25.94,26.53,5053676,76.34,77.91,76.19,77.91,1720700,2026-01-03T03:45:15Z
DE,2006-03-22,26.32,26.35,25.96,25.99,3514116,77.29,77.4,76.25,76.34,1196500,2026-01-03T03:45:15Z
DE,2006-03-23,26.56,26.6,26.13,26.29,5873980,78,78.13,76.73,77.2,2000000,2026-01-03T03:45:15Z
DE,2006-03-24,26.64,26.66,26.41,26.56,5585866,78.25,78.3,77.57,78.01,1901900,2026-01-03T03:45:15Z
DE,2006-03-27,26.73,26.92,26.51,26.8,4122073,78.52,79.07,77.85,78.71,1403500,2026-01-03T03:45:15Z
DE,2006-03-28,26.86,27.07,26.7,26.74,5226381,78.9,79.5,78.43,78.53,1779500,2026-01-03T03:45:15Z
DE,2006-03-29,27.18,27.2,26.69,26.87,6159699,79.42,79.49,78,78.52,2107700,2026-01-03T03:45:15Z
DE,2006-03-30,27.3,27.37,27.16,27.18,7237503,79.78,80,79.37,79.44,2476500,2026-01-03T03:45:15Z
DE,2006-03-31,27.05,27.29,26.96,27.22,4253076,79.05,79.75,78.79,79.55,1455300,2026-01-03T03:45:15Z
DE,2006-04-03,27.38,27.61,27.2,27.2,7407884,80.01,80.7,79.49,79.5,2534800,2026-01-03T03:45:15Z
DE,2006-04-04,27.53,27.57,27.32,27.37,3317600,80.46,80.58,79.84,80,1135200,2026-01-03T03:45:15Z
DE,2006-04-05,27.69,27.69,27.32,27.53,4877032,80.91,80.91,79.84,80.46,1668800,2026-01-03T03:45:15Z
DE,2006-04-06,27.37,27.69,27.08,27.69,4874990,80,80.92,79.15,80.91,1668100,2026-01-03T03:45:15Z
DE,2006-04-07,27.25,27.55,27.12,27.46,6295022,79.63,80.5,79.25,80.24,2154000,2026-01-03T03:45:15Z
DE,2006-04-10,27.44,27.51,27.17,27.25,2816978,80.18,80.4,79.4,79.65,963900,2026-01-03T03:45:15Z
DE,2006-04-11,27.7,27.87,27.47,27.47,6319565,80.95,81.45,80.27,80.27,2162400,2026-01-03T03:45:15Z
DE,2006-04-12,28.76,28.83,27.95,27.95,10242716,84.05,84.25,81.68,81.68,3504800,2026-01-03T03:45:15Z
DE,2006-04-13,28.99,29.05,28.54,28.7,6649800,84.71,84.9,83.4,83.87,2275400,2026-01-03T03:45:15Z
DE,2006-04-17,29.3,29.33,28.99,28.99,6003056,85.63,85.71,84.71,84.71,2054100,2026-01-03T03:45:15Z
DE,2006-04-18,30.3,30.45,29.38,29.38,11046655,88.56,89,85.85,85.85,3779900,2026-01-03T03:45:15Z
DE,2006-04-19,30.17,30.4,29.88,30.37,6055963,88.18,88.85,87.31,88.75,2072200,2026-01-03T03:45:15Z
DE,2006-04-20,29.89,30.4,29.8,30.25,6571487,87.35,88.84,87.09,88.4,2248600,2026-01-03T03:45:15Z
DE,2006-04-21,29.96,30.44,29.81,30.11,4595592,87.56,88.96,87.12,88,1572500,2026-01-03T03:45:15Z
DE,2006-04-24,29.59,30.16,29.47,29.97,5468838,86.48,88.13,86.13,87.59,1871300,2026-01-03T03:45:15Z
DE,2006-04-25,28.73,29.94,28.68,29.63,7955852,83.97,87.5,83.82,86.6,2722300,2026-01-03T03:45:15Z
DE,2006-04-26,29.53,29.91,28.91,28.93,6703588,86.3,87.4,84.5,84.55,2293800,2026-01-03T03:45:15Z
DE,2006-04-27,29.39,29.82,29.1,29.53,5925912,85.88,87.16,85.05,86.3,2027700,2026-01-03T03:45:15Z
DE,2006-04-28,30.04,30.08,29.21,29.39,6506887,87.78,87.9,85.36,85.88,2226500,2026-01-03T03:45:15Z
DE,2006-05-01,30.33,31.29,30.25,30.38,8857155,88.63,91.45,88.4,88.78,3030700,2026-01-03T03:45:15Z
DE,2006-05-02,31.25,31.25,30.44,30.63,7775837,91.34,91.34,88.95,89.5,2660700,2026-01-03T03:45:15Z
DE,2006-05-03,31.04,31.29,30.82,31.25,4920275,90.72,91.45,90.06,91.34,1683600,2026-01-03T03:45:15Z
DE,2006-05-04,30.77,31.27,30.51,31.11,5157003,89.91,91.38,89.15,90.93,1764600,2026-01-03T03:45:15Z
DE,2006-05-05,30.92,31.25,30.89,31.14,4647611,90.36,91.34,90.28,91,1590300,2026-01-03T03:45:15Z
DE,2006-05-08,31.2,31.27,30.74,30.9,4807179,91.19,91.37,89.83,90.31,1644900,2026-01-03T03:45:15Z
DE,2006-05-09,31.1,31.17,30.97,31.07,3336305,90.9,91.09,90.52,90.79,1141600,2026-01-03T03:45:15Z
DE,2006-05-10,31.07,31.47,30.93,31.1,6081973,90.8,91.98,90.39,90.9,2081100,2026-01-03T03:45:15Z
DE,2006-05-11,30.32,31.45,30.31,31.07,6610933,88.62,91.91,88.57,90.79,2262100,2026-01-03T03:45:15Z
DE,2006-05-12,30.67,30.7,29.8,30.33,11094887,89.63,89.71,87.1,88.63,3796400,2026-01-03T03:45:15Z
DE,2006-05-15,29.95,30.65,29.32,30.64,10485260,87.52,89.56,85.7,89.55,3587800,2026-01-03T03:45:15Z
DE,2006-05-16,30.56,31.08,29.91,29.96,16160709,89.31,90.84,87.4,87.55,5529800,2026-01-03T03:45:15Z
DE,2006-05-17,29.58,30.74,29.37,30.56,8502061,86.45,89.84,85.82,89.3,2909200,2026-01-03T03:45:15Z
DE,2006-05-18,28.61,29.64,28.53,29.44,9719571,83.61,86.63,83.38,86.05,3325800,2026-01-03T03:45:15Z
DE,2006-05-19,28.8,28.96,28.14,28.86,8851595,84.16,84.64,82.24,84.35,3028800,2026-01-03T03:45:15Z
DE,2006-05-22,28.5,28.8,28.19,28.8,6209673,83.28,84.17,82.38,84.17,2124800,2026-01-03T03:45:15Z
DE,2006-05-23,28.95,29.49,28.67,28.67,7265860,84.62,86.18,83.8,83.8,2486200,2026-01-03T03:45:15Z
DE,2006-05-24,28.77,29.4,27.89,28.96,8546204,84.08,85.92,81.51,84.63,2924300,2026-01-03T03:45:15Z
DE,2006-05-25,29.52,29.56,28.52,28.96,7104828,86.27,86.4,83.34,84.63,2431100,2026-01-03T03:45:15Z
DE,2006-05-26,29.8,30.03,29.14,29.43,4611090,87.08,87.75,85.16,86,1577800,2026-01-03T03:45:15Z
DE,2006-05-30,28.97,29.8,28.92,29.8,4565785,84.67,87.09,84.52,87.08,1562300,2026-01-03T03:45:15Z
DE,2006-05-31,29.29,29.8,28.9,29,6820189,85.6,87.09,84.47,84.75,2333700,2026-01-03T03:45:15Z
DE,2006-06-01,29.53,29.67,29.01,29.44,4052301,86.31,86.71,84.77,86.05,1386600,2026-01-03T03:45:15Z
DE,2006-06-02,30.03,30.11,29.58,29.84,5489288,87.75,88,86.45,87.2,1878300,2026-01-03T03:45:15Z
DE,2006-06-05,29.11,30.03,29,30.03,6551894,85.07,87.75,84.74,87.75,2241900,2026-01-03T03:45:15Z
DE,2006-06-06,28.06,29.22,27.97,29.11,11238381,82,85.4,81.75,85.08,3845500,2026-01-03T03:45:15Z
DE,2006-06-07,27.58,28.45,27.58,28.06,11957032,80.59,83.14,80.59,82,4091400,2026-01-03T03:45:15Z
DE,2006-06-08,27.43,27.54,26.45,27.51,12069541,80.17,80.48,77.3,80.4,4129900,2026-01-03T03:45:15Z
DE,2006-06-09,27.31,27.68,27.03,27.48,6196830,79.82,80.9,78.99,80.32,2120400,2026-01-03T03:45:15Z
DE,2006-06-12,26.45,27.65,26.25,27.24,8476049,77.3,80.8,76.7,79.6,2900300,2026-01-03T03:45:15Z
DE,2006-06-13,26.53,26.79,26.14,26.26,10032295,77.52,78.3,76.39,76.75,3432800,2026-01-03T03:45:15Z
DE,2006-06-14,26.58,26.93,26.29,26.53,7932178,77.67,78.71,76.84,77.52,2714200,2026-01-03T03:45:15Z
DE,2006-06-15,27.48,27.49,26.76,26.76,6052457,80.32,80.34,78.2,78.21,2071000,2026-01-03T03:45:15Z
DE,2006-06-16,27.65,27.81,27.4,27.45,6989103,80.81,81.28,80.06,80.23,2391500,2026-01-03T03:45:15Z
DE,2006-06-19,26.98,27.9,26.89,27.69,5315101,78.86,81.53,78.58,80.91,1818700,2026-01-03T03:45:15Z
DE,2006-06-20,26.96,27.11,26.54,26.86,9141810,78.8,79.23,77.56,78.5,3128100,2026-01-03T03:45:15Z
DE,2006-06-21,27,27.23,26.78,26.9,6257618,78.9,79.59,78.26,78.6,2141200,2026-01-03T03:45:15Z
DE,2006-06-22,26.91,27,26.51,27,5173071,78.64,78.9,77.47,78.9,1770100,2026-01-03T03:45:15Z
DE,2006-06-23,27.35,27.53,26.59,26.84,4897488,79.94,80.46,77.7,78.45,1675800,2026-01-03T03:45:15Z
DE,2006-06-26,27.61,27.78,27.35,27.41,4348639,80.7,81.18,79.93,80.11,1488000,2026-01-03T03:45:15Z
DE,2006-06-27,27.33,27.85,27.24,27.58,5161673,79.88,81.4,79.62,80.6,1766200,2026-01-03T03:45:15Z
DE,2006-06-28,27.04,27.51,26.83,27.46,4170086,78.65,79.99,78.04,79.85,1433900,2026-01-03T03:45:15Z
DE,2006-06-29,28.34,28.39,27.23,27.23,6925616,82.41,82.56,79.2,79.2,2381400,2026-01-03T03:45:15Z
DE,2006-06-30,28.71,28.89,28.2,28.44,5414499,83.49,84.01,82,82.72,1861800,2026-01-03T03:45:15Z
DE,2006-07-03,28.72,29.04,28.68,28.99,1914471,83.51,84.46,83.41,84.3,658300,2026-01-03T03:45:15Z
DE,2006-07-05,28.11,28.5,28.04,28.4,3549757,81.75,82.87,81.54,82.6,1220600,2026-01-03T03:45:15Z
DE,2006-07-06,28.25,28.61,27.99,28.16,3008544,82.15,83.2,81.4,81.9,1034500,2026-01-03T03:45:15Z
DE,2006-07-07,27.69,28.25,27.57,28.25,3854828,80.53,82.16,80.18,82.16,1325500,2026-01-03T03:45:15Z
DE,2006-07-10,28.15,28.44,27.87,27.94,4034850,81.86,82.71,81.06,81.25,1387400,2026-01-03T03:45:15Z
DE,2006-07-11,28.29,28.48,28.05,28.19,7348475,82.26,82.82,81.56,81.99,2526800,2026-01-03T03:45:15Z
DE,2006-07-12,27.49,28.2,27.4,28.2,7139374,79.95,82.02,79.69,82.01,2454900,2026-01-03T03:45:15Z
DE,2006-07-13,26.26,27.26,26.24,27.26,8442824,76.36,79.27,76.31,79.27,2903100,2026-01-03T03:45:15Z
DE,2006-07-14,25.44,26.26,25.08,26.26,13136690,73.98,76.38,72.93,76.37,4517100,2026-01-03T03:45:15Z
DE,2006-07-17,24.73,25.56,24.6,25.35,11497037,71.93,74.33,71.55,73.73,3953300,2026-01-03T03:45:15Z
DE,2006-07-18,25.05,25.14,24.73,24.81,8005711,72.85,73.1,71.92,72.15,2752800,2026-01-03T03:45:15Z
DE,2006-07-19,25.95,26.41,25.13,25.13,11557794,75.47,76.79,73.08,73.08,3974200,2026-01-03T03:45:15Z
DE,2006-07-20,24.7,26.15,24.64,26.08,11779124,71.82,76.05,71.66,75.85,4050300,2026-01-03T03:45:15Z
DE,2006-07-21,24.1,24.93,24,24.93,10569888,70.08,72.51,69.79,72.51,3634500,2026-01-03T03:45:15Z
DE,2006-07-24,24.96,25.1,24.22,24.24,7165239,72.59,72.98,70.44,70.5,2463800,2026-01-03T03:45:15Z
DE,2006-07-25,24.63,25.05,24.41,24.84,8671130,71.62,72.84,71,72.25,2981600,2026-01-03T03:45:15Z
DE,2006-07-26,25,25.14,24.32,24.63,7296406,72.7,73.1,70.74,71.62,2508900,2026-01-03T03:45:15Z
DE,2006-07-27,24.95,25.82,24.75,25,7633765,72.55,75.1,71.97,72.71,2624900,2026-01-03T03:45:15Z
DE,2006-07-28,25.42,25.5,24.8,24.95,5782974,73.92,74.17,72.12,72.55,1988500,2026-01-03T03:45:15Z
DE,2006-07-31,24.95,25.15,24.45,25.15,8894466,72.57,73.15,71.11,73.14,3058400,2026-01-03T03:45:15Z
DE,2006-08-01,24.55,24.96,24.29,24.95,8012391,71.39,72.58,70.64,72.57,2755100,2026-01-03T03:45:15Z
DE,2006-08-02,24.96,25.24,24.63,24.76,6075543,72.6,73.41,71.62,72.01,2089100,2026-01-03T03:45:15Z
DE,2006-08-03,25.24,25.24,24.78,24.96,11589195,73.39,73.39,72.06,72.6,3985000,2026-01-03T03:45:15Z
DE,2006-08-04,25.14,25.66,24.93,25.45,5563407,73.12,74.63,72.5,74,1913000,2026-01-03T03:45:15Z
DE,2006-08-07,25.12,25.26,24.93,25.07,3194079,73.05,73.45,72.51,72.9,1098300,2026-01-03T03:45:15Z
DE,2006-08-08,24.84,25.42,24.67,25.31,3638746,72.25,73.93,71.75,73.6,1251200,2026-01-03T03:45:15Z
DE,2006-08-09,24.2,25.19,24.13,25.1,4891030,70.37,73.27,70.18,73,1681800,2026-01-03T03:45:15Z
DE,2006-08-10,24.09,24.43,23.72,24.2,11658439,70.06,71.06,68.98,70.38,4008800,2026-01-03T03:45:15Z
DE,2006-08-11,23.75,24.14,23.48,24.09,9160281,69.07,70.21,68.27,70.06,3149800,2026-01-03T03:45:15Z
DE,2006-08-14,23.61,24.45,23.44,24.24,11787828,68.67,71.09,68.17,70.5,4053300,2026-01-03T03:45:15Z
DE,2006-08-15,23.73,24.1,23,23.2,29161244,69,70.1,66.9,67.47,10027200,2026-01-03T03:45:15Z
DE,2006-08-16,24.7,25.1,23.59,23.8,16730336,71.84,72.98,68.6,69.2,5752800,2026-01-03T03:45:15Z
DE,2006-08-17,24.97,25.01,24.62,24.72,7878627,72.62,72.74,71.6,71.9,2709100,2026-01-03T03:45:15Z
DE,2006-08-18,25.01,25.24,24.76,25.1,5822239,72.73,73.39,72.01,73,2002000,2026-01-03T03:45:15Z
DE,2006-08-21,24.84,25.09,24.7,25.05,6699923,72.25,72.97,71.82,72.84,2303800,2026-01-03T03:45:15Z
DE,2006-08-22,25.15,25.16,24.69,24.84,7149551,73.15,73.18,71.8,72.25,2458400,2026-01-03T03:45:15Z
DE,2006-08-23,25.24,25.42,25.02,25.16,6381483,73.4,73.92,72.76,73.16,2194300,2026-01-03T03:45:15Z
DE,2006-08-24,25.19,25.4,25.04,25.27,6945966,73.27,73.88,72.81,73.5,2388400,2026-01-03T03:45:15Z
DE,2006-08-25,25.41,25.49,25.12,25.14,4053459,73.89,74.13,73.05,73.1,1393800,2026-01-03T03:45:15Z
DE,2006-08-28,25.86,26,25.39,25.45,6600190,75.2,75.6,73.84,74,2269500,2026-01-03T03:45:15Z
DE,2006-08-29,25.7,26,25.43,26,4850893,74.75,75.62,73.95,75.62,1668000,2026-01-03T03:45:15Z
DE,2006-08-30,25.71,25.83,25.55,25.77,3852216,74.78,75.12,74.29,74.95,1324600,2026-01-03T03:45:15Z
DE,2006-08-31,26.86,26.99,25.81,25.87,10841808,78.1,78.5,75.06,75.22,3728000,2026-01-03T03:45:15Z
DE,2006-09-01,27.2,27.45,26.69,27.45,6839533,79.09,79.83,77.61,79.83,2351800,2026-01-03T03:45:15Z
DE,2006-09-05,28.35,28.44,27.49,27.58,11019196,82.45,82.7,79.95,80.2,3789000,2026-01-03T03:45:15Z
DE,2006-09-06,27.84,28.34,27.78,28.33,9986803,80.96,82.41,80.79,82.4,3434000,2026-01-03T03:45:15Z
DE,2006-09-07,27.89,27.91,27.35,27.59,9306565,81.11,81.18,79.55,80.25,3200100,2026-01-03T03:45:15Z
DE,2006-09-08,27.96,28.15,27.78,27.89,4521691,81.3,81.86,80.78,81.12,1554800,2026-01-03T03:45:15Z
DE,2006-09-11,27.4,27.94,27.21,27.94,10038848,79.68,81.25,79.12,81.25,3451900,2026-01-03T03:45:15Z
DE,2006-09-12,27.89,28.15,27.25,27.4,9125661,81.1,81.86,79.26,79.69,3137900,2026-01-03T03:45:15Z
DE,2006-09-13,27.94,28.35,27.69,27.89,7942317,81.26,82.46,80.52,81.1,2731000,2026-01-03T03:45:15Z
DE,2006-09-14,27.3,27.95,27.2,27.95,8906095,79.39,81.27,79.1,81.27,3062400,2026-01-03T03:45:15Z
DE,2006-09-15,27.81,27.93,27.38,27.54,8816814,80.87,81.22,79.62,80.1,3031700,2026-01-03T03:45:15Z
DE,2006-09-18,27.92,28.27,27.72,27.81,5579979,81.21,82.22,80.6,80.88,1918700,2026-01-03T03:45:15Z
DE,2006-09-19,27.49,28.07,27.35,27.89,8050499,79.96,81.62,79.55,81.1,2768200,2026-01-03T03:45:15Z
DE,2006-09-20,27.37,27.84,27.33,27.68,4944536,79.6,80.97,79.48,80.5,1700200,2026-01-03T03:45:15Z
DE,2006-09-21,27.14,27.88,27.04,27.37,7554077,78.93,81.09,78.63,79.6,2597500,2026-01-03T03:45:15Z
DE,2006-09-22,26.69,26.89,26.43,26.82,9541544,77.63,78.2,76.86,78,3280900,2026-01-03T03:45:15Z
DE,2006-09-25,27.13,27.33,26.69,26.89,7797792,78.91,79.48,77.63,78.21,2681300,2026-01-03T03:45:15Z
DE,2006-09-26,28.48,28.57,27.18,27.2,11513020,82.82,83.1,79.03,79.1,3958800,2026-01-03T03:45:15Z
DE,2006-09-27,28.9,29.36,28.39,28.54,12991471,83.66,84.97,82.17,82.6,4488300,2026-01-03T03:45:15Z
DE,2006-09-28,29.29,29.35,28.68,28.87,6061399,84.78,84.95,83,83.57,2094100,2026-01-03T03:45:15Z
DE,2006-09-29,28.99,29.36,28.99,29.29,4707641,83.91,84.97,83.9,84.78,1626400,2026-01-03T03:45:15Z
DE,2006-10-02,29.01,29.16,28.79,28.92,6734667,83.98,84.4,83.34,83.7,2326700,2026-01-03T03:45:15Z
DE,2006-10-03,28.88,29.16,28.72,29.01,5874699,83.59,84.4,83.14,83.98,2029600,2026-01-03T03:45:15Z
DE,2006-10-04,29.5,29.53,28.82,28.82,7850799,85.39,85.47,83.43,83.43,2712300,2026-01-03T03:45:15Z
DE,2006-10-05,30.25,30.39,29.45,29.53,6500493,87.55,87.95,85.25,85.47,2245800,2026-01-03T03:45:15Z
DE,2006-10-06,29.47,29.71,29.16,29.66,10666856,85.29,86,84.4,85.84,3685200,2026-01-03T03:45:15Z
DE,2006-10-09,30.4,30.78,29.24,29.37,9265930,88,89.09,84.64,85,3201200,2026-01-03T03:45:15Z
DE,2006-10-10,30.13,30.55,29.71,30.46,7181591,87.2,88.42,86,88.16,2481100,2026-01-03T03:45:15Z
DE,2006-10-11,30.18,30.65,29.71,29.9,8113029,87.37,88.73,86,86.55,2802900,2026-01-03T03:45:15Z
DE,2006-10-12,31.15,31.26,30.2,30.2,13407692,90.17,90.47,87.4,87.4,4632100,2026-01-03T03:45:15Z
DE,2006-10-13,30.71,31.08,30.68,30.68,6453602,88.9,89.95,88.8,88.8,2229600,2026-01-03T03:45:15Z
DE,2006-10-16,30.99,31.16,30.78,30.8,4806921,89.71,90.19,89.1,89.15,1660700,2026-01-03T03:45:15Z
DE,2006-10-17,30.25,30.84,29.96,30.75,8737664,87.57,89.26,86.71,89,3018700,2026-01-03T03:45:15Z
DE,2006-10-18,30.31,30.77,30.05,30.5,6797769,87.74,89.06,86.99,88.29,2348500,2026-01-03T03:45:15Z
DE,2006-10-19,30.24,30.62,30.13,30.4,6016240,87.53,88.64,87.21,87.99,2078500,2026-01-03T03:45:15Z
DE,2006-10-20,29.24,30.24,28.68,29.37,16481344,84.63,87.53,83.01,85,5694000,2026-01-03T03:45:15Z
DE,2006-10-23,29.6,29.7,29.24,29.24,6786759,85.67,85.97,84.62,84.63,2344700,2026-01-03T03:45:15Z
DE,2006-10-24,30.22,30.36,29.39,30.2,8187127,87.46,87.88,85.06,87.4,2828500,2026-01-03T03:45:15Z
DE,2006-10-25,30.44,30.53,30.01,30.16,6319881,88.12,88.37,86.85,87.31,2183400,2026-01-03T03:45:15Z
DE,2006-10-26,30.54,30.7,30.27,30.49,4984930,88.41,88.85,87.62,88.26,1722200,2026-01-03T03:45:15Z
DE,2006-10-27,30.06,30.54,30,30.33,3987766,87,88.41,86.82,87.79,1377700,2026-01-03T03:45:15Z
DE,2006-10-30,29.92,30.27,29.84,30.07,2917672,86.61,87.61,86.36,87.05,1008000,2026-01-03T03:45:15Z
DE,2006-10-31,29.41,29.99,29.39,29.92,5111132,85.13,86.81,85.06,86.61,1765800,2026-01-03T03:45:15Z
DE,2006-11-01,29.3,29.68,29.08,29.43,7883211,84.82,85.91,84.17,85.17,2723500,2026-01-03T03:45:15Z
DE,2006-11-02,29.5,29.65,28.77,29.02,8648225,85.4,85.83,83.26,84,2987800,2026-01-03T03:45:15Z
DE,2006-11-03,29.59,30.05,29.46,29.52,8686424,85.65,86.99,85.28,85.44,3001000,2026-01-03T03:45:15Z
DE,2006-11-06,29.63,29.79,29.43,29.68,6834528,85.75,86.23,85.19,85.9,2361200,2026-01-03T03:45:15Z
DE,2006-11-07,29.31,29.71,29.26,29.61,4767556,84.84,85.99,84.7,85.7,1647100,2026-01-03T03:45:15Z
DE,2006-11-08,30.21,30.36,29.14,29.31,7240053,87.45,87.89,84.35,84.85,2501300,2026-01-03T03:45:15Z
DE,2006-11-09,29.92,30.35,29.9,30.3,5913485,86.6,87.85,86.55,87.7,2043000,2026-01-03T03:45:15Z
DE,2006-11-10,30.09,30.19,29.94,29.95,4423390,87.11,87.37,86.66,86.7,1528200,2026-01-03T03:45:15Z
DE,2006-11-13,30.62,30.84,30.04,30.1,5200579,88.62,89.27,86.95,87.11,1796700,2026-01-03T03:45:15Z
DE,2006-11-14,31.04,31.07,30.65,30.87,5299851,89.85,89.94,88.71,89.35,1831000,2026-01-03T03:45:15Z
DE,2006-11-15,30.82,31.01,30.6,30.88,6180080,89.2,89.76,88.56,89.39,2135100,2026-01-03T03:45:15Z
DE,2006-11-16,30.89,31.41,30.86,30.9,6605285,89.42,90.91,89.32,89.45,2282000,2026-01-03T03:45:15Z
DE,2006-11-17,31.22,31.22,30.78,30.89,5880200,90.36,90.37,89.1,89.42,2031500,2026-01-03T03:45:15Z
DE,2006-11-20,30.89,31.38,30.8,31.22,7732397,89.41,90.83,89.14,90.37,2671400,2026-01-03T03:45:15Z
DE,2006-11-21,32.91,33.01,29.89,29.89,41382560,95.27,95.54,86.52,86.52,14296900,2026-01-03T03:45:15Z
DE,2006-11-22,33.89,35.03,33.34,33.48,30579423,98.09,101.4,96.5,96.9,10564600,2026-01-03T03:45:15Z
DE,2006-11-24,33.52,33.81,33.3,33.3,4552488,97.02,97.85,96.4,96.4,1572800,2026-01-03T03:45:15Z
DE,2006-11-27,32.88,33.64,32.81,33.26,7697101,95.17,97.37,94.98,96.27,2659200,2026-01-03T03:45:15Z
DE,2006-11-28,32.75,33.25,32.45,32.88,8311876,94.79,96.23,93.92,95.18,2871600,2026-01-03T03:45:15Z
DE,2006-11-29,33.36,33.63,32.98,32.99,5528811,96.55,97.34,95.46,95.5,1910100,2026-01-03T03:45:15Z
DE,2006-11-30,33.17,33.42,32.88,33.39,7093294,96,96.75,95.16,96.65,2450600,2026-01-03T03:45:15Z
DE,2006-12-01,32.64,33.48,32.32,33.16,6516989,94.48,96.91,93.55,95.99,2251500,2026-01-03T03:45:15Z
DE,2006-12-04,33.21,33.25,32.69,32.8,3709609,96.13,96.23,94.63,94.95,1281600,2026-01-03T03:45:15Z
DE,2006-12-05,32.98,33.38,32.91,33.34,4573328,95.45,96.61,95.26,96.5,1580000,2026-01-03T03:45:15Z
DE,2006-12-06,33.91,34.01,32.85,32.99,13082921,98.14,98.43,95.07,95.48,4519900,2026-01-03T03:45:15Z
DE,2006-12-07,33.39,34.03,33.32,33.91,5373663,96.64,98.51,96.44,98.14,1856500,2026-01-03T03:45:15Z
DE,2006-12-08,33.54,33.85,33.19,33.19,4067666,97.07,97.98,96.06,96.06,1405300,2026-01-03T03:45:15Z
DE,2006-12-11,33.56,33.75,33.24,33.55,5914359,97.15,97.7,96.2,97.12,2043300,2026-01-03T03:45:15Z
DE,2006-12-12,32.64,33.77,32.54,33.56,6820924,94.49,97.74,94.19,97.15,2356500,2026-01-03T03:45:15Z
DE,2006-12-13,32.72,32.91,32.56,32.82,4100653,94.7,95.26,94.25,95.01,1416700,2026-01-03T03:45:15Z
DE,2006-12-14,33.2,33.34,32.85,33.04,7303435,96.11,96.51,95.1,95.63,2523200,2026-01-03T03:45:15Z
DE,2006-12-15,33.02,33.47,32.84,33.32,5551965,95.58,96.89,95.05,96.45,1918100,2026-01-03T03:45:15Z
DE,2006-12-18,33.16,33.46,33.08,33.21,5773692,95.99,96.84,95.75,96.13,1994700,2026-01-03T03:45:15Z
DE,2006-12-19,33.51,33.62,32.98,33.16,4662774,96.99,97.31,95.45,95.99,1610900,2026-01-03T03:45:15Z
DE,2006-12-20,33.54,33.74,33.27,33.37,4382590,97.07,97.67,96.3,96.6,1514100,2026-01-03T03:45:15Z
DE,2006-12-21,33.13,33.61,32.93,33.6,3269357,95.9,97.29,95.32,97.27,1129500,2026-01-03T03:45:15Z
DE,2006-12-22,32.55,33.17,32.54,33.16,3868226,94.21,96,94.18,95.98,1336400,2026-01-03T03:45:15Z
DE,2006-12-26,33.06,33.15,32.49,32.55,1992007,95.7,95.96,94.05,94.21,688200,2026-01-03T03:45:15Z
DE,2006-12-27,33.49,33.7,33.14,33.32,5219887,96.49,97.1,95.49,96,1811700,2026-01-03T03:45:15Z
DE,2006-12-28,33.24,33.44,33.08,33.33,3936598,95.77,96.34,95.3,96.04,1366300,2026-01-03T03:45:15Z
DE,2006-12-29,33,33.4,32.95,33.27,2398027,95.07,96.23,94.94,95.86,832300,2026-01-03T03:45:15Z
DE,2007-01-03,32.44,33.49,32.26,33.21,5682323,93.48,96.5,92.96,95.69,1972200,2026-01-03T03:45:15Z
DE,2007-01-04,31.99,33.03,31.84,33.03,6306681,92.18,95.18,91.74,95.18,2188900,2026-01-03T03:45:15Z
DE,2007-01-05,31.55,32,31.32,31.99,7535222,90.89,92.2,90.23,92.18,2615300,2026-01-03T03:45:15Z
DE,2007-01-08,31.7,31.97,31.43,31.55,4914761,91.34,92.1,90.55,90.89,1705800,2026-01-03T03:45:15Z
DE,2007-01-09,32.02,32.08,31.54,31.69,6456503,92.25,92.42,90.87,91.3,2240900,2026-01-03T03:45:15Z
DE,2007-01-10,32.15,32.31,31.63,31.91,7103044,92.63,93.08,91.14,91.95,2465300,2026-01-03T03:45:15Z
DE,2007-01-11,33.15,33.15,32.14,32.16,8605308,95.5,95.5,92.59,92.66,2986700,2026-01-03T03:45:15Z
DE,2007-01-12,34.48,34.57,33.4,33.55,12704406,99.33,99.59,96.24,96.65,4409400,2026-01-03T03:45:15Z
DE,2007-01-16,34.4,34.62,34.03,34.62,5633336,99.1,99.75,98.05,99.74,1955200,2026-01-03T03:45:15Z
DE,2007-01-17,34.67,35.04,34.4,34.4,6740583,99.89,100.95,99.1,99.1,2339500,2026-01-03T03:45:15Z
DE,2007-01-18,34.76,34.92,34.07,34.09,4967202,100.16,100.61,98.17,98.22,1724000,2026-01-03T03:45:15Z
DE,2007-01-19,34.26,34.71,34.16,34.71,8129896,98.7,100,98.43,100,2821700,2026-01-03T03:45:15Z
DE,2007-01-22,33.62,34.46,33.5,34.41,6219954,96.87,99.29,96.52,99.15,2158800,2026-01-03T03:45:15Z
DE,2007-01-23,34.56,34.62,33.67,33.67,8490341,99.58,99.74,97,97,2946800,2026-01-03T03:45:15Z
DE,2007-01-24,34.35,34.49,33.97,34.22,3842952,98.97,99.38,97.88,98.6,1333800,2026-01-03T03:45:15Z
DE,2007-01-25,33.73,34.57,33.66,34.27,3807221,97.17,99.59,96.99,98.74,1321400,2026-01-03T03:45:15Z
DE,2007-01-26,34.11,34.21,33.59,34.14,4267064,98.29,98.57,96.79,98.35,1481000,2026-01-03T03:45:15Z
DE,2007-01-29,34.2,34.6,34.01,34.18,3841507,98.54,99.7,97.99,98.49,1333300,2026-01-03T03:45:15Z
DE,2007-01-30,34.68,34.71,34.17,34.33,3904036,99.92,100,98.44,98.9,1355000,2026-01-03T03:45:15Z
DE,2007-01-31,34.8,34.89,34.14,34.6,5117305,100.28,100.51,98.35,99.7,1776100,2026-01-03T03:45:15Z
DE,2007-02-01,35.76,35.81,34.86,34.86,8503869,103.02,103.18,100.44,100.44,2951500,2026-01-03T03:45:15Z
DE,2007-02-02,36.21,36.35,35.53,35.76,5751756,104.33,104.72,102.37,103.02,1996300,2026-01-03T03:45:15Z
DE,2007-02-05,36.13,36.41,35.93,36.21,4893148,104.11,104.89,103.51,104.34,1698300,2026-01-03T03:45:15Z
DE,2007-02-06,36.35,36.49,36.22,36.36,4405656,104.74,105.13,104.36,104.75,1529100,2026-01-03T03:45:15Z
DE,2007-02-07,35.92,36.42,35.89,36.34,5573974,103.5,104.94,103.41,104.7,1934600,2026-01-03T03:45:15Z
DE,2007-02-08,35.71,35.93,35.47,35.93,4639607,102.9,103.51,102.19,103.51,1610300,2026-01-03T03:45:15Z
DE,2007-02-09,35.68,36.18,35.63,35.86,4365031,102.79,104.23,102.67,103.33,1515000,2026-01-03T03:45:15Z
DE,2007-02-12,35.83,36.01,35.45,35.72,3646452,103.22,103.75,102.13,102.91,1265600,2026-01-03T03:45:15Z
DE,2007-02-13,35.63,36.16,35.58,35.83,3716753,102.67,104.19,102.52,103.23,1290000,2026-01-03T03:45:15Z
DE,2007-02-14,38.84,39.47,37.54,37.65,27700472,111.91,113.72,108.15,108.49,9614200,2026-01-03T03:45:15Z
DE,2007-02-15,39.4,39.57,38.53,39.06,9810209,113.52,114,111.02,112.53,3404900,2026-01-03T03:45:15Z
DE,2007-02-16,39.54,39.67,38.87,39.06,6401458,113.93,114.29,112,112.54,2221800,2026-01-03T03:45:15Z
DE,2007-02-20,39.34,39.5,39.18,39.27,6099219,113.35,113.8,112.89,113.15,2116900,2026-01-03T03:45:15Z
DE,2007-02-21,40.24,40.42,39.25,39.35,8726588,115.95,116.47,113.09,113.36,3028800,2026-01-03T03:45:15Z
DE,2007-02-22,39.24,40.43,38.92,40.18,9367955,113.06,116.5,112.13,115.77,3251400,2026-01-03T03:45:15Z
DE,2007-02-23,39.33,39.47,38.92,39.35,5836174,113.33,113.71,112.14,113.39,2025600,2026-01-03T03:45:15Z
DE,2007-02-26,39.29,39.79,38.92,39.57,5556690,113.21,114.65,112.15,114,1928600,2026-01-03T03:45:15Z
DE,2007-02-27,37.59,38.59,36.96,38.26,9600472,108.3,111.19,106.5,110.22,3332100,2026-01-03T03:45:15Z
DE,2007-02-28,37.59,37.95,36.96,37.59,7753316,108.29,109.34,106.5,108.31,2691000,2026-01-03T03:45:15Z
DE,2007-03-01,37.56,37.99,36.62,36.96,6852653,108.22,109.45,105.52,106.5,2378400,2026-01-03T03:45:15Z
DE,2007-03-02,36.5,37.44,36.48,37.44,6514978,105.17,107.88,105.1,107.87,2261200,2026-01-03T03:45:15Z
DE,2007-03-05,36.17,36.99,35.94,36.06,7678415,104.2,106.57,103.54,103.89,2665000,2026-01-03T03:45:15Z
DE,2007-03-06,37.15,37.45,36.6,36.68,9239166,107.04,107.91,105.45,105.68,3206700,2026-01-03T03:45:15Z
DE,2007-03-07,38.46,38.92,37.73,37.92,11003033,110.81,112.14,108.7,109.26,3818900,2026-01-03T03:45:15Z
DE,2007-03-08,38.45,39.18,38.21,38.81,7443604,110.79,112.88,110.08,111.82,2583500,2026-01-03T03:45:15Z
DE,2007-03-09,39.22,39.82,38.87,39.05,11077657,113,114.72,112,112.5,3844800,2026-01-03T03:45:15Z
DE,2007-03-12,39.22,39.49,38.7,39.22,5864400,113.01,113.78,111.51,113,2035400,2026-01-03T03:45:15Z
DE,2007-03-13,37.95,39.41,37.85,39.03,7108796,109.34,113.54,109.06,112.45,2467300,2026-01-03T03:45:15Z
DE,2007-03-14,38.42,38.59,37.45,37.95,7770332,110.69,111.18,107.9,109.34,2696900,2026-01-03T03:45:15Z
DE,2007-03-15,38.42,38.74,38.19,38.42,6889835,110.69,111.61,110.04,110.69,2391300,2026-01-03T03:45:15Z
DE,2007-03-16,38.19,39.1,37.99,38.42,7978356,110.04,112.67,109.47,110.71,2769100,2026-01-03T03:45:15Z
DE,2007-03-19,39.15,39.48,38.45,38.48,6088276,112.79,113.76,110.78,110.88,2113100,2026-01-03T03:45:15Z
DE,2007-03-20,38.94,39.25,38.77,39.1,4442822,112.2,113.08,111.7,112.65,1542000,2026-01-03T03:45:15Z
DE,2007-03-21,40.06,40.12,38.84,39.01,6155698,115.42,115.58,111.91,112.4,2136500,2026-01-03T03:45:15Z
DE,2007-03-22,39.19,39.74,38.83,39.35,9040643,112.9,114.5,111.88,113.39,3137800,2026-01-03T03:45:15Z
DE,2007-03-23,38.94,39.7,38.8,39.25,6166642,112.18,114.37,111.78,113.1,2140300,2026-01-03T03:45:15Z
DE,2007-03-26,38.33,39.09,37.94,39.05,8169659,110.43,112.63,109.31,112.5,2835500,2026-01-03T03:45:15Z
DE,2007-03-27,37.7,38.32,37.34,38.32,8446246,108.63,110.4,107.57,110.4,2931500,2026-01-03T03:45:15Z
DE,2007-03-28,36.77,37.93,36.76,37.64,11520908,105.5,108.83,105.48,108.01,4014900,2026-01-03T03:45:15Z
DE,2007-03-29,37.8,38.01,37.13,37.35,11751909,108.47,109.08,106.55,107.18,4095400,2026-01-03T03:45:15Z
DE,2007-03-30,37.86,39,37.52,37.56,10475809,108.64,111.9,107.65,107.79,3650700,2026-01-03T03:45:15Z
DE,2007-04-02,36.41,37.72,35.95,37.72,18596872,104.48,108.25,103.17,108.25,6480800,2026-01-03T03:45:15Z
DE,2007-04-03,37.2,37.36,36.36,36.71,9207205,106.74,107.21,104.34,105.33,3208600,2026-01-03T03:45:15Z
DE,2007-04-04,37.29,37.36,36.82,37.2,5725004,107,107.21,105.65,106.74,1995100,2026-01-03T03:45:15Z
DE,2007-04-05,37.49,37.73,37.05,37.25,4970609,107.57,108.26,106.32,106.9,1732200,2026-01-03T03:45:15Z
DE,2007-04-09,37.85,38.23,37.68,37.81,5608795,108.62,109.7,108.13,108.49,1954600,2026-01-03T03:45:15Z
DE,2007-04-10,37.95,38.09,37.72,37.85,5043207,108.9,109.31,108.23,108.62,1757500,2026-01-03T03:45:15Z
DE,2007-04-11,37.79,38.21,37.45,37.99,7140266,108.43,109.63,107.47,109.01,2488300,2026-01-03T03:45:15Z
DE,2007-04-12,37.58,37.79,37.21,37.79,5263875,107.84,108.44,106.77,108.44,1834400,2026-01-03T03:45:15Z
DE,2007-04-13,37.92,37.98,37.25,37.59,5556574,108.8,108.99,106.88,107.86,1936400,2026-01-03T03:45:15Z
DE,2007-04-16,38.21,38.22,37.83,38,3646316,109.64,109.68,108.55,109.05,1270700,2026-01-03T03:45:15Z
DE,2007-04-17,38.72,38.73,38.16,38.44,5654700,111.1,111.13,109.51,110.29,1970600,2026-01-03T03:45:15Z
DE,2007-04-18,38.88,39.19,38.51,38.72,6239240,111.57,112.46,110.5,111.1,2174300,2026-01-03T03:45:15Z
DE,2007-04-19,38.58,39.11,38.42,38.88,4551366,110.7,112.22,110.25,111.57,1586100,2026-01-03T03:45:15Z
DE,2007-04-20,38.88,39.57,38.83,39.38,6848141,111.56,113.56,111.42,113.01,2386500,2026-01-03T03:45:15Z
DE,2007-04-23,39.28,40.35,38.98,38.98,8972471,112.71,115.8,111.86,111.86,3126800,2026-01-03T03:45:15Z
DE,2007-04-24,39.35,39.86,39.07,39.45,5245226,112.92,114.37,112.1,113.2,1827900,2026-01-03T03:45:15Z
DE,2007-04-25,39.61,39.7,38.8,39.67,7141986,113.66,113.92,111.35,113.82,2488900,2026-01-03T03:45:15Z
DE,2007-04-26,39.59,40.11,39.34,39.82,5166595,113.61,115.09,112.88,114.25,1800500,2026-01-03T03:45:15Z
DE,2007-04-27,39.11,39.38,38.71,39.28,6327319,112.23,112.99,111.08,112.73,2205000,2026-01-03T03:45:15Z
DE,2007-04-30,38.12,39.07,38.13,39.02,4883380,109.4,112.1,109.4,111.98,1701800,2026-01-03T03:45:15Z
DE,2007-05-01,37.88,38.4,37.47,38.24,6492323,108.7,110.18,107.51,109.74,2262500,2026-01-03T03:45:15Z
DE,2007-05-02,39.29,39.54,38.35,38.37,9442200,112.75,113.45,110.05,110.1,3290500,2026-01-03T03:45:15Z
DE,2007-05-03,39.62,39.97,39.34,39.59,6066206,113.69,114.7,112.9,113.6,2114000,2026-01-03T03:45:15Z
DE,2007-05-04,39.67,40.23,39.48,39.92,5032881,113.84,115.44,113.3,114.56,1753900,2026-01-03T03:45:15Z
DE,2007-05-07,40.15,40.39,39.68,39.68,4741338,115.22,115.9,113.87,113.87,1652300,2026-01-03T03:45:15Z
DE,2007-05-08,40.3,40.42,39.54,40.15,4822542,115.64,116,113.46,115.22,1680600,2026-01-03T03:45:15Z
DE,2007-05-09,41.45,41.6,40.18,40.3,11847743,118.94,119.37,115.29,115.64,4128800,2026-01-03T03:45:15Z
DE,2007-05-10,41.01,41.81,40.66,41.45,8855101,117.69,119.98,116.68,118.94,3085900,2026-01-03T03:45:15Z
DE,2007-05-11,41.82,41.82,41.14,41.23,6180694,120,120,118.05,118.31,2153900,2026-01-03T03:45:15Z
DE,2007-05-14,41.69,42.1,41.38,41.96,8731703,119.63,120.8,118.75,120.4,3042900,2026-01-03T03:45:15Z
DE,2007-05-15,42.05,42.43,41.58,41.89,10412114,120.66,121.76,119.31,120.2,3628500,2026-01-03T03:45:15Z
DE,2007-05-16,41.26,43,41.06,42.93,29761697,118.4,123.4,117.82,123.2,10371600,2026-01-03T03:45:15Z
DE,2007-05-17,40.96,41.41,40.67,41.38,11084159,117.55,118.83,116.7,118.75,3862700,2026-01-03T03:45:15Z
DE,2007-05-18,40.6,41.22,40.27,40.97,9708496,116.51,118.27,115.55,117.56,3383300,2026-01-03T03:45:15Z
DE,2007-05-21,41.4,41.82,40.6,40.6,8926267,118.81,120,116.5,116.5,3110700,2026-01-03T03:45:15Z
DE,2007-05-22,41.05,41.68,40.8,41.58,7158637,117.8,119.59,117.09,119.3,2494700,2026-01-03T03:45:15Z
DE,2007-05-23,40.3,41.2,40.21,41.2,8462835,115.64,118.23,115.38,118.23,2949200,2026-01-03T03:45:15Z
DE,2007-05-24,39.39,40.77,39.38,40.68,11862668,113.04,116.99,113,116.72,4134000,2026-01-03T03:45:15Z
DE,2007-05-25,39.88,40.06,39.4,39.4,6024018,114.44,114.95,113.06,113.06,2099300,2026-01-03T03:45:15Z
DE,2007-05-29,40.2,40.48,39.71,40.01,9373347,115.35,116.15,113.96,114.8,3266500,2026-01-03T03:45:15Z
DE,2007-05-30,41.62,41.63,39.95,39.99,11147560,119.44,119.45,114.64,114.75,3884800,2026-01-03T03:45:15Z
DE,2007-05-31,41.98,42.33,41.63,41.73,11270102,120.47,121.48,119.46,119.75,3927500,2026-01-03T03:45:15Z
DE,2007-06-01,41.74,42.3,41.52,41.96,6632066,119.76,121.38,119.13,120.39,2311200,2026-01-03T03:45:15Z
DE,2007-06-04,41.89,41.95,41.27,41.44,4194973,120.21,120.37,118.42,118.9,1461900,2026-01-03T03:45:15Z
DE,2007-06-05,42.13,42.38,41.56,41.56,7675443,120.9,121.61,119.27,119.27,2674800,2026-01-03T03:45:15Z
DE,2007-06-06,40.97,41.82,40.79,41.68,7343999,117.57,120,117.04,119.61,2559300,2026-01-03T03:45:15Z
DE,2007-06-07,39.79,41.33,39.79,40.47,8842186,114.19,118.59,114.19,116.14,3081400,2026-01-03T03:45:15Z
DE,2007-06-08,40.44,40.48,39.59,39.86,6220294,116.03,116.17,113.6,114.39,2167700,2026-01-03T03:45:15Z
DE,2007-06-11,40.62,41.1,40.14,40.44,6877134,116.55,117.95,115.18,116.03,2396600,2026-01-03T03:45:15Z
DE,2007-06-12,40.65,41.06,39.82,39.82,8110164,116.65,117.82,114.25,114.25,2826300,2026-01-03T03:45:15Z
DE,2007-06-13,41.93,41.93,41.01,41.1,11373986,120.32,120.32,117.69,117.94,3963700,2026-01-03T03:45:15Z
DE,2007-06-14,42.07,42.5,41.85,41.99,9021251,120.72,121.94,120.1,120.5,3143800,2026-01-03T03:45:15Z
DE,2007-06-15,42.43,42.86,42.3,42.51,8674312,121.75,123,121.38,121.99,3022900,2026-01-03T03:45:15Z
DE,2007-06-18,42.52,42.87,42.49,42.72,4720668,122.02,123.02,121.93,122.59,1645100,2026-01-03T03:45:15Z
DE,2007-06-19,42.39,42.59,41.75,42.52,5902928,121.63,122.22,119.8,122.01,2057100,2026-01-03T03:45:15Z
DE,2007-06-20,42.34,43.63,42.3,42.39,9215236,121.5,125.21,121.37,121.64,3211400,2026-01-03T03:45:15Z
DE,2007-06-21,43.32,43.32,42.28,42.34,6437805,124.3,124.3,121.32,121.5,2243500,2026-01-03T03:45:15Z
DE,2007-06-22,42.99,43.78,42.87,42.97,8874335,123.35,125.64,123.02,123.3,3092600,2026-01-03T03:45:15Z
DE,2007-06-25,42.79,43.62,42.66,43.02,6304656,122.79,125.17,122.41,123.46,2197100,2026-01-03T03:45:15Z
DE,2007-06-26,42.02,43.21,41.89,43.13,6432932,120.57,124,120.19,123.75,2241800,2026-01-03T03:45:15Z
DE,2007-06-27,42.52,42.61,41.47,41.82,5631499,121.57,121.83,118.57,119.56,1969700,2026-01-03T03:45:15Z
DE,2007-06-28,41.75,42.41,41.76,42.41,5898251,119.38,121.25,119.38,121.25,2063000,2026-01-03T03:45:15Z
DE,2007-06-29,42.23,42.53,41.84,41.97,5272114,120.74,121.59,119.62,120,1844000,2026-01-03T03:45:15Z
DE,2007-07-02,43.2,43.32,42.36,42.55,5132586,123.5,123.85,121.12,121.65,1795200,2026-01-03T03:45:15Z
DE,2007-07-03,42.75,43.02,42.48,43.02,3880040,122.23,122.99,121.44,122.99,1357100,2026-01-03T03:45:15Z
DE,2007-07-05,43.04,43.28,42.65,42.84,4141064,123.06,123.75,121.94,122.48,1448400,2026-01-03T03:45:15Z
DE,2007-07-06,43.27,43.56,43.07,43.15,2800739,123.71,124.54,123.15,123.38,979600,2026-01-03T03:45:15Z
DE,2007-07-09,44.01,44.41,43.35,43.39,7185400,125.82,126.98,123.95,124.04,2513200,2026-01-03T03:45:15Z
DE,2007-07-10,43.33,43.8,43.26,43.69,5315853,123.88,125.22,123.69,124.92,1859300,2026-01-03T03:45:15Z
DE,2007-07-11,43.79,44.07,43.39,43.46,4516469,125.21,126,124.05,124.26,1579700,2026-01-03T03:45:15Z
DE,2007-07-12,44.89,44.95,43.79,44.01,6762832,128.33,128.5,125.21,125.84,2365400,2026-01-03T03:45:15Z
DE,2007-07-13,45.85,45.99,44.77,45.04,7632839,131.08,131.5,128,128.76,2669700,2026-01-03T03:45:15Z
DE,2007-07-16,46.03,46.34,45.66,46.14,7157103,131.6,132.5,130.53,131.92,2503300,2026-01-03T03:45:15Z
DE,2007-07-17,45.78,46.45,45.67,46.18,6087806,130.9,132.8,130.56,132.03,2129300,2026-01-03T03:45:15Z
DE,2007-07-18,45.71,46.17,45.19,45.64,6858888,130.7,132,129.19,130.5,2399000,2026-01-03T03:45:15Z
DE,2007-07-19,46.76,46.86,45.91,46.19,5714404,133.68,133.96,131.25,132.06,1998700,2026-01-03T03:45:15Z
DE,2007-07-20,45.14,46.16,45.01,45.64,11057727,129.07,131.97,128.69,130.48,3867600,2026-01-03T03:45:15Z
DE,2007-07-23,44.76,45.82,44.53,45.82,6874905,127.96,131,127.3,131,2404600,2026-01-03T03:45:15Z
DE,2007-07-24,44.07,45.02,43.96,44.56,4959329,125.99,128.72,125.68,127.4,1734600,2026-01-03T03:45:15Z
DE,2007-07-25,43.48,44.7,42.79,44.56,8392202,124.32,127.8,122.33,127.39,2935300,2026-01-03T03:45:15Z
DE,2007-07-26,42.33,43.75,41.51,42.77,12174477,121.02,125.07,118.67,122.27,4258200,2026-01-03T03:45:15Z
DE,2007-07-27,41.6,42.85,41.52,42.05,7180829,118.94,122.51,118.71,120.21,2511600,2026-01-03T03:45:15Z
DE,2007-07-30,42.78,43.07,41.62,42.69,6269360,122.31,123.15,119,122.05,2192800,2026-01-03T03:45:15Z
DE,2007-07-31,42.12,44.07,42.05,43.75,9705088,120.42,126,120.22,125.09,3394500,2026-01-03T03:45:15Z
DE,2007-08-01,41.93,42.45,40.87,41.98,11412813,119.87,121.36,116.86,120.02,3991800,2026-01-03T03:45:15Z
DE,2007-08-02,42.03,42.49,41.2,42.49,8169210,120.18,121.49,117.79,121.49,2857300,2026-01-03T03:45:15Z
DE,2007-08-03,41.08,42.62,41.05,41.99,8276984,117.46,121.85,117.35,120.04,2895000,2026-01-03T03:45:15Z
DE,2007-08-06,41.94,42.01,40.48,41.62,7851848,119.9,120.12,115.73,118.98,2746300,2026-01-03T03:45:15Z
DE,2007-08-07,43.3,43.9,41.63,42.01,10071335,123.79,125.5,119.03,120.1,3522600,2026-01-03T03:45:15Z
DE,2007-08-08,43.66,44.33,42.92,42.92,7613122,124.84,126.74,122.7,122.7,2662800,2026-01-03T03:45:15Z
DE,2007-08-09,42.01,44.22,41.97,43.34,8996628,120.1,126.44,119.99,123.9,3146700,2026-01-03T03:45:15Z
DE,2007-08-10,41.03,42.27,40.06,41.46,10804690,117.3,120.85,114.52,118.54,3779100,2026-01-03T03:45:15Z
DE,2007-08-13,41.5,42.69,41.38,41.54,5812190,118.65,122.06,118.3,118.77,2032900,2026-01-03T03:45:15Z
DE,2007-08-14,40.95,42.04,40.95,41.8,6590136,117.09,120.19,117.09,119.5,2305000,2026-01-03T03:45:15Z
DE,2007-08-15,42.18,44.39,41.74,42.24,19872228,120.6,126.92,119.34,120.76,6950600,2026-01-03T03:45:15Z
DE,2007-08-16,42.16,43.02,39.84,41.73,15912711,120.53,122.99,113.91,119.31,5565700,2026-01-03T03:45:15Z
DE,2007-08-17,43.58,44.07,42.42,43.04,10279191,124.61,126.01,121.29,123.06,3595300,2026-01-03T03:45:15Z
DE,2007-08-20,44.86,45.72,43.44,44.07,11853686,128.27,130.71,124.21,125.99,4146000,2026-01-03T03:45:15Z
DE,2007-08-21,45.22,45.59,44.37,44.64,7290611,129.3,130.33,126.85,127.63,2550000,2026-01-03T03:45:15Z
DE,2007-08-22,45.72,46.26,45.22,45.63,8678109,130.72,132.25,129.29,130.45,3035300,2026-01-03T03:45:15Z
DE,2007-08-23,44.55,46.06,44.32,45.99,7898457,127.38,131.69,126.71,131.5,2762600,2026-01-03T03:45:15Z
DE,2007-08-24,45.56,45.63,44.25,44.48,6761395,130.26,130.45,126.52,127.18,2364900,2026-01-03T03:45:15Z
DE,2007-08-27,45.56,46.17,45.21,45.21,6271923,130.27,132,129.25,129.25,2193700,2026-01-03T03:45:15Z
DE,2007-08-28,44.22,45.38,44.22,45.21,6141264,126.42,129.74,126.42,129.25,2148000,2026-01-03T03:45:15Z
DE,2007-08-29,45.98,46.17,44.27,44.62,8896546,131.45,132,126.56,127.58,3111700,2026-01-03T03:45:15Z
DE,2007-08-30,46.13,46.83,45.55,45.55,5987163,131.9,133.9,130.23,130.23,2094100,2026-01-03T03:45:15Z
DE,2007-08-31,47.59,47.95,46.69,46.87,7695742,136.06,137.1,133.5,133.99,2691700,2026-01-03T03:45:15Z
DE,2007-09-04,48.49,49,47.67,47.82,9403459,138.64,140.09,136.3,136.72,3289000,2026-01-03T03:45:15Z
DE,2007-09-05,48.11,48.72,47.67,48.09,8940873,137.56,139.3,136.3,137.49,3127200,2026-01-03T03:45:15Z
DE,2007-09-06,47.84,48.52,47.24,48.39,6716231,136.79,138.72,135.06,138.35,2349100,2026-01-03T03:45:15Z
DE,2007-09-07,47.52,47.72,46.36,46.85,7904176,135.86,136.44,132.55,133.95,2764600,2026-01-03T03:45:15Z
DE,2007-09-10,47.91,48.45,46.97,47.83,7227139,136.98,138.53,134.3,136.74,2527800,2026-01-03T03:45:15Z
DE,2007-09-11,48.37,48.67,47.57,47.93,8003659,138.29,139.14,136,137.03,2799400,2026-01-03T03:45:15Z
DE,2007-09-12,48.21,49.15,47.97,48.33,7006706,137.83,140.52,137.16,138.19,2450700,2026-01-03T03:45:15Z
DE,2007-09-13,48.25,48.65,47.98,48.32,6032047,137.95,139.1,137.17,138.15,2109800,2026-01-03T03:45:15Z
DE,2007-09-14,48.24,48.61,47.66,47.79,5116004,137.93,138.99,136.26,136.62,1789400,2026-01-03T03:45:15Z
DE,2007-09-17,48.77,49.38,47.94,47.97,8088864,139.43,141.17,137.06,137.15,2829200,2026-01-03T03:45:15Z
DE,2007-09-18,51.02,51.02,48.88,49.05,8269270,145.86,145.86,139.76,140.25,2892300,2026-01-03T03:45:15Z
DE,2007-09-19,50.75,52.18,50.22,51.53,10881306,145.1,149.18,143.57,147.34,3805900,2026-01-03T03:45:15Z
DE,2007-09-20,50.53,51.07,50.1,50.54,5161184,144.48,146.02,143.24,144.5,1805200,2026-01-03T03:45:15Z
DE,2007-09-21,51.51,51.57,50.53,51.03,6432031,147.28,147.45,144.48,145.89,2249700,2026-01-03T03:45:15Z
DE,2007-09-24,50.98,51.4,50.87,51.36,5665523,145.75,146.96,145.43,146.85,1981600,2026-01-03T03:45:15Z
DE,2007-09-25,49.73,50.65,49.18,50.54,10027016,142.17,144.82,140.6,144.5,3507100,2026-01-03T03:45:15Z
DE,2007-09-26,51.3,51.56,50.18,50.33,7314835,146.15,146.89,142.95,143.39,2567500,2026-01-03T03:45:15Z
DE,2007-09-27,51.73,52.23,51.25,51.33,6170666,147.39,148.79,146,146.25,2165900,2026-01-03T03:45:15Z
DE,2007-09-28,52.1,52.62,51.71,51.74,6249302,148.42,149.9,147.32,147.4,2193500,2026-01-03T03:45:15Z
DE,2007-10-01,52.97,53.06,52.09,52.16,5690895,150.92,151.17,148.4,148.61,1997500,2026-01-03T03:45:15Z
DE,2007-10-02,52.04,53.26,51.6,53.13,6479220,148.25,151.73,147,151.37,2274200,2026-01-03T03:45:15Z
DE,2007-10-03,50.9,52.23,50.86,51.85,7723378,145.01,148.8,144.9,147.71,2710900,2026-01-03T03:45:15Z
DE,2007-10-04,51.81,52.08,51.17,51.25,4707702,147.61,148.38,145.77,146.01,1652400,2026-01-03T03:45:15Z
DE,2007-10-05,51.69,52.65,51.54,52.2,6190607,147.27,149.99,146.84,148.73,2172900,2026-01-03T03:45:15Z
DE,2007-10-08,52.17,52.3,50.9,51.69,3236189,148.62,149,145.01,147.27,1135900,2026-01-03T03:45:15Z
DE,2007-10-09,53.18,53.27,52.28,52.61,6129642,151.51,151.77,148.95,149.89,2151500,2026-01-03T03:45:15Z
DE,2007-10-10,54.3,54.42,52.72,52.93,6921665,154.7,155.04,150.2,150.79,2429500,2026-01-03T03:45:15Z
DE,2007-10-11,53.63,55.21,52.65,54.79,7413686,152.78,157.3,150,156.09,2602200,2026-01-03T03:45:15Z
DE,2007-10-12,54.13,54.82,53.71,53.89,5961835,154.22,156.18,153.02,153.54,2092600,2026-01-03T03:45:15Z
DE,2007-10-15,54.2,54.56,53.36,54.35,5749013,154.42,155.44,152.02,154.83,2017900,2026-01-03T03:45:15Z
DE,2007-10-16,53.01,54.03,52.71,53.93,7396884,151.04,153.94,150.16,153.65,2596300,2026-01-03T03:45:15Z
DE,2007-10-17,52.86,54.16,52.42,54.05,6516536,150.6,154.3,149.35,153.99,2287300,2026-01-03T03:45:15Z
DE,2007-10-18,53.54,53.99,52.33,52.37,5528219,152.55,153.81,149.09,149.2,1940400,2026-01-03T03:45:15Z
DE,2007-10-19,50.94,53.31,50.83,53.25,8704012,145.14,151.89,144.82,151.72,3055100,2026-01-03T03:45:15Z
DE,2007-10-22,50.84,50.95,49.49,50.02,8780081,144.84,145.15,141,142.51,3081800,2026-01-03T03:45:15Z
DE,2007-10-23,52.6,52.65,51.33,51.85,5401714,149.87,150,146.23,147.73,1896000,2026-01-03T03:45:15Z
DE,2007-10-24,52.25,52.37,50.9,52.26,7078641,148.87,149.19,145.01,148.89,2484600,2026-01-03T03:45:15Z
DE,2007-10-25,51.72,52.16,50.3,52.16,7514549,147.34,148.59,143.29,148.59,2637600,2026-01-03T03:45:15Z
DE,2007-10-26,51.05,52.65,50.37,52.11,6864121,145.44,150,143.51,148.46,2409300,2026-01-03T03:45:15Z
DE,2007-10-29,52.99,53.02,51.26,51.43,5855288,150.96,151.05,146.03,146.52,2055200,2026-01-03T03:45:15Z
DE,2007-10-30,52.88,54.55,52.76,54.55,6708566,150.65,155.4,150.3,155.4,2354700,2026-01-03T03:45:15Z
DE,2007-10-31,54.37,54.41,52.95,53.09,6110267,154.9,155,150.86,151.24,2144700,2026-01-03T03:45:15Z
DE,2007-11-01,52.84,53.81,52.69,53.53,6895746,150.55,153.3,150.1,152.5,2420400,2026-01-03T03:45:15Z
DE,2007-11-02,53.61,53.77,52.12,53.21,6112834,152.73,153.2,148.5,151.59,2145600,2026-01-03T03:45:15Z
DE,2007-11-05,54.15,54.75,52.62,52.65,6874369,154.28,155.98,149.9,150,2412900,2026-01-03T03:45:15Z
DE,2007-11-06,56.27,56.33,54.19,54.23,7459842,160.3,160.49,154.4,154.5,2618400,2026-01-03T03:45:15Z
DE,2007-11-07,54.17,55.93,54.1,55.89,6399729,154.32,159.35,154.13,159.22,2246300,2026-01-03T03:45:15Z
DE,2007-11-08,55.43,55.74,53.96,54.21,7465827,157.91,158.8,153.73,154.45,2620500,2026-01-03T03:45:15Z
DE,2007-11-09,53.71,54.74,53.65,54.7,7837055,153.03,155.95,152.85,155.83,2750800,2026-01-03T03:45:15Z
DE,2007-11-12,49.79,53.73,49.26,53.73,11955588,141.84,153.07,140.35,153.07,4196400,2026-01-03T03:45:15Z
DE,2007-11-13,51.2,51.54,49.49,50.72,8643886,145.87,146.85,141,144.5,3034000,2026-01-03T03:45:15Z
DE,2007-11-14,51.63,53.13,50.97,52.21,8183207,147.1,151.36,145.2,148.75,2872300,2026-01-03T03:45:15Z
DE,2007-11-15,49.82,51.76,49.38,51.69,9731651,141.94,147.46,140.68,147.25,3415800,2026-01-03T03:45:15Z
DE,2007-11-16,50.92,50.98,49.39,50.26,9956726,145.06,145.25,140.7,143.18,3494800,2026-01-03T03:45:15Z
DE,2007-11-19,49.67,51.14,49.33,50.7,7689190,141.51,145.7,140.53,144.43,2698900,2026-01-03T03:45:15Z
DE,2007-11-20,50.89,51.32,49.46,50.4,8275229,145,146.2,140.9,143.59,2904600,2026-01-03T03:45:15Z
DE,2007-11-21,53.37,54.31,49.82,51.37,20363025,152.06,154.74,141.94,146.35,7147400,2026-01-03T03:45:15Z
DE,2007-11-23,54.98,54.98,53.72,54.41,4284056,156.64,156.64,153.04,155,1503700,2026-01-03T03:45:15Z
DE,2007-11-26,55.62,57.22,55.48,55.84,10047037,158.46,163.02,158.06,159.1,3526500,2026-01-03T03:45:15Z
DE,2007-11-27,56.52,56.72,55.19,56.39,8686346,161.04,161.59,157.23,160.66,3048900,2026-01-03T03:45:15Z
DE,2007-11-28,59.67,59.73,56.86,57.07,10752722,170,170.17,162,162.58,3774200,2026-01-03T03:45:15Z
DE,2007-11-29,59.42,60.37,58.97,59,7974655,169.29,172,168.01,168.09,2799100,2026-01-03T03:45:15Z
DE,2007-11-30,60.3,61.34,59.39,59.91,10160983,171.8,174.75,169.2,170.68,3566500,2026-01-03T03:45:15Z
DE,2007-12-03,62.14,63.15,59.74,60.32,14140201,177.04,179.9,170.2,171.84,4963200,2026-01-03T03:45:15Z
DE,2007-12-04,61.56,62.62,61.02,61.77,5144174,87.69,89.2,86.92,87.99,3611200,2026-01-03T03:45:15Z
DE,2007-12-05,62.41,63.11,61.6,62.69,5406419,88.9,89.9,87.75,89.3,3795300,2026-01-03T03:45:15Z
DE,2007-12-06,63.52,63.85,61.78,62.39,4679500,90.49,90.95,88,88.87,3285000,2026-01-03T03:45:15Z
DE,2007-12-07,61.85,63.53,61.5,63.53,7650157,88.11,90.5,87.6,90.5,5370400,2026-01-03T03:45:15Z
DE,2007-12-10,62.4,62.65,60.65,61.53,5063119,88.89,89.25,86.39,87.65,3554300,2026-01-03T03:45:15Z
DE,2007-12-11,59.94,63.08,59.42,62.63,7467828,85.39,89.85,84.64,89.21,5242400,2026-01-03T03:45:15Z
DE,2007-12-12,61.71,62.58,60.63,61.83,7811408,87.9,89.14,86.36,88.07,5483600,2026-01-03T03:45:15Z
DE,2007-12-13,62.37,62.46,61.3,61.46,4859694,88.85,88.97,87.32,87.55,3411500,2026-01-03T03:45:15Z
DE,2007-12-14,61.19,63.52,61.07,62.82,6447448,87.16,90.49,86.99,89.48,4526100,2026-01-03T03:45:15Z
DE,2007-12-17,59.16,61.4,59.07,60.56,5306565,84.27,87.47,84.15,86.27,3725200,2026-01-03T03:45:15Z
DE,2007-12-18,58.86,60.34,57.59,59.71,7529785,83.85,85.95,82.03,85.05,5285900,2026-01-03T03:45:15Z
DE,2007-12-19,58.71,59.48,57.78,59.43,4581493,83.63,84.73,82.31,84.66,3216200,2026-01-03T03:45:15Z
DE,2007-12-20,60.81,61.32,59.09,59.58,7079648,86.63,87.35,84.18,84.87,4969900,2026-01-03T03:45:15Z
DE,2007-12-21,63.06,63.18,61.26,61.35,7970960,89.83,90,87.26,87.39,5595600,2026-01-03T03:45:15Z
DE,2007-12-24,64.35,64.51,63.18,63.8,2372084,91.66,91.9,90,90.88,1665200,2026-01-03T03:45:15Z
DE,2007-12-26,65.05,65.27,63.88,63.88,3466531,92.67,92.98,91,91,2433500,2026-01-03T03:45:15Z
DE,2007-12-27,63.61,65.3,63.57,64.39,4903414,90.37,92.77,90.31,91.47,3451500,2026-01-03T03:45:15Z
DE,2007-12-28,64.96,65.04,64,64.55,5262836,92.28,92.4,90.92,91.71,3704500,2026-01-03T03:45:15Z
DE,2007-12-31,65.55,65.98,64.41,64.77,4868183,93.12,93.74,91.5,92.01,3426700,2026-01-03T03:45:15Z
DE,2008-01-02,63.49,66.17,63.01,66.17,7259159,90.2,94.01,89.52,94.01,5109700,2026-01-03T03:45:15Z
DE,2008-01-03,66.1,66.44,63.8,63.82,6793173,93.9,94.39,90.64,90.67,4781700,2026-01-03T03:45:15Z
DE,2008-01-04,63.34,65.39,63.34,65.39,5781665,89.98,92.9,89.98,92.9,4069700,2026-01-03T03:45:15Z
DE,2008-01-07,62.22,64.98,61.48,63.85,7801425,88.4,92.32,87.34,90.71,5491400,2026-01-03T03:45:15Z
DE,2008-01-08,61.99,64.2,61.78,62.42,7009970,88.06,91.21,87.77,88.68,4934300,2026-01-03T03:45:15Z
DE,2008-01-09,61.7,62.42,58.85,61.99,11990811,87.65,88.67,83.61,88.07,8440300,2026-01-03T03:45:15Z
DE,2008-01-10,63.52,64.22,60.71,61.36,6978289,90.24,91.23,86.25,87.17,4912000,2026-01-03T03:45:15Z
DE,2008-01-11,62.83,65.21,62.65,63.06,6978856,89.26,92.64,89,89.59,4912400,2026-01-03T03:45:15Z
DE,2008-01-14,66.65,66.71,63.46,63.46,8557077,94.69,94.77,90.16,90.16,6023300,2026-01-03T03:45:15Z
DE,2008-01-15,65.01,66.36,64.01,65.77,9512034,92.36,94.27,90.94,93.43,6695500,2026-01-03T03:45:15Z
DE,2008-01-16,61.84,65.29,60.78,64.59,11139696,87.86,92.75,86.35,91.76,7841200,2026-01-03T03:45:15Z
DE,2008-01-17,55.67,62.13,55.16,61.9,19066429,79.09,88.27,78.37,87.94,13420800,2026-01-03T03:45:15Z
DE,2008-01-18,53.78,57.52,52.95,56.17,15441728,76.4,81.72,75.22,79.8,10869400,2026-01-03T03:45:15Z
DE,2008-01-22,58.53,59.4,50.12,50.39,19461917,83.15,84.39,71.2,71.58,13699200,2026-01-03T03:45:15Z
DE,2008-01-23,58.38,58.42,52.09,55.68,13430354,82.94,83,74,79.1,9453600,2026-01-03T03:45:15Z
DE,2008-01-24,58.13,61.2,57.02,59.31,12126338,82.59,86.94,81,84.26,8535700,2026-01-03T03:45:15Z
DE,2008-01-25,58.34,60.54,57.64,58.82,7703113,82.88,86,81.88,83.56,5422200,2026-01-03T03:45:15Z
DE,2008-01-28,60.13,60.19,57.24,57.24,5557482,85.43,85.51,81.32,81.32,3911900,2026-01-03T03:45:15Z
DE,2008-01-29,61.06,61.92,60.38,60.75,5676533,86.74,87.96,85.78,86.31,3995700,2026-01-03T03:45:15Z
DE,2008-01-30,60.87,63,59.31,60.91,6768600,86.47,89.5,84.26,86.53,4764400,2026-01-03T03:45:15Z
DE,2008-01-31,61.63,62.15,58.78,60.03,8423096,87.56,88.29,83.51,85.28,5929000,2026-01-03T03:45:15Z
DE,2008-02-01,62.58,63.7,61.6,62.58,7519421,88.91,90.49,87.51,88.91,5292900,2026-01-03T03:45:15Z
DE,2008-02-04,62.08,63.55,61.6,63.55,4836077,88.2,90.28,87.51,90.28,3404100,2026-01-03T03:45:15Z
DE,2008-02-05,58.76,61.59,58.71,60.99,6281308,83.48,87.5,83.41,86.65,4421400,2026-01-03T03:45:15Z
DE,2008-02-06,58.63,60.7,58.35,59.25,5531341,83.3,86.24,82.89,84.18,3893500,2026-01-03T03:45:15Z
DE,2008-02-07,57.71,58.3,56.42,57.51,9681809,81.98,82.82,80.15,81.7,6815000,2026-01-03T03:45:15Z
DE,2008-02-08,58.04,58.45,57.02,57.51,5635336,82.46,83.03,81,81.7,3966700,2026-01-03T03:45:15Z
DE,2008-02-11,59.37,59.61,57.58,58.14,5138391,84.34,84.69,81.8,82.6,3616900,2026-01-03T03:45:15Z
DE,2008-02-12,60.87,61.57,59.89,59.9,8167234,86.48,87.47,85.08,85.1,5748900,2026-01-03T03:45:15Z
DE,2008-02-13,60.21,61.46,59.09,61.03,11822742,85.54,87.31,83.94,86.7,8322000,2026-01-03T03:45:15Z
DE,2008-02-14,60.77,61.8,60.01,60.99,7563602,86.34,87.79,85.26,86.64,5324000,2026-01-03T03:45:15Z
DE,2008-02-15,59.83,60.89,58.94,60.54,7839066,85,86.5,83.74,86.01,5517900,2026-01-03T03:45:15Z
DE,2008-02-19,58.77,60.78,57.97,60.47,8743318,83.49,86.34,82.36,85.9,6154400,2026-01-03T03:45:15Z
DE,2008-02-20,60.38,60.59,57.87,58.37,7240972,85.78,86.08,82.22,82.93,5096900,2026-01-03T03:45:15Z
DE,2008-02-21,60.45,61.65,60.18,60.87,6905126,85.88,87.58,85.5,86.48,4860500,2026-01-03T03:45:15Z
DE,2008-02-22,61.36,61.42,60.1,60.58,5784085,87.17,87.25,85.38,86.06,4071400,2026-01-03T03:45:15Z
DE,2008-02-25,62.64,63.07,61.3,61.51,7745876,88.99,89.6,87.08,87.39,5452300,2026-01-03T03:45:15Z
DE,2008-02-26,61.56,62.8,61.13,62.37,6652954,87.46,89.22,86.85,88.6,4683000,2026-01-03T03:45:15Z
DE,2008-02-27,60.7,61.77,60.33,61.03,6743739,86.24,87.76,85.71,86.7,4746900,2026-01-03T03:45:15Z
DE,2008-02-28,61.22,61.61,59.89,60.39,5812917,86.97,87.53,85.08,85.79,4091700,2026-01-03T03:45:15Z
DE,2008-02-29,59.98,61.41,59.73,61.13,7398947,85.21,87.24,84.85,86.85,5208100,2026-01-03T03:45:15Z
DE,2008-03-03,61.64,61.87,59.83,59.83,6187548,87.57,87.9,85,85,4355400,2026-01-03T03:45:15Z
DE,2008-03-04,61.02,61.9,59.83,61.19,7429203,86.69,87.94,85,86.93,5229400,2026-01-03T03:45:15Z
DE,2008-03-05,62.84,62.98,60.85,61.23,6981126,89.28,89.47,86.44,86.99,4914000,2026-01-03T03:45:15Z
DE,2008-03-06,61.84,63.18,61.63,62.66,7061254,87.85,89.75,87.55,89.02,4970400,2026-01-03T03:45:15Z
DE,2008-03-07,58.58,61.23,58.29,60.86,11464605,83.22,86.99,82.81,86.46,8069900,2026-01-03T03:45:15Z
DE,2008-03-10,57.19,58.94,56.78,58.75,10011254,81.25,83.74,80.66,83.46,7046900,2026-01-03T03:45:15Z
DE,2008-03-11,60.35,60.35,58.11,58.6,7522406,85.73,85.73,82.55,83.25,5295000,2026-01-03T03:45:15Z
DE,2008-03-12,59.11,60.86,58.94,60.6,6605508,83.98,86.46,83.74,86.09,4649600,2026-01-03T03:45:15Z
DE,2008-03-13,59.29,59.82,57.46,57.91,8863931,84.23,84.98,81.63,82.27,6239300,2026-01-03T03:45:15Z
DE,2008-03-14,58.34,60,57.09,59.82,8575257,82.88,85.24,81.11,84.99,6036100,2026-01-03T03:45:15Z
DE,2008-03-17,57.04,58.49,55.29,56.33,7212699,81.03,83.09,78.55,80.03,5077000,2026-01-03T03:45:15Z
DE,2008-03-18,58.73,59.06,56.68,59.01,9490723,83.43,83.9,80.52,83.83,6680500,2026-01-03T03:45:15Z
DE,2008-03-19,55.95,59.27,55.87,58.77,7594857,79.49,84.2,79.37,83.49,5346000,2026-01-03T03:45:15Z
DE,2008-03-20,55.77,56.27,53.88,55.62,11102896,79.23,79.94,76.55,79.01,7815300,2026-01-03T03:45:15Z
DE,2008-03-24,57.33,57.79,55.93,56.31,5726406,81.45,82.1,79.45,80,4030800,2026-01-03T03:45:15Z
DE,2008-03-25,57.89,58.68,56.95,58.14,6387296,82.24,83.37,80.9,82.6,4496000,2026-01-03T03:45:15Z
DE,2008-03-26,56.89,57.99,56.66,57.71,6538025,80.82,82.39,80.5,81.98,4602100,2026-01-03T03:45:15Z
DE,2008-03-27,55.89,57.38,54.08,56.48,6652059,79.15,81.26,76.59,79.99,4696900,2026-01-03T03:45:15Z
DE,2008-03-28,56.44,57.5,55.82,56.28,4344962,79.94,81.43,79.05,79.7,3067900,2026-01-03T03:45:15Z
DE,2008-03-31,56.8,57.4,56.31,56.5,5037237,80.44,81.3,79.75,80.02,3556700,2026-01-03T03:45:15Z
DE,2008-04-01,57.22,58.59,55.99,57.61,8003190,81.04,82.98,79.3,81.59,5650900,2026-01-03T03:45:15Z
DE,2008-04-02,56.36,57.96,56,57.32,8410647,79.82,82.08,79.31,81.18,5938600,2026-01-03T03:45:15Z
DE,2008-04-03,58.6,58.91,56.09,56.13,8045100,83,83.43,79.44,79.5,5680500,2026-01-03T03:45:15Z
DE,2008-04-04,60.54,61.52,58.33,58.82,9438716,85.74,87.13,82.61,83.3,6664500,2026-01-03T03:45:15Z
DE,2008-04-07,62.42,63.19,60.97,60.97,9536152,88.4,89.5,86.35,86.35,6733300,2026-01-03T03:45:15Z
DE,2008-04-08,62.61,62.86,61.66,61.92,4473849,88.67,89.03,87.33,87.7,3158900,2026-01-03T03:45:15Z
DE,2008-04-09,61.37,63.03,60.65,62.76,5117681,86.92,89.27,85.9,88.89,3613500,2026-01-03T03:45:15Z
DE,2008-04-10,61.37,62.09,60.46,61.43,4365788,86.91,87.94,85.63,87,3082600,2026-01-03T03:45:15Z
DE,2008-04-11,60.94,61.52,60.02,60.16,4606833,86.31,87.13,85,85.2,3252800,2026-01-03T03:45:15Z
DE,2008-04-14,60.72,61.43,60.37,60.8,4079133,86,87,85.5,86.11,2880200,2026-01-03T03:45:15Z
DE,2008-04-15,60.88,61.77,60.08,61.24,4307863,86.22,87.48,85.09,86.73,3041700,2026-01-03T03:45:15Z
DE,2008-04-16,63.67,63.76,61.39,61.61,14949414,90.18,90.3,86.95,87.25,10555500,2026-01-03T03:45:15Z
DE,2008-04-17,63.23,64.53,62.07,63.62,7500267,89.55,91.39,87.9,90.1,5295800,2026-01-03T03:45:15Z
DE,2008-04-18,65.44,67,64.25,64.25,12781959,92.68,94.89,91,91,9025100,2026-01-03T03:45:15Z
DE,2008-04-21,65.91,66.41,64.96,65.42,5722994,93.35,94.05,92,92.65,4040900,2026-01-03T03:45:15Z
DE,2008-04-22,64.89,66.19,64.01,66.02,5732623,91.9,93.75,90.65,93.5,4047700,2026-01-03T03:45:15Z
DE,2008-04-23,63.9,65.31,63.48,65.27,5337200,90.5,92.5,89.9,92.44,3768500,2026-01-03T03:45:15Z
DE,2008-04-24,62.76,63.89,61.51,63.89,8009271,88.89,90.48,87.12,90.48,5655200,2026-01-03T03:45:15Z
DE,2008-04-25,63.55,63.77,62.2,63.19,5716907,90,90.31,88.09,89.5,4036600,2026-01-03T03:45:15Z
DE,2008-04-28,63.22,64.43,63.1,64.07,4625385,89.53,91.25,89.36,90.74,3265900,2026-01-03T03:45:15Z
DE,2008-04-29,59.37,63.15,59.11,63.01,9120333,84.09,89.43,83.71,89.24,6439700,2026-01-03T03:45:15Z
DE,2008-04-30,59.36,60.91,58.97,59.49,7829120,84.07,86.27,83.51,84.26,5528000,2026-01-03T03:45:15Z
DE,2008-05-01,59.59,59.8,57.23,59.39,8324107,84.4,84.69,81.05,84.11,5877500,2026-01-03T03:45:15Z
DE,2008-05-02,60.19,60.44,59.01,60.44,5719168,85.24,85.6,83.58,85.6,4038200,2026-01-03T03:45:15Z
DE,2008-05-05,59.57,60.58,58.51,60,5947754,84.37,85.79,82.86,84.98,4199600,2026-01-03T03:45:15Z
DE,2008-05-06,60.78,60.86,59.1,59.1,5166400,86.08,86.2,83.7,83.7,3647900,2026-01-03T03:45:15Z
DE,2008-05-07,60,61.71,59.7,60.94,4859499,84.97,87.39,84.55,86.3,3431200,2026-01-03T03:45:15Z
DE,2008-05-08,61.3,61.3,60.07,60.35,4346665,86.82,86.82,85.07,85.47,3069100,2026-01-03T03:45:15Z
DE,2008-05-09,60.94,61.19,59.73,61.08,4645638,86.31,86.66,84.6,86.51,3280200,2026-01-03T03:45:15Z
DE,2008-05-12,63.1,63.47,61.1,61.78,6071112,89.37,89.89,86.53,87.5,4286700,2026-01-03T03:45:15Z
DE,2008-05-13,63.68,64.06,62.71,63.55,7386256,90.19,90.73,88.82,90,5215300,2026-01-03T03:45:15Z
DE,2008-05-14,57.37,60.37,57.02,60.25,45732273,81.25,85.5,80.75,85.33,32290700,2026-01-03T03:45:15Z
DE,2008-05-15,59.04,59.09,57.64,58.04,18631126,83.61,83.69,81.63,82.2,13155100,2026-01-03T03:45:15Z
DE,2008-05-16,58.98,59.41,58.45,59.14,8499300,83.53,84.14,82.78,83.76,6001200,2026-01-03T03:45:15Z
DE,2008-05-19,57.05,59.38,56.66,59.1,13256399,80.8,84.1,80.24,83.7,9360100,2026-01-03T03:45:15Z
DE,2008-05-20,57.91,58.25,56.43,56.84,10750608,82.01,82.5,79.92,80.5,7590800,2026-01-03T03:45:15Z
DE,2008-05-21,57.78,59.24,57.64,58.13,8677759,81.83,83.9,81.63,82.32,6127200,2026-01-03T03:45:15Z
DE,2008-05-22,57.16,58.17,56.64,57.74,7676592,80.95,82.38,80.22,81.78,5420300,2026-01-03T03:45:15Z
DE,2008-05-23,56.78,57.49,55.82,56.94,5340457,80.42,81.42,79.05,80.64,3770800,2026-01-03T03:45:15Z
DE,2008-05-27,56.39,56.98,55.52,56.78,6853737,79.86,80.7,78.63,80.42,4839300,2026-01-03T03:45:15Z
DE,2008-05-28,58.31,58.49,56.17,56.52,9226981,82.58,82.84,79.55,80.05,6515000,2026-01-03T03:45:15Z
DE,2008-05-29,57.43,58.39,57.06,58.25,7400840,81.34,82.7,80.81,82.5,5225600,2026-01-03T03:45:15Z
DE,2008-05-30,57.43,58.08,57.31,57.72,5408862,81.34,82.26,81.17,81.75,3819100,2026-01-03T03:45:15Z
DE,2008-06-02,57.04,58.18,56.58,57.43,5270351,80.78,82.4,80.13,81.33,3721300,2026-01-03T03:45:15Z
DE,2008-06-03,57.14,57.46,56.07,57.21,8270429,80.93,81.38,79.41,81.02,5839600,2026-01-03T03:45:15Z
DE,2008-06-04,56.95,57.79,56.67,56.8,4938946,80.65,81.84,80.26,80.45,3487300,2026-01-03T03:45:15Z
DE,2008-06-05,58.5,58.58,56.73,57.27,8059261,82.85,82.96,80.35,81.11,5690500,2026-01-03T03:45:15Z
DE,2008-06-06,57.41,59.06,57.31,58.14,9001932,81.31,83.65,81.17,82.34,6356100,2026-01-03T03:45:15Z
DE,2008-06-09,57.67,58.06,57.19,57.78,5278572,81.68,82.23,81,81.83,3727100,2026-01-03T03:45:15Z
DE,2008-06-10,57.66,58.42,57.02,57.38,6721889,81.66,82.74,80.75,81.26,4746200,2026-01-03T03:45:15Z
DE,2008-06-11,55.78,57.9,55.46,57.79,9059583,79,82,78.55,81.84,6396800,2026-01-03T03:45:15Z
DE,2008-06-12,55.05,56.87,54.45,56.14,9709646,77.96,80.54,77.12,79.51,6855800,2026-01-03T03:45:15Z
DE,2008-06-13,55.02,55.87,54.59,55.76,9219327,77.92,79.13,77.32,78.97,6509600,2026-01-03T03:45:15Z
DE,2008-06-16,56.91,57.35,55.17,55.43,8513602,80.6,81.22,78.14,78.5,6011300,2026-01-03T03:45:15Z
DE,2008-06-17,55.92,57.19,55.92,57.04,5160023,79.2,81,79.19,80.79,3643400,2026-01-03T03:45:15Z
DE,2008-06-18,55.12,56.37,54.91,55.43,6304656,78.06,79.84,77.77,78.5,4451600,2026-01-03T03:45:15Z
DE,2008-06-19,54.85,55.33,54.65,54.87,4769563,77.68,78.36,77.4,77.71,3367700,2026-01-03T03:45:15Z
DE,2008-06-20,53.92,55.07,53.36,54.72,7932376,76.37,78,75.57,77.5,5600900,2026-01-03T03:45:15Z
DE,2008-06-23,54.71,54.89,53.49,54.54,6718062,77.48,77.74,75.76,77.24,4743500,2026-01-03T03:45:15Z
DE,2008-06-24,53.2,54.84,52.91,54.14,8174265,75.34,77.67,74.93,76.67,5771700,2026-01-03T03:45:15Z
DE,2008-06-25,51.94,53.73,51.79,53.3,10269768,73.56,76.09,73.35,75.48,7251300,2026-01-03T03:45:15Z
DE,2008-06-26,50.68,51.81,49.84,51.27,10934579,71.5,73.09,70.32,72.33,7750200,2026-01-03T03:45:15Z
DE,2008-06-27,50.59,51,49.73,50.14,13639073,71.38,71.96,70.16,70.74,9667100,2026-01-03T03:45:15Z
DE,2008-06-30,51.12,51.68,50.1,50.62,6887892,72.13,72.91,70.69,71.42,4882000,2026-01-03T03:45:15Z
DE,2008-07-01,52.04,52.34,49.7,50.27,9442144,73.42,73.84,70.12,70.93,6692400,2026-01-03T03:45:15Z
DE,2008-07-02,49.79,52.58,49.76,52.34,9055436,70.25,74.18,70.2,73.84,6418300,2026-01-03T03:45:15Z
DE,2008-07-03,48.52,50.32,48.1,49.81,7879610,68.45,70.99,67.86,70.27,5584900,2026-01-03T03:45:15Z
DE,2008-07-07,49.49,50.31,48.45,48.74,7869440,69.82,70.98,68.36,68.76,5577700,2026-01-03T03:45:15Z
DE,2008-07-08,47.46,49.49,47.08,49.18,13039168,66.96,69.82,66.43,69.39,9241900,2026-01-03T03:45:15Z
DE,2008-07-09,45.37,48.08,45.32,48.02,11864755,64.01,67.84,63.94,67.75,8409500,2026-01-03T03:45:15Z
DE,2008-07-10,46.67,47,45.36,45.57,9229394,65.84,66.31,64,64.29,6541600,2026-01-03T03:45:15Z
DE,2008-07-11,46.06,47.13,45.36,46.08,7017271,64.99,66.49,64,65.01,4973700,2026-01-03T03:45:15Z
DE,2008-07-14,47.7,47.94,46.54,46.65,7281243,67.3,67.64,65.66,65.82,5160800,2026-01-03T03:45:15Z
DE,2008-07-15,45.9,47.51,45.75,47.13,8801601,64.76,67.03,64.55,66.5,6238400,2026-01-03T03:45:15Z
DE,2008-07-16,46.18,46.62,45.02,46.05,13516470,65.15,65.77,63.51,64.97,9580200,2026-01-03T03:45:15Z
DE,2008-07-17,48.1,48.68,46.55,46.69,9824912,67.86,68.68,65.68,65.88,6963700,2026-01-03T03:45:15Z
DE,2008-07-18,47.72,48.96,47.38,48.23,7448300,67.33,69.08,66.85,68.05,5279200,2026-01-03T03:45:15Z
DE,2008-07-21,50.3,50.53,47.89,48.27,8748276,70.96,71.29,67.56,68.1,6200600,2026-01-03T03:45:15Z
DE,2008-07-22,50.03,50.73,49.06,50.17,8496869,70.58,71.57,69.21,70.78,6022400,2026-01-03T03:45:15Z
DE,2008-07-23,50.69,51.74,50.54,50.93,7880872,71.52,73,71.31,71.85,5585800,2026-01-03T03:45:15Z
DE,2008-07-24,48.05,51.2,47.7,50.68,8479922,67.79,72.23,67.3,71.5,6010400,2026-01-03T03:45:15Z
DE,2008-07-25,49.03,49.16,47.46,48.39,5906769,69.18,69.36,66.96,68.27,4186600,2026-01-03T03:45:15Z
DE,2008-07-28,49.41,49.94,48.93,49.05,7651465,69.71,70.46,69.04,69.2,5423200,2026-01-03T03:45:15Z
DE,2008-07-29,50.18,51.29,49.58,50.37,7704792,70.8,72.36,69.95,71.07,5461000,2026-01-03T03:45:15Z
DE,2008-07-30,52.07,52.15,50.23,50.65,8335036,73.47,73.57,70.87,71.46,5907700,2026-01-03T03:45:15Z
DE,2008-07-31,49.73,51.51,49.61,51.51,9294281,70.16,72.67,69.99,72.67,6587600,2026-01-03T03:45:15Z
DE,2008-08-01,49.77,50.59,49.53,50.12,6466609,70.22,71.37,69.88,70.71,4583400,2026-01-03T03:45:15Z
DE,2008-08-04,46.24,48.8,46.11,48.57,12909084,65.24,68.85,65.05,68.53,9149700,2026-01-03T03:45:15Z
DE,2008-08-05,47.25,47.35,46.43,46.83,8280577,66.67,66.8,65.51,66.07,5869100,2026-01-03T03:45:15Z
DE,2008-08-06,47.78,48.48,46.81,47.24,5394487,67.41,68.4,66.04,66.65,3823500,2026-01-03T03:45:15Z
DE,2008-08-07,47.47,48.53,46.78,47.45,6381246,66.97,68.47,66,66.95,4522900,2026-01-03T03:45:15Z
DE,2008-08-08,48.95,49.42,46.78,47.2,5087620,69.06,69.72,66,66.59,3606000,2026-01-03T03:45:15Z
DE,2008-08-11,49.32,49.62,48.08,48.75,8483453,69.58,70,67.84,68.78,6012900,2026-01-03T03:45:15Z
DE,2008-08-12,49.15,50.08,48.5,49.08,5941769,69.35,70.66,68.42,69.25,4211400,2026-01-03T03:45:15Z
DE,2008-08-13,47.56,47.75,43.23,44.19,40561277,67.1,67.37,60.99,62.34,28749000,2026-01-03T03:45:15Z
DE,2008-08-14,47.42,48.23,47.17,47.96,9807573,66.9,68.04,66.55,67.66,6951400,2026-01-03T03:45:15Z
DE,2008-08-15,47.24,48.4,46.46,48.24,6826954,66.65,68.28,65.55,68.06,4838800,2026-01-03T03:45:15Z
DE,2008-08-18,47.22,48.15,46.64,47.58,5322529,66.62,67.93,65.8,67.13,3772500,2026-01-03T03:45:15Z
DE,2008-08-19,46.43,47.21,46.24,47.02,4013241,65.5,66.6,65.24,66.34,2844500,2026-01-03T03:45:15Z
DE,2008-08-20,47.01,47.18,46.08,46.5,4327160,66.33,66.57,65.01,65.6,3067000,2026-01-03T03:45:15Z
DE,2008-08-21,47.47,47.84,46.43,46.55,5535719,66.98,67.5,65.5,65.68,3923600,2026-01-03T03:45:15Z
DE,2008-08-22,47.87,48.3,47.39,47.67,3319224,67.54,68.15,66.86,67.25,2352600,2026-01-03T03:45:15Z
DE,2008-08-25,46.81,47.77,46.6,47.68,3296934,66.04,67.4,65.75,67.27,2336800,2026-01-03T03:45:15Z
DE,2008-08-26,47.45,47.49,46.52,46.66,3693814,66.94,67,65.64,65.83,2618100,2026-01-03T03:45:15Z
DE,2008-08-27,48.17,48.35,47.21,47.35,3848309,67.96,68.22,66.6,66.81,2727600,2026-01-03T03:45:15Z
DE,2008-08-28,50.33,50.58,48.07,48.49,7403577,71.01,71.36,67.82,68.41,5247500,2026-01-03T03:45:15Z
DE,2008-08-29,50.02,50.32,49.59,50.27,3738960,70.57,70.99,69.97,70.92,2650100,2026-01-03T03:45:15Z
DE,2008-09-02,48.7,50.64,48.54,50.1,7941404,68.71,71.44,68.49,70.68,5628700,2026-01-03T03:45:15Z
DE,2008-09-03,47.16,48.65,46.28,48.34,7967780,66.53,68.64,65.29,68.2,5647400,2026-01-03T03:45:15Z
DE,2008-09-04,45.01,46.71,44.18,46.69,8878783,63.5,65.9,62.33,65.88,6293100,2026-01-03T03:45:15Z
DE,2008-09-05,44.82,45,43.89,44.6,8771703,63.23,63.49,61.92,62.93,6217200,2026-01-03T03:45:15Z
DE,2008-09-08,44.5,46.35,43.38,45.89,6992015,62.78,65.4,61.2,64.75,4955800,2026-01-03T03:45:15Z
DE,2008-09-09,42.49,44.65,42.44,44.4,7654149,59.95,63,59.88,62.64,5425100,2026-01-03T03:45:15Z
DE,2008-09-10,42.35,43.15,41.76,42.92,7948729,59.75,60.88,58.92,60.56,5633900,2026-01-03T03:45:15Z
DE,2008-09-11,43.65,43.71,41.11,41.68,6652851,61.58,61.67,58,58.8,4715400,2026-01-03T03:45:15Z
DE,2008-09-12,44.82,45.11,42.92,43.33,6419347,63.24,63.65,60.56,61.13,4549900,2026-01-03T03:45:15Z
DE,2008-09-15,43.38,45.13,43.28,43.28,6781656,61.21,63.67,61.06,61.06,4806700,2026-01-03T03:45:15Z
DE,2008-09-16,44.79,45.2,41.88,42.44,9709784,63.19,63.77,59.09,59.87,6882100,2026-01-03T03:45:15Z
DE,2008-09-17,42.47,44.62,42.44,44.09,6826235,59.92,62.95,59.87,62.2,4838300,2026-01-03T03:45:15Z
DE,2008-09-18,43.96,44.48,41.11,43.14,8974160,62.02,62.75,58,60.87,6360700,2026-01-03T03:45:15Z
DE,2008-09-19,44.92,46.45,44.02,46.45,7126905,63.38,65.53,62.11,65.53,5051400,2026-01-03T03:45:15Z
DE,2008-09-22,44.72,45.52,44.37,44.7,4732923,63.1,64.22,62.6,63.06,3354600,2026-01-03T03:45:15Z
DE,2008-09-23,43.07,45.36,42.51,44.3,4817157,60.77,63.99,59.98,62.5,3414300,2026-01-03T03:45:15Z
DE,2008-09-24,41.9,43.8,41.57,43.27,4716845,59.12,61.8,58.65,61.05,3343200,2026-01-03T03:45:15Z
DE,2008-09-25,40.94,42.36,40.76,42.26,9015921,57.76,59.77,57.5,59.62,6390300,2026-01-03T03:45:15Z
DE,2008-09-26,39.41,40.58,38.82,40.51,7678536,55.33,56.97,54.5,56.88,5468900,2026-01-03T03:45:15Z
DE,2008-09-29,34.02,38.63,32.89,38.57,15368446,47.76,54.24,46.18,54.15,10945900,2026-01-03T03:45:15Z
DE,2008-09-30,35.26,35.31,33.63,35.02,11344332,49.5,49.57,47.22,49.17,8079800,2026-01-03T03:45:15Z
DE,2008-10-01,32.98,35.25,32.76,35.25,9757506,46.3,49.49,46,49.49,6949600,2026-01-03T03:45:15Z
DE,2008-10-02,28.29,32.73,27.71,32.71,23608280,39.72,45.96,38.9,45.92,16814600,2026-01-03T03:45:15Z
DE,2008-10-03,27.95,30.53,27.46,28.72,20711639,39.24,42.86,38.56,40.32,14751500,2026-01-03T03:45:15Z
DE,2008-10-06,26.56,27.19,24.22,26.93,19121742,37.29,38.18,34,37.81,13619100,2026-01-03T03:45:15Z
DE,2008-10-07,25.64,28.2,24.93,27.42,18102916,36,39.6,35,38.5,12893500,2026-01-03T03:45:15Z
DE,2008-10-08,27.06,27.9,24.82,24.83,24263859,37.99,39.17,34.85,34.86,17281500,2026-01-03T03:45:15Z
DE,2008-10-09,27.78,29.43,27.18,27.96,21758536,39,41.32,38.16,39.25,15497100,2026-01-03T03:45:15Z
DE,2008-10-10,27.15,29.38,24.57,26.64,20199165,38.12,41.25,34.5,37.4,14386500,2026-01-03T03:45:15Z
DE,2008-10-13,30.23,30.56,28.6,28.7,11338561,42.45,42.9,40.15,40.3,8075700,2026-01-03T03:45:15Z
DE,2008-10-14,29.91,32.3,29.04,31.84,15004110,41.99,45.35,40.77,44.7,10686400,2026-01-03T03:45:15Z
DE,2008-10-15,26.42,29.05,26.22,28.95,13152038,37.1,40.78,36.82,40.65,9367300,2026-01-03T03:45:15Z
DE,2008-10-16,27.71,27.82,24.75,26.93,12565580,38.9,39.06,34.75,37.81,8949600,2026-01-03T03:45:15Z
DE,2008-10-17,28.08,29.31,26.39,27.21,12337545,39.42,41.15,37.05,38.2,8787200,2026-01-03T03:45:15Z
DE,2008-10-20,27.49,28.95,25.82,28.23,13192027,38.6,40.64,36.25,39.63,9395800,2026-01-03T03:45:15Z
DE,2008-10-21,26.63,28.12,26.35,26.47,8152807,37.39,39.48,37,37.16,5806700,2026-01-03T03:45:15Z
DE,2008-10-22,24.09,26.19,22.97,25.96,12552515,33.83,36.77,32.25,36.45,8940300,2026-01-03T03:45:15Z
DE,2008-10-23,23.06,24.57,21.63,24.56,14462967,32.38,34.5,30.37,34.48,10301000,2026-01-03T03:45:15Z
DE,2008-10-24,21.62,22.51,20.3,20.58,12101514,30.36,31.61,28.5,28.89,8619100,2026-01-03T03:45:15Z
DE,2008-10-27,21.29,22.74,20.73,21.36,8319063,29.89,31.93,29.11,29.99,5925100,2026-01-03T03:45:15Z
DE,2008-10-28,23.7,23.7,20.73,22.26,9865448,33.27,33.27,29.1,31.26,7026500,2026-01-03T03:45:15Z
DE,2008-10-29,25.46,27.95,23.53,24,16379336,35.74,39.24,33.04,33.69,11665900,2026-01-03T03:45:15Z
DE,2008-10-30,27.38,27.66,25.89,26.32,8860735,38.44,38.84,36.35,36.96,6310900,2026-01-03T03:45:15Z
DE,2008-10-31,27.46,28.28,26.38,27.14,6554878,38.56,39.7,37.04,38.11,4668600,2026-01-03T03:45:15Z
DE,2008-11-03,27.8,28.61,27.26,27.6,5847676,39.03,40.17,38.27,38.75,4164900,2026-01-03T03:45:15Z
DE,2008-11-04,30.3,30.48,28.82,28.91,8015211,42.54,42.8,40.46,40.59,5708700,2026-01-03T03:45:15Z
DE,2008-11-05,28.15,30.27,28.09,29.91,7133919,39.53,42.5,39.44,41.99,5081000,2026-01-03T03:45:15Z
DE,2008-11-06,25.51,27.93,25.07,27.8,8259256,35.81,39.21,35.2,39.03,5882500,2026-01-03T03:45:15Z
DE,2008-11-07,26.5,26.97,25.29,26.26,6958113,37.21,37.86,35.51,36.87,4955800,2026-01-03T03:45:15Z
DE,2008-11-10,26.26,28.09,25.66,27.77,6589423,36.87,39.44,36.03,38.99,4693200,2026-01-03T03:45:15Z
DE,2008-11-11,25.01,25.58,23.9,25.45,7561156,35.12,35.92,33.55,35.73,5385300,2026-01-03T03:45:15Z
DE,2008-11-12,23.31,24.52,23.01,24.46,7828753,32.73,34.43,32.31,34.34,5575900,2026-01-03T03:45:15Z
DE,2008-11-13,25.48,25.51,21.81,23.5,12294990,35.78,35.82,30.62,33,8756900,2026-01-03T03:45:15Z
DE,2008-11-14,24.07,25.64,23.96,24.72,8483759,33.79,36,33.64,34.7,6042400,2026-01-03T03:45:15Z
DE,2008-11-17,23.32,24.34,23.08,23.26,5653770,32.74,34.17,32.4,32.66,4026800,2026-01-03T03:45:15Z
DE,2008-11-18,24.02,24.4,23.15,23.28,7279218,33.72,34.26,32.5,32.68,5184500,2026-01-03T03:45:15Z
DE,2008-11-19,22.14,24.22,22.09,23.77,6853094,31.08,34,31.02,33.38,4881000,2026-01-03T03:45:15Z
DE,2008-11-20,20.49,22.66,20.36,21.87,11760642,28.77,31.82,28.58,30.7,8376300,2026-01-03T03:45:15Z
DE,2008-11-21,22.06,22.29,20.35,20.87,12733785,30.97,31.3,28.57,29.3,9069400,2026-01-03T03:45:15Z
DE,2008-11-24,23.63,24.25,22.22,22.64,8746993,33.18,34.05,31.2,31.79,6229900,2026-01-03T03:45:15Z
DE,2008-11-25,23.57,24.87,22.44,24.47,9095764,33.1,34.92,31.5,34.35,6478300,2026-01-03T03:45:15Z
DE,2008-11-26,25.47,25.64,20.56,21.5,22402263,35.76,36,28.87,30.19,15955600,2026-01-03T03:45:15Z
DE,2008-11-28,24.79,26.08,24.35,25.32,5075592,34.81,36.62,34.19,35.55,3615000,2026-01-03T03:45:15Z
DE,2008-12-01,21.65,24.2,21.47,23.87,10641453,30.4,33.98,30.14,33.52,7579200,2026-01-03T03:45:15Z
DE,2008-12-02,22.68,23.13,21.79,22.33,7827073,31.84,32.47,30.59,31.35,5574700,2026-01-03T03:45:15Z
DE,2008-12-03,24.04,24.42,21.68,21.68,9392176,33.75,34.28,30.44,30.44,6689400,2026-01-03T03:45:15Z
DE,2008-12-04,22.06,23.9,21.67,23.58,7684731,30.98,33.56,30.43,33.1,5473300,2026-01-03T03:45:15Z
DE,2008-12-05,22.78,22.83,20.73,21.51,9288968,31.99,32.05,29.1,30.2,6615900,2026-01-03T03:45:15Z
DE,2008-12-08,26.36,26.59,23.72,23.85,13554716,37.01,37.33,33.3,33.48,9654100,2026-01-03T03:45:15Z
DE,2008-12-09,27.04,28.23,25.18,25.68,13088687,37.97,39.63,35.35,36.06,9322200,2026-01-03T03:45:15Z
DE,2008-12-10,27.6,27.92,26,27.4,9469382,38.75,39.2,36.5,38.47,6744400,2026-01-03T03:45:15Z
DE,2008-12-11,25.75,27.62,25.53,27.34,7043207,36.15,38.78,35.85,38.39,5016400,2026-01-03T03:45:15Z
DE,2008-12-12,26.25,26.5,24.49,24.93,6458562,36.86,37.2,34.39,35,4600000,2026-01-03T03:45:15Z
DE,2008-12-15,25.9,26.92,25.59,26.87,5169935,36.36,37.8,35.93,37.73,3682200,2026-01-03T03:45:15Z
DE,2008-12-16,27.23,27.41,25.75,26.42,7804488,38.23,38.48,36.15,37.1,5558600,2026-01-03T03:45:15Z
DE,2008-12-17,28.76,29.58,26.92,27.07,9579192,40.38,41.53,37.8,38,6822600,2026-01-03T03:45:15Z
DE,2008-12-18,27.54,29.19,27.15,29.01,5926301,38.67,40.98,38.12,40.73,4220900,2026-01-03T03:45:15Z
DE,2008-12-19,28.05,28.5,27.39,27.84,6331222,39.38,40.01,38.46,39.09,4509300,2026-01-03T03:45:15Z
DE,2008-12-22,26.24,28.32,25.5,28.18,6745561,36.84,39.76,35.8,39.56,4804400,2026-01-03T03:45:15Z
DE,2008-12-23,26.55,27.37,26.39,26.6,4105686,37.28,38.43,37.05,37.35,2924200,2026-01-03T03:45:15Z
DE,2008-12-24,27.1,27.17,26.54,26.76,1389436,38.05,38.14,37.26,37.57,989600,2026-01-03T03:45:15Z
DE,2008-12-26,27.4,27.6,26.87,27.16,1891235,38.47,38.75,37.73,38.13,1347000,2026-01-03T03:45:15Z
DE,2008-12-29,27.17,27.9,26.64,27.9,2646300,37.87,38.89,37.13,38.89,1898600,2026-01-03T03:45:15Z
DE,2008-12-30,27.01,27.59,26.42,27.34,5939066,37.65,38.46,36.82,38.1,4261000,2026-01-03T03:45:15Z
DE,2008-12-31,27.49,27.94,26.75,27.04,6289610,38.32,38.94,37.28,37.69,4512500,2026-01-03T03:45:15Z
DE,2009-01-02,29.78,30.12,27.52,27.79,6170293,41.51,41.98,38.36,38.74,4426900,2026-01-03T03:45:15Z
DE,2009-01-05,30.77,32.01,29.41,29.72,8913602,42.89,44.61,40.99,41.42,6395100,2026-01-03T03:45:15Z
DE,2009-01-06,31.98,32.28,30.94,31.53,8301444,44.57,45,43.12,43.94,5955900,2026-01-03T03:45:15Z
DE,2009-01-07,30.6,31.57,30.05,31.53,7332738,42.65,44,41.89,43.95,5260900,2026-01-03T03:45:15Z
DE,2009-01-08,32.41,32.77,30.97,31.14,10405117,45.18,45.68,43.17,43.4,7465200,2026-01-03T03:45:15Z
DE,2009-01-09,33,33.55,31.93,32.42,10219195,45.99,46.76,44.51,45.19,7331800,2026-01-03T03:45:15Z
DE,2009-01-12,29.82,32.28,29.24,31.96,10579350,41.56,45,40.75,44.55,7590200,2026-01-03T03:45:15Z
DE,2009-01-13,29.26,29.65,28.39,28.91,10414596,40.78,41.32,39.57,40.3,7472000,2026-01-03T03:45:15Z
DE,2009-01-14,28.34,28.74,27.11,28.51,10138083,39.5,40.06,37.78,39.74,7273600,2026-01-03T03:45:15Z
DE,2009-01-15,28.44,28.85,27.02,28.58,9787378,39.64,40.21,37.66,39.83,7022000,2026-01-03T03:45:15Z
DE,2009-01-16,28.61,29.06,27.16,29.06,6271474,39.88,40.5,37.85,40.5,4499500,2026-01-03T03:45:15Z
DE,2009-01-20,26.75,28.59,26.37,28.28,7467645,37.29,39.85,36.75,39.42,5357700,2026-01-03T03:45:15Z
DE,2009-01-21,28.19,28.28,26.71,27.26,6312592,39.29,39.42,37.23,38,4529000,2026-01-03T03:45:15Z
DE,2009-01-22,26.88,27.65,26.02,27.04,7579301,37.47,38.54,36.26,37.69,5437800,2026-01-03T03:45:15Z
DE,2009-01-23,26.27,27.3,25.5,26.07,9372017,36.62,38.05,35.54,36.33,6724000,2026-01-03T03:45:15Z
DE,2009-01-26,25.34,26.58,24.82,25.28,10824516,35.32,37.05,34.6,35.24,7766100,2026-01-03T03:45:15Z
DE,2009-01-27,25.76,26.19,25.2,25.52,5914107,35.9,36.5,35.13,35.57,4243100,2026-01-03T03:45:15Z
DE,2009-01-28,27.16,27.79,26.4,26.75,6720439,37.85,38.74,36.8,37.28,4821600,2026-01-03T03:45:15Z
DE,2009-01-29,25.83,27.01,25.48,27.01,6485304,36,37.64,35.52,37.64,4652900,2026-01-03T03:45:15Z
DE,2009-01-30,24.92,25.82,24.29,25.54,8812291,34.74,35.99,33.85,35.6,6322400,2026-01-03T03:45:15Z
DE,2009-02-02,25.18,25.42,23.68,24.29,8726424,35.1,35.43,33,33.86,6260800,2026-01-03T03:45:15Z
DE,2009-02-03,25.84,26.02,25.1,25.53,6287097,36.01,36.26,34.98,35.58,4510700,2026-01-03T03:45:15Z
DE,2009-02-04,26.9,27.86,26.12,26.19,8334201,37.5,38.83,36.4,36.5,5979400,2026-01-03T03:45:15Z
DE,2009-02-05,28.44,28.88,26.2,26.63,11525329,39.64,40.25,36.52,37.11,8268900,2026-01-03T03:45:15Z
DE,2009-02-06,30,30.39,28.5,28.86,11405628,41.81,42.36,39.72,40.22,8183000,2026-01-03T03:45:15Z
DE,2009-02-09,29.14,30.13,28.61,30.1,5894589,40.62,42,39.87,41.95,4229100,2026-01-03T03:45:15Z
DE,2009-02-10,27.55,29.66,27.12,28.88,8163042,38.4,41.34,37.8,40.25,5856600,2026-01-03T03:45:15Z
DE,2009-02-11,27.46,28.26,26.67,27.86,5410110,38.28,39.39,37.17,38.83,3881500,2026-01-03T03:45:15Z
DE,2009-02-12,26.76,26.95,25.83,26.95,7752980,37.3,37.56,36,37.56,5562400,2026-01-03T03:45:15Z
DE,2009-02-13,25.91,27.37,25.7,26.95,8641098,36.11,38.15,35.82,37.56,6199600,2026-01-03T03:45:15Z
DE,2009-02-17,24.03,24.95,23.7,24.56,12737839,33.49,34.78,33.03,34.23,9138800,2026-01-03T03:45:15Z
DE,2009-02-18,23.12,24.21,22.74,23.35,17824031,32.23,33.75,31.7,32.54,12787900,2026-01-03T03:45:15Z
DE,2009-02-19,21.8,23.76,21.57,23.33,10988554,30.38,33.12,30.06,32.52,7883800,2026-01-03T03:45:15Z
DE,2009-02-20,20.73,21.78,20.33,21.24,12551912,28.89,30.35,28.34,29.6,9005400,2026-01-03T03:45:15Z
DE,2009-02-23,19.36,21.42,19.34,21.42,10518435,26.99,29.85,26.96,29.85,7546500,2026-01-03T03:45:15Z
DE,2009-02-24,20.41,20.61,19.09,19.59,16629610,28.45,28.72,26.61,27.3,11931000,2026-01-03T03:45:15Z
DE,2009-02-25,19.38,20.76,18.94,20.56,11828652,27.01,28.94,26.4,28.65,8486500,2026-01-03T03:45:15Z
DE,2009-02-26,19.5,20.3,19.49,19.84,10549247,27.18,28.3,27.17,27.65,7568600,2026-01-03T03:45:15Z
DE,2009-02-27,19.72,20.43,18.99,19.21,11521999,27.49,28.47,26.47,26.77,8266500,2026-01-03T03:45:15Z
DE,2009-03-02,17.81,19.23,17.64,19.19,13385932,24.83,26.8,24.59,26.75,9603800,2026-01-03T03:45:15Z
DE,2009-03-03,18.14,18.83,17.59,18.23,11452031,25.29,26.24,24.51,25.41,8216300,2026-01-03T03:45:15Z
DE,2009-03-04,19.31,19.95,18.78,18.94,13885879,26.92,27.8,26.17,26.4,9962500,2026-01-03T03:45:15Z
DE,2009-03-05,18.17,19.12,17.94,18.64,9116142,25.32,26.65,25.01,25.98,6540400,2026-01-03T03:45:15Z
DE,2009-03-06,18.3,19.16,17.66,18.65,9248513,25.51,26.7,24.62,25.99,6635400,2026-01-03T03:45:15Z
DE,2009-03-09,18.5,19.06,17.96,18.02,9246149,25.78,26.56,25.03,25.12,6633700,2026-01-03T03:45:15Z
DE,2009-03-10,19.97,20.02,18.95,19.22,14171654,27.84,27.91,26.41,26.79,10167500,2026-01-03T03:45:15Z
DE,2009-03-11,20.58,20.93,19.68,20.1,10990520,28.68,29.17,27.43,28.02,7885200,2026-01-03T03:45:15Z
DE,2009-03-12,21.45,21.52,19.89,20.54,8079114,29.9,30,27.72,28.63,5796400,2026-01-03T03:45:15Z
DE,2009-03-13,21.27,21.88,20.65,21.54,7492331,29.65,30.5,28.78,30.02,5375400,2026-01-03T03:45:15Z
DE,2009-03-16,21.6,22.64,21.32,21.52,7799094,30.1,31.55,29.71,29.99,5595500,2026-01-03T03:45:15Z
DE,2009-03-17,22.05,22.06,21.01,21.67,5764002,30.74,30.74,29.29,30.2,4135400,2026-01-03T03:45:15Z
DE,2009-03-18,22.28,22.68,20.94,21.83,8511355,31.06,31.61,29.19,30.43,6106500,2026-01-03T03:45:15Z
DE,2009-03-19,22.84,23.5,22.61,22.61,8449028,31.83,32.75,31.51,31.51,6061800,2026-01-03T03:45:15Z
DE,2009-03-20,22.04,23.28,21.96,22.88,9313344,30.72,32.45,30.61,31.89,6681900,2026-01-03T03:45:15Z
DE,2009-03-23,24.68,24.68,22.46,22.46,9391549,34.4,34.4,31.3,31.3,6738000,2026-01-03T03:45:15Z
DE,2009-03-24,25.09,25.64,23.88,24.31,11880189,34.97,35.73,33.28,33.89,8523500,2026-01-03T03:45:15Z
DE,2009-03-25,24.87,25.89,23.8,25.15,10816733,34.67,36.08,33.17,35.06,7760500,2026-01-03T03:45:15Z
DE,2009-03-26,25.77,25.94,24.96,25.13,8157610,35.92,36.16,34.79,35.02,5852700,2026-01-03T03:45:15Z
DE,2009-03-27,25.36,26.04,25.17,25.45,5827205,35.07,36.01,34.81,35.2,4213600,2026-01-03T03:45:15Z
DE,2009-03-30,23.43,24.61,22.99,24.58,9664640,32.4,34.03,31.79,33.99,6988400,2026-01-03T03:45:15Z
DE,2009-03-31,23.77,24.22,23.39,23.92,9591324,32.87,33.5,32.35,33.08,6935400,2026-01-03T03:45:15Z
DE,2009-04-01,24.77,25.08,23.05,23.21,13373141,34.26,34.68,31.88,32.1,9670000,2026-01-03T03:45:15Z
DE,2009-04-02,26.08,26.57,25.2,25.35,9490503,36.07,36.75,34.85,35.06,6862500,2026-01-03T03:45:15Z
DE,2009-04-03,26.97,27.13,25.84,26,10197469,37.3,37.52,35.73,35.96,7373700,2026-01-03T03:45:15Z
DE,2009-04-06,26.73,26.86,25.89,26.69,5907149,36.96,37.15,35.8,36.91,4271400,2026-01-03T03:45:15Z
DE,2009-04-07,25.29,26.23,25.24,26.23,7563923,34.98,36.28,34.91,36.28,5469400,2026-01-03T03:45:15Z
DE,2009-04-08,24.9,25.92,24.43,25.4,9761712,34.43,35.85,33.78,35.13,7058600,2026-01-03T03:45:15Z
DE,2009-04-09,27.09,27.19,25.67,25.7,7475413,37.47,37.6,35.5,35.54,5405400,2026-01-03T03:45:15Z
DE,2009-04-13,27.09,27.38,26.1,26.85,5291730,37.47,37.86,36.1,37.13,3826400,2026-01-03T03:45:15Z
DE,2009-04-14,26.77,27.76,26.47,26.67,5295466,37.02,38.39,36.6,36.88,3829100,2026-01-03T03:45:15Z
DE,2009-04-15,28.3,28.35,26.44,26.48,8012125,39.14,39.2,36.56,36.62,5793500,2026-01-03T03:45:15Z
DE,2009-04-16,29.08,29.36,27.74,28.21,9253188,40.21,40.6,38.36,39.01,6690900,2026-01-03T03:45:15Z
DE,2009-04-17,28.52,29.18,28.22,28.71,7787818,39.44,40.36,39.03,39.71,5631300,2026-01-03T03:45:15Z
DE,2009-04-20,26.55,28.09,26.46,28.09,7331304,36.72,38.85,36.59,38.85,5301200,2026-01-03T03:45:15Z
DE,2009-04-21,27.41,27.56,25.87,25.97,8584412,37.9,38.11,35.77,35.91,6207300,2026-01-03T03:45:15Z
DE,2009-04-22,28.34,29.28,26.97,27.15,11839188,39.19,40.49,37.3,37.54,8560800,2026-01-03T03:45:15Z
DE,2009-04-23,28.08,28.98,27.17,28.12,8574585,38.83,40.08,37.58,38.89,6200200,2026-01-03T03:45:15Z
DE,2009-04-24,29.3,29.75,28.06,28.27,7694202,40.52,41.14,38.8,39.09,5563600,2026-01-03T03:45:15Z
DE,2009-04-27,28.42,29.25,28.07,28.92,6454514,39.31,40.45,38.82,40,4667200,2026-01-03T03:45:15Z
DE,2009-04-28,27.8,28.45,27.49,28.06,5605666,38.45,39.35,38.01,38.8,4053400,2026-01-03T03:45:15Z
DE,2009-04-29,29.08,29.47,27.98,28.16,6905628,40.21,40.75,38.7,38.95,4993400,2026-01-03T03:45:15Z
DE,2009-04-30,29.83,31.08,29.38,29.55,8485110,41.26,42.98,40.63,40.86,6135500,2026-01-03T03:45:15Z
DE,2009-05-01,31.01,31.27,29.84,29.84,7486066,42.88,43.24,41.26,41.27,5413100,2026-01-03T03:45:15Z
DE,2009-05-04,32.6,32.9,31.38,31.41,7636670,45.08,45.5,43.39,43.44,5522000,2026-01-03T03:45:15Z
DE,2009-05-05,32.83,33.04,32.09,32.4,5818222,45.4,45.69,44.38,44.81,4207100,2026-01-03T03:45:15Z
DE,2009-05-06,34.02,34.34,32.63,33.3,9872348,47.05,47.49,45.13,46.05,7138600,2026-01-03T03:45:15Z
DE,2009-05-07,31.67,34.69,31.29,34.5,10813294,43.8,47.98,43.27,47.71,7819000,2026-01-03T03:45:15Z
DE,2009-05-08,32.47,33.1,31.9,31.9,8221238,44.91,45.77,44.12,44.12,5944700,2026-01-03T03:45:15Z
DE,2009-05-11,31.69,32.24,31.38,31.9,6015572,43.82,44.58,43.39,44.12,4349800,2026-01-03T03:45:15Z
DE,2009-05-12,31.61,32.42,30.79,32.02,7674277,43.71,44.84,42.58,44.28,5549200,2026-01-03T03:45:15Z
DE,2009-05-13,29.69,31.14,29.52,30.97,7900393,41.06,43.07,40.82,42.83,5712700,2026-01-03T03:45:15Z
DE,2009-05-14,30.21,30.49,29.29,29.7,7580384,41.78,42.17,40.5,41.07,5481300,2026-01-03T03:45:15Z
DE,2009-05-15,30.3,31.12,29.97,30.19,5979339,41.91,43.03,41.45,41.75,4323600,2026-01-03T03:45:15Z
DE,2009-05-18,32.16,32.18,30.53,30.8,7537377,44.47,44.5,42.22,42.6,5450200,2026-01-03T03:45:15Z
DE,2009-05-19,31.69,32.36,30.02,32.11,8927243,43.82,44.75,41.51,44.41,6455200,2026-01-03T03:45:15Z
DE,2009-05-20,32.05,34.35,31.82,32.19,14688896,44.33,47.5,44,44.52,10621400,2026-01-03T03:45:15Z
DE,2009-05-21,30.06,31.32,29.79,31.31,12815257,41.57,43.32,41.2,43.3,9266600,2026-01-03T03:45:15Z
DE,2009-05-22,30.3,31.59,30.06,30.23,9961682,41.9,43.68,41.57,41.81,7203200,2026-01-03T03:45:15Z
DE,2009-05-26,30.94,31.33,29.78,30.13,5936056,42.79,43.33,41.19,41.67,4292300,2026-01-03T03:45:15Z
DE,2009-05-27,30.94,32.07,30.86,31.2,6317336,42.79,44.35,42.68,43.15,4568000,2026-01-03T03:45:15Z
DE,2009-05-28,30.26,31.34,29.81,31.12,8730176,41.85,43.34,41.22,43.04,6312700,2026-01-03T03:45:15Z
DE,2009-05-29,31.43,31.43,30.5,30.5,6802062,43.47,43.47,42.18,42.18,4918500,2026-01-03T03:45:15Z
DE,2009-06-01,33.96,34.17,32.22,32.35,12331800,46.96,47.25,44.56,44.74,8917000,2026-01-03T03:45:15Z
DE,2009-06-02,33.54,34.36,33.2,33.91,8193571,46.39,47.52,45.91,46.89,5924700,2026-01-03T03:45:15Z
DE,2009-06-03,32.34,33.38,31.95,33.28,9466046,44.73,46.16,44.19,46.03,6844800,2026-01-03T03:45:15Z
DE,2009-06-04,33.57,33.84,32.54,32.86,5779490,46.42,46.8,45,45.44,4179100,2026-01-03T03:45:15Z
DE,2009-06-05,33.6,34.46,33.08,34.09,7488554,46.47,47.66,45.75,47.15,5414900,2026-01-03T03:45:15Z
DE,2009-06-08,33.12,33.54,32.26,33.05,7132173,45.8,46.39,44.61,45.71,5157200,2026-01-03T03:45:15Z
DE,2009-06-09,33.22,33.91,32.83,33.27,5824163,45.94,46.9,45.4,46.01,4211400,2026-01-03T03:45:15Z
DE,2009-06-10,33.05,33.94,32.18,33.73,5714769,45.71,46.93,44.5,46.65,4132300,2026-01-03T03:45:15Z
DE,2009-06-11,32.6,33.26,32.55,33.16,7525480,45.08,46,45.02,45.86,5441600,2026-01-03T03:45:15Z
DE,2009-06-12,32.37,32.38,31.6,32.36,4960922,44.77,44.78,43.7,44.75,3587200,2026-01-03T03:45:15Z
DE,2009-06-15,31.17,31.99,30.67,31.87,6603460,43.1,44.24,42.41,44.08,4774900,2026-01-03T03:45:15Z
DE,2009-06-16,30.1,31.83,29.85,31.35,7240317,41.62,44.02,41.28,43.36,5235400,2026-01-03T03:45:15Z
DE,2009-06-17,29.61,29.99,28.31,29.94,8765971,40.95,41.47,39.15,41.41,6338600,2026-01-03T03:45:15Z
DE,2009-06-18,29.27,29.89,28.92,29.87,5828731,40.48,41.34,40,41.31,4214700,2026-01-03T03:45:15Z
DE,2009-06-19,28.97,29.76,28.87,29.76,6430178,40.06,41.16,39.93,41.16,4649600,2026-01-03T03:45:15Z
DE,2009-06-22,28.15,28.63,27.87,28.62,8696010,38.93,39.59,38.54,39.58,6288000,2026-01-03T03:45:15Z
DE,2009-06-23,28.38,28.69,27.82,28.3,6124959,39.25,39.68,38.47,39.14,4428900,2026-01-03T03:45:15Z
DE,2009-06-24,28.92,29.57,28.7,28.8,6220795,39.99,40.89,39.69,39.83,4498200,2026-01-03T03:45:15Z
DE,2009-06-25,30.45,30.51,29.07,29.37,7940095,42.11,42.2,40.2,40.62,5741400,2026-01-03T03:45:15Z
DE,2009-06-26,30.41,30.86,30.24,30.38,10173373,41.78,42.39,41.54,41.74,7405500,2026-01-03T03:45:15Z
DE,2009-06-29,30.68,31.19,30.26,30.52,4123603,42.15,42.84,41.57,41.92,3001700,2026-01-03T03:45:15Z
DE,2009-06-30,29.08,30.33,28.7,29.94,10486724,39.95,41.66,39.43,41.13,7633600,2026-01-03T03:45:15Z
DE,2009-07-01,29.39,30.03,29.3,29.34,5755347,40.37,41.25,40.25,40.31,4189500,2026-01-03T03:45:15Z
DE,2009-07-02,28.05,28.94,28.05,28.83,5716471,38.53,39.76,38.53,39.61,4161200,2026-01-03T03:45:15Z
DE,2009-07-06,27.68,27.89,27.02,27.83,6473012,38.02,38.32,37.12,38.23,4711900,2026-01-03T03:45:15Z
DE,2009-07-07,26.19,27.74,26.17,27.59,6229724,35.98,38.11,35.95,37.9,4534800,2026-01-03T03:45:15Z
DE,2009-07-08,26.09,26.42,25.59,26.37,10048909,35.84,36.29,35.16,36.23,7314900,2026-01-03T03:45:15Z
DE,2009-07-09,25.97,26.64,25.88,26.45,7956659,35.67,36.59,35.55,36.34,5791900,2026-01-03T03:45:15Z
DE,2009-07-10,25.7,26.15,25.41,25.7,6561759,35.31,35.93,34.9,35.31,4776500,2026-01-03T03:45:15Z
DE,2009-07-13,26.64,26.66,25.45,25.75,5858658,36.59,36.62,34.96,35.37,4264700,2026-01-03T03:45:15Z
DE,2009-07-14,26.85,26.88,26.05,26.74,4899364,36.88,36.92,35.78,36.74,3566400,2026-01-03T03:45:15Z
DE,2009-07-15,28.15,28.2,27.23,27.29,6316530,38.67,38.74,37.41,37.49,4598000,2026-01-03T03:45:15Z
DE,2009-07-16,28.39,28.51,27.73,28.08,5313829,39,39.17,38.1,38.58,3868100,2026-01-03T03:45:15Z
DE,2009-07-17,27.94,28.37,27.76,28.25,5661936,38.38,38.97,38.13,38.81,4121500,2026-01-03T03:45:15Z
DE,2009-07-20,28.96,28.99,28.03,28.35,6579327,39.79,39.83,38.5,38.95,4789300,2026-01-03T03:45:15Z
DE,2009-07-21,29.51,30.76,29.15,30.32,9729638,40.54,42.25,40.04,41.65,7082500,2026-01-03T03:45:15Z
DE,2009-07-22,29.24,29.77,28.98,29.07,5387046,40.17,40.9,39.81,39.93,3921400,2026-01-03T03:45:15Z
DE,2009-07-23,30.65,30.86,29.12,29.21,7366355,42.1,42.39,40,40.12,5362200,2026-01-03T03:45:15Z
DE,2009-07-24,30.84,30.92,29.77,30.46,5899196,42.36,42.48,40.9,41.85,4294200,2026-01-03T03:45:15Z
DE,2009-07-27,31.1,31.12,30.44,30.84,3568883,42.72,42.75,41.82,42.36,2597900,2026-01-03T03:45:15Z
DE,2009-07-28,30.68,30.84,30.03,30.67,4872991,42.14,42.37,41.25,42.13,3547200,2026-01-03T03:45:15Z
DE,2009-07-29,29.98,30.31,29.65,30.31,4444102,41.18,41.64,40.73,41.64,3235000,2026-01-03T03:45:15Z
DE,2009-07-30,31.21,31.52,30.49,30.63,7147655,42.87,43.3,41.89,42.08,5203000,2026-01-03T03:45:15Z
DE,2009-07-31,31.84,32.23,31.02,31.21,7393009,43.74,44.27,42.61,42.88,5381600,2026-01-03T03:45:15Z
DE,2009-08-03,33.08,33.4,32.32,32.35,7093525,45.44,45.88,44.4,44.44,5163600,2026-01-03T03:45:15Z
DE,2009-08-04,33.22,33.78,32.55,32.9,7455782,45.64,46.4,44.72,45.19,5427300,2026-01-03T03:45:15Z
DE,2009-08-05,33.08,33.39,32.52,33.34,6060183,45.45,45.87,44.68,45.8,4411400,2026-01-03T03:45:15Z
DE,2009-08-06,33.02,33.66,32.67,33.45,4302886,45.36,46.24,44.88,45.95,3132200,2026-01-03T03:45:15Z
DE,2009-08-07,33.71,34.21,33.05,33.51,4667748,46.31,47,45.4,46.03,3397800,2026-01-03T03:45:15Z
DE,2009-08-10,33.14,33.67,32.84,33.6,4734380,45.52,46.25,45.12,46.16,3446300,2026-01-03T03:45:15Z
DE,2009-08-11,32.66,32.93,32.08,32.82,5495161,44.86,45.24,44.07,45.09,4000100,2026-01-03T03:45:15Z
DE,2009-08-12,33.34,33.66,32.31,32.53,6141935,45.8,46.24,44.38,44.69,4470900,2026-01-03T03:45:15Z
DE,2009-08-13,33.22,33.69,32.88,33.59,4875186,45.63,46.28,45.17,46.14,3548800,2026-01-03T03:45:15Z
DE,2009-08-14,32.41,33.3,32.01,33.06,5548734,44.53,45.75,43.97,45.42,4039100,2026-01-03T03:45:15Z
DE,2009-08-17,30.92,31.91,30.71,31.75,5992057,42.47,43.84,42.19,43.62,4361800,2026-01-03T03:45:15Z
DE,2009-08-18,32.82,32.89,31.06,31.06,10093954,45.09,45.18,42.67,42.67,7347700,2026-01-03T03:45:15Z
DE,2009-08-19,31.87,32.29,31.02,31.46,19167625,43.78,44.36,42.61,43.22,13952700,2026-01-03T03:45:15Z
DE,2009-08-20,32.02,32.39,31.83,31.9,7526258,43.99,44.49,43.72,43.82,5478600,2026-01-03T03:45:15Z
DE,2009-08-21,32.61,32.84,32.04,32.31,7206591,44.8,45.11,44.02,44.39,5245900,2026-01-03T03:45:15Z
DE,2009-08-24,33.01,33.64,32.75,32.83,6261027,45.35,46.21,44.99,45.1,4557600,2026-01-03T03:45:15Z
DE,2009-08-25,33.71,34.04,32.97,33.17,7011925,46.31,46.76,45.29,45.57,5104200,2026-01-03T03:45:15Z
DE,2009-08-26,32.85,33.53,32.68,33.51,6452677,45.13,46.06,44.9,46.04,4697100,2026-01-03T03:45:15Z
DE,2009-08-27,32.81,33.06,32.04,32.68,4765843,45.07,45.41,44.02,44.9,3469200,2026-01-03T03:45:15Z
DE,2009-08-28,32.34,33.32,32.07,32.99,5569204,44.43,45.77,44.05,45.32,4054000,2026-01-03T03:45:15Z
DE,2009-08-31,31.74,32.06,31.36,31.97,5335943,43.6,44.04,43.08,43.92,3884200,2026-01-03T03:45:15Z
DE,2009-09-01,30.93,32.28,30.84,31.57,6977582,42.49,44.35,42.36,43.37,5079200,2026-01-03T03:45:15Z
DE,2009-09-02,30.01,31.02,29.87,30.89,9228077,41.22,42.61,41.03,42.44,6717400,2026-01-03T03:45:15Z
DE,2009-09-03,30.01,30.05,29.38,29.63,9235907,41.22,41.28,40.36,40.71,6723100,2026-01-03T03:45:15Z
DE,2009-09-04,30.7,30.7,29.7,29.99,9182885,42.18,42.18,40.8,41.2,6684500,2026-01-03T03:45:15Z
DE,2009-09-08,31.14,31.34,30.65,31.16,5059680,42.78,43.05,42.11,42.8,3683100,2026-01-03T03:45:15Z
DE,2009-09-09,31.31,31.58,30.8,31.19,6076677,43.01,43.38,42.31,42.85,4423400,2026-01-03T03:45:15Z
DE,2009-09-10,31.32,31.32,30.51,31.08,7753337,43.03,43.03,41.91,42.7,5643900,2026-01-03T03:45:15Z
DE,2009-09-11,31.3,31.86,31.02,31.37,5249266,43,43.77,42.61,43.1,3821100,2026-01-03T03:45:15Z
DE,2009-09-14,31.49,31.53,30.65,30.94,5936138,43.26,43.31,42.1,42.51,4321100,2026-01-03T03:45:15Z
DE,2009-09-15,32.88,33.21,31.41,31.61,11103539,45.17,45.62,43.15,43.42,8082600,2026-01-03T03:45:15Z
DE,2009-09-16,32.9,33.03,32.31,32.55,9189327,45.2,45.38,44.39,44.71,6689200,2026-01-03T03:45:15Z
DE,2009-09-17,33.43,33.63,32.52,32.75,11355468,45.92,46.2,44.67,44.99,8266000,2026-01-03T03:45:15Z
DE,2009-09-18,32.81,33.71,32.67,33.69,8512083,45.07,46.31,44.88,46.28,6196200,2026-01-03T03:45:15Z
DE,2009-09-21,32.67,33.03,32.04,32.33,5156265,44.88,45.38,44.01,44.41,3753400,2026-01-03T03:45:15Z
DE,2009-09-22,33.62,34.24,32.62,32.76,8641080,46.18,47.04,44.81,45,6290100,2026-01-03T03:45:15Z
DE,2009-09-23,33.04,33.86,33,33.78,5254067,45.39,46.51,45.33,46.4,3824600,2026-01-03T03:45:15Z
DE,2009-09-24,32.34,33.33,32.04,33.16,6650900,44.43,45.79,44.02,45.56,4841400,2026-01-03T03:45:15Z
DE,2009-09-25,31.99,32.58,31.64,32.2,5422352,43.94,44.75,43.47,44.23,3947100,2026-01-03T03:45:15Z
DE,2009-09-28,31.19,32.52,31.04,32.35,10382091,42.57,44.39,42.37,44.16,7605900,2026-01-03T03:45:15Z
DE,2009-09-29,31.65,32.02,31.2,31.34,7736559,43.2,43.71,42.59,42.78,5667800,2026-01-03T03:45:15Z
DE,2009-09-30,31.44,32.02,30.83,31.98,7010257,42.92,43.7,42.08,43.65,5135700,2026-01-03T03:45:15Z
DE,2009-10-01,30.33,31.39,30.32,31.24,7243116,41.4,42.85,41.39,42.64,5306300,2026-01-03T03:45:15Z
DE,2009-10-02,30.13,30.59,29.51,29.83,8408282,41.13,41.76,40.28,40.72,6159900,2026-01-03T03:45:15Z
DE,2009-10-05,30.86,31.01,30.23,30.37,5473520,42.12,42.33,41.27,41.45,4009900,2026-01-03T03:45:15Z
DE,2009-10-06,31.58,32.29,31.07,31.07,7675559,43.11,44.07,42.41,42.41,5623100,2026-01-03T03:45:15Z
DE,2009-10-07,31.23,31.79,30.88,31.53,5858729,42.63,43.39,42.15,43.04,4292100,2026-01-03T03:45:15Z
DE,2009-10-08,31.59,32.15,31.31,31.65,6505735,43.12,43.88,42.74,43.2,4766100,2026-01-03T03:45:15Z
DE,2009-10-09,31.48,31.65,31.07,31.49,5955096,42.97,43.2,42.41,42.99,4362700,2026-01-03T03:45:15Z
DE,2009-10-12,31.22,32.05,30.91,31.8,6664364,42.61,43.75,42.19,43.41,4882300,2026-01-03T03:45:15Z
DE,2009-10-13,31.25,31.33,30.86,31.15,6145780,42.65,42.77,42.12,42.52,4502400,2026-01-03T03:45:15Z
DE,2009-10-14,32.05,32.11,31.35,31.63,8452510,43.75,43.83,42.79,43.17,6192300,2026-01-03T03:45:15Z
DE,2009-10-15,32.27,32.4,31.76,31.89,7299487,44.05,44.22,43.35,43.53,5347600,2026-01-03T03:45:15Z
DE,2009-10-16,32.26,32.36,31.52,31.91,6824189,44.04,44.17,43.03,43.56,4999400,2026-01-03T03:45:15Z
DE,2009-10-19,33.73,33.99,32.35,32.35,12601830,46.04,46.4,44.16,44.16,9232100,2026-01-03T03:45:15Z
DE,2009-10-20,33.71,34.57,33.25,34.56,9403364,46.01,47.19,45.39,47.17,6888900,2026-01-03T03:45:15Z
DE,2009-10-21,35.24,36.4,33.25,33.25,21820402,48.1,49.68,45.39,45.39,15985600,2026-01-03T03:45:15Z
DE,2009-10-22,35.44,35.66,34.63,34.89,12356706,48.38,48.67,47.27,47.63,9052500,2026-01-03T03:45:15Z
DE,2009-10-23,35.22,36.23,35.08,35.64,8201339,48.08,49.45,47.88,48.65,6008300,2026-01-03T03:45:15Z
DE,2009-10-26,35.19,36.54,35.08,35.41,9657522,48.04,49.88,47.89,48.33,7075100,2026-01-03T03:45:15Z
DE,2009-10-27,34.37,35.68,34.23,35.4,6827072,46.92,48.7,46.73,48.32,5001500,2026-01-03T03:45:15Z
DE,2009-10-28,33.27,34.51,33.19,34.25,7874714,45.42,47.11,45.31,46.75,5769000,2026-01-03T03:45:15Z
DE,2009-10-29,34.81,35.06,33.48,33.57,7000414,47.51,47.85,45.7,45.82,5128500,2026-01-03T03:45:15Z
DE,2009-10-30,33.37,34.87,33.15,34.73,8477757,45.55,47.6,45.25,47.4,6210800,2026-01-03T03:45:15Z
DE,2009-11-02,33.92,34.47,33.11,33.55,5774242,46.3,47.05,45.19,45.8,4230200,2026-01-03T03:45:15Z
DE,2009-11-03,34.59,34.87,33.31,33.41,6026216,47.21,47.6,45.47,45.61,4414800,2026-01-03T03:45:15Z
DE,2009-11-04,34.26,35.17,34.09,34.98,6835941,46.76,48,46.53,47.75,5008000,2026-01-03T03:45:15Z
DE,2009-11-05,35.25,35.28,34.48,34.48,6977767,48.11,48.16,47.06,47.06,5111900,2026-01-03T03:45:15Z
DE,2009-11-06,34.55,35.6,34.32,35.01,6371692,47.16,48.59,46.85,47.79,4667900,2026-01-03T03:45:15Z
DE,2009-11-09,35.52,35.8,35,35,6339348,48.48,48.86,47.77,47.77,4644200,2026-01-03T03:45:15Z
DE,2009-11-10,35.42,36.1,35.35,35.38,5893394,48.35,49.27,48.25,48.29,4317500,2026-01-03T03:45:15Z
DE,2009-11-11,35.17,35.93,35,35.91,5487991,48.01,49.04,47.77,49.01,4020500,2026-01-03T03:45:15Z
DE,2009-11-12,34.73,35.53,34.67,35.22,4602793,47.41,48.5,47.32,48.08,3372000,2026-01-03T03:45:15Z
DE,2009-11-13,34.86,35.28,34.62,34.84,4265220,47.58,48.16,47.26,47.55,3124700,2026-01-03T03:45:15Z
DE,2009-11-16,35.83,36.61,35.02,35.06,8700670,48.91,49.97,47.8,47.86,6374100,2026-01-03T03:45:15Z
DE,2009-11-17,36.01,36.08,35.3,36,6155626,49.15,49.25,48.18,49.14,4509600,2026-01-03T03:45:15Z
DE,2009-11-18,37.7,38.3,36.83,37.01,18297069,51.46,52.28,50.27,50.52,13404400,2026-01-03T03:45:15Z
DE,2009-11-19,37.28,37.97,36.72,37.55,9504507,50.89,51.83,50.12,51.26,6963000,2026-01-03T03:45:15Z
DE,2009-11-20,37.24,37.4,36.47,37.14,7776152,50.83,51.05,49.78,50.69,5696800,2026-01-03T03:45:15Z
DE,2009-11-23,37.99,39.26,37.76,38.91,10009011,51.85,53.59,51.54,53.11,7332600,2026-01-03T03:45:15Z
DE,2009-11-24,38.31,38.52,37.73,38.08,11522403,52.29,52.58,51.5,51.98,8441300,2026-01-03T03:45:15Z
DE,2009-11-25,39.34,39.67,37.56,37.86,19518165,53.7,54.15,51.27,51.68,14299000,2026-01-03T03:45:15Z
DE,2009-11-27,38.36,39.03,37.96,37.99,4559245,52.36,53.28,51.82,51.86,3340100,2026-01-03T03:45:15Z
DE,2009-11-30,39.2,39.43,38.69,39.43,9640600,53.51,53.82,52.81,53.82,7062700,2026-01-03T03:45:15Z
DE,2009-12-01,39.6,40.4,39.2,39.74,8660257,54.05,55.14,53.51,54.25,6344500,2026-01-03T03:45:15Z
DE,2009-12-02,39.56,39.78,39.14,39.63,6558968,54,54.3,53.43,54.09,4805100,2026-01-03T03:45:15Z
DE,2009-12-03,39.85,40.02,39.6,39.91,10665994,54.4,54.62,54.06,54.48,7813900,2026-01-03T03:45:15Z
DE,2009-12-04,39.74,40.59,39.35,40.32,14383438,54.24,55.4,53.72,55.04,10537300,2026-01-03T03:45:15Z
DE,2009-12-07,39.27,39.91,39.08,39.63,5884670,53.61,54.47,53.34,54.1,4311100,2026-01-03T03:45:15Z
DE,2009-12-08,38.29,38.95,38.14,38.95,6217581,52.27,53.16,52.06,53.16,4555000,2026-01-03T03:45:15Z
DE,2009-12-09,38.56,38.75,37.81,38.47,4973936,52.64,52.89,51.61,52.51,3643900,2026-01-03T03:45:15Z
DE,2009-12-10,38.39,39.55,38.26,38.8,5394900,52.4,53.98,52.23,52.96,3952300,2026-01-03T03:45:15Z
DE,2009-12-11,38.42,38.86,38.26,38.48,4250482,52.44,53.05,52.23,52.53,3113900,2026-01-03T03:45:15Z
DE,2009-12-14,39.02,39.09,38.61,38.65,4194520,53.26,53.36,52.7,52.76,3072900,2026-01-03T03:45:15Z
DE,2009-12-15,39.2,39.42,38.9,38.94,4363366,53.51,53.81,53.1,53.15,3196600,2026-01-03T03:45:15Z
DE,2009-12-16,39.95,40.18,39.22,39.37,6884397,54.53,54.85,53.53,53.74,5043500,2026-01-03T03:45:15Z
DE,2009-12-17,39.66,40.2,38.97,39.6,6622860,54.14,54.87,53.2,54.06,4851900,2026-01-03T03:45:15Z
DE,2009-12-18,40.17,40.43,39.79,39.91,10219780,54.83,55.19,54.31,54.47,7487000,2026-01-03T03:45:15Z
DE,2009-12-21,40.72,40.84,40.22,40.37,5070162,55.58,55.74,54.9,55.11,3714400,2026-01-03T03:45:15Z
DE,2009-12-22,41.46,41.53,40.6,40.7,4774095,56.59,56.69,55.42,55.56,3497500,2026-01-03T03:45:15Z
DE,2009-12-23,41.07,41.66,40.85,41.52,3606475,56.06,56.87,55.76,56.68,2642100,2026-01-03T03:45:15Z
DE,2009-12-24,41.27,41.54,41.13,41.18,1186460,56.33,56.7,56.14,56.21,869200,2026-01-03T03:45:15Z
DE,2009-12-28,40.97,41.56,40.78,41.29,2726454,55.93,56.73,55.67,56.36,1997400,2026-01-03T03:45:15Z
