ticker,tradeDate,clsPx,hiPx,loPx,open,stockVolume,unadjClsPx,unadjHiPx,unadjLoPx,unadjOpen,unadjStockVolume,updatedAt
DHR,2006-01-03,17.56,17.61,17.1,17.48,4084298,56.36,56.51,54.89,56.09,1272500,2025-12-30T03:44:48Z
DHR,2006-01-04,17.63,17.72,17.49,17.56,4299020,56.6,56.88,56.14,56.36,1339400,2025-12-30T03:44:48Z
DHR,2006-01-05,17.47,17.71,17.36,17.61,5211526,56.06,56.85,55.71,56.53,1623700,2025-12-30T03:44:48Z
DHR,2006-01-06,17.73,17.81,17.67,17.69,4231304,56.9,57.15,56.71,56.79,1318300,2025-12-30T03:44:48Z
DHR,2006-01-09,17.65,17.75,17.55,17.73,3695945,56.65,56.96,56.33,56.9,1151500,2025-12-30T03:44:48Z
DHR,2006-01-10,17.46,17.65,17.42,17.65,5168541,56.04,56.66,55.91,56.66,1610300,2025-12-30T03:44:48Z
DHR,2006-01-11,17.24,17.46,17.19,17.45,6173803,55.34,56.05,55.17,56.02,1923500,2025-12-30T03:44:48Z
DHR,2006-01-12,16.97,17.22,16.95,17.2,5043675,54.47,55.27,54.4,55.19,1571400,2025-12-30T03:44:48Z
DHR,2006-01-13,17.23,17.43,16.99,17.04,7392518,55.29,55.96,54.52,54.68,2303200,2025-12-30T03:44:48Z
DHR,2006-01-17,17.14,17.2,16.98,17.03,3920301,55,55.2,54.5,54.65,1221400,2025-12-30T03:44:48Z
DHR,2006-01-18,17.25,17.35,17,17.11,3125903,55.38,55.7,54.57,54.9,973900,2025-12-30T03:44:48Z
DHR,2006-01-19,17.32,17.44,17.24,17.31,3736696,55.6,55.98,55.34,55.56,1164200,2025-12-30T03:44:48Z
DHR,2006-01-20,16.93,17.3,16.93,17.3,6558322,54.35,55.53,54.33,55.53,2043300,2025-12-30T03:44:48Z
DHR,2006-01-23,16.93,16.99,16.84,16.95,4088479,54.35,54.53,54.04,54.4,1273800,2025-12-30T03:44:48Z
DHR,2006-01-24,17.04,17.12,16.91,16.94,5585154,54.7,54.95,54.28,54.38,1740100,2025-12-30T03:44:48Z
DHR,2006-01-25,16.92,17.11,16.9,17.01,5253274,54.3,54.93,54.23,54.6,1636700,2025-12-30T03:44:48Z
DHR,2006-01-26,17.23,17.4,17.09,17.23,5653826,55.3,55.85,54.84,55.3,1761500,2025-12-30T03:44:48Z
DHR,2006-01-27,17.31,17.45,17.15,17.35,3711344,55.55,56,55.06,55.7,1156300,2025-12-30T03:44:48Z
DHR,2006-01-30,17.69,17.9,17.35,17.38,5935979,56.79,57.44,55.7,55.77,1849400,2025-12-30T03:44:48Z
DHR,2006-01-31,17.65,17.75,17.47,17.57,3854168,56.64,56.97,56.06,56.4,1200800,2025-12-30T03:44:48Z
DHR,2006-02-01,17.68,17.7,17.46,17.53,3459064,56.75,56.81,56.05,56.27,1077700,2025-12-30T03:44:48Z
DHR,2006-02-02,17.48,17.71,17.37,17.71,3102465,56.12,56.85,55.76,56.85,966600,2025-12-30T03:44:48Z
DHR,2006-02-03,17.29,17.5,17.26,17.42,3471572,55.49,56.17,55.4,55.9,1081600,2025-12-30T03:44:48Z
DHR,2006-02-06,17.41,17.45,17.21,17.27,2560034,55.88,56.02,55.25,55.42,797600,2025-12-30T03:44:48Z
DHR,2006-02-07,17.2,17.43,17.2,17.41,3799290,55.22,55.95,55.2,55.89,1183700,2025-12-30T03:44:48Z
DHR,2006-02-08,17.51,17.54,17.18,17.29,4536546,56.19,56.31,55.15,55.5,1413400,2025-12-30T03:44:48Z
DHR,2006-02-09,17.53,17.71,17.43,17.51,3069415,56.25,56.84,55.93,56.19,956300,2025-12-30T03:44:48Z
DHR,2006-02-10,17.61,17.64,17.42,17.53,2565494,56.51,56.62,55.9,56.26,799300,2025-12-30T03:44:48Z
DHR,2006-02-13,17.67,17.7,17.54,17.61,2342737,56.73,56.8,56.3,56.52,729900,2025-12-30T03:44:48Z
DHR,2006-02-14,18,18.05,17.56,17.68,3941480,57.76,57.93,56.37,56.75,1228000,2025-12-30T03:44:48Z
DHR,2006-02-15,18.02,18.07,17.68,17.93,2836056,57.85,57.99,56.75,57.56,883600,2025-12-30T03:44:48Z
DHR,2006-02-16,18.53,18.57,18.05,18.07,8152251,59.48,59.6,57.94,57.99,2539900,2025-12-30T03:44:48Z
DHR,2006-02-17,18.69,18.81,18.42,18.81,4982371,59.98,60.37,59.13,60.37,1552300,2025-12-30T03:44:48Z
DHR,2006-02-21,18.69,18.78,18.64,18.69,3618894,59.99,60.27,59.83,60,1127500,2025-12-30T03:44:48Z
DHR,2006-02-22,19.05,19.13,18.85,18.89,5584503,61.16,61.4,60.5,60.64,1739900,2025-12-30T03:44:48Z
DHR,2006-02-23,19.15,19.43,18.99,19.11,5132588,61.46,62.38,60.95,61.32,1599100,2025-12-30T03:44:48Z
DHR,2006-02-24,19.08,19.15,18.94,19.15,2862383,61.23,61.47,60.78,61.47,891800,2025-12-30T03:44:48Z
DHR,2006-02-27,19.22,19.32,19.08,19.18,2428441,61.69,62.02,61.24,61.55,756600,2025-12-30T03:44:48Z
DHR,2006-02-28,18.87,19.13,18.77,19.05,4595272,60.58,61.4,60.23,61.13,1431700,2025-12-30T03:44:48Z
DHR,2006-03-01,19.07,19.09,18.8,18.86,3122369,61.2,61.28,60.33,60.53,972800,2025-12-30T03:44:48Z
DHR,2006-03-02,18.97,19.18,18.83,18.9,4318619,60.89,61.55,60.43,60.65,1345500,2025-12-30T03:44:48Z
DHR,2006-03-03,19,19.18,18.77,18.81,2722762,60.97,61.55,60.26,60.38,848300,2025-12-30T03:44:48Z
DHR,2006-03-06,18.81,19.07,18.79,18.96,2838302,60.37,61.21,60.3,60.85,884300,2025-12-30T03:44:48Z
DHR,2006-03-07,19.05,19.11,18.76,18.82,3098299,61.15,61.32,60.21,60.4,965300,2025-12-30T03:44:48Z
DHR,2006-03-08,19.03,19.09,18.85,19.01,3573330,61.08,61.27,60.49,61,1113300,2025-12-30T03:44:48Z
DHR,2006-03-09,19.07,19.3,19.01,19.03,3695942,61.22,61.96,61,61.09,1151500,2025-12-30T03:44:48Z
DHR,2006-03-10,19.1,19.12,18.92,19.07,4118969,61.3,61.36,60.71,61.22,1283300,2025-12-30T03:44:48Z
DHR,2006-03-13,19.15,19.2,18.99,19.18,2200871,61.46,61.64,60.95,61.55,685700,2025-12-30T03:44:48Z
DHR,2006-03-14,19.49,19.54,19.06,19.12,3284777,62.57,62.73,61.16,61.36,1023400,2025-12-30T03:44:48Z
DHR,2006-03-15,19.57,19.63,19.41,19.45,4376392,62.8,63.02,62.31,62.43,1363500,2025-12-30T03:44:48Z
DHR,2006-03-16,19.91,20.07,19.62,19.63,4002450,63.9,64.41,62.98,63,1247000,2025-12-30T03:44:48Z
DHR,2006-03-17,20.1,20.38,19.99,19.99,5906424,64.51,65.42,64.15,64.16,1840200,2025-12-30T03:44:48Z
DHR,2006-03-20,19.93,20.07,19.84,20.03,2782463,63.96,64.43,63.69,64.3,866900,2025-12-30T03:44:48Z
DHR,2006-03-21,19.74,20.12,19.71,19.92,3380423,63.35,64.58,63.27,63.92,1053200,2025-12-30T03:44:48Z
DHR,2006-03-22,19.95,20.02,19.69,19.73,2539169,64.03,64.25,63.19,63.33,791100,2025-12-30T03:44:48Z
DHR,2006-03-23,19.94,20.08,19.79,19.97,3045651,63.99,64.44,63.51,64.11,948900,2025-12-30T03:44:48Z
DHR,2006-03-24,20.1,20.13,19.88,19.94,2350759,64.53,64.62,63.82,64,732400,2025-12-30T03:44:48Z
DHR,2006-03-27,19.98,20.19,19.83,20.11,2581856,64.13,64.8,63.64,64.53,804400,2025-12-30T03:44:48Z
DHR,2006-03-28,19.86,20.06,19.78,20.02,2851790,63.75,64.37,63.5,64.25,888500,2025-12-30T03:44:48Z
DHR,2006-03-29,19.97,20.02,19.82,19.9,2396544,64.08,64.25,63.61,63.84,746900,2025-12-30T03:44:48Z
DHR,2006-03-30,19.84,20.06,19.75,19.88,2554090,63.67,64.35,63.37,63.79,796000,2025-12-30T03:44:48Z
DHR,2006-03-31,19.81,20.01,19.8,19.82,3425239,63.55,64.19,63.54,63.58,1067500,2025-12-30T03:44:48Z
DHR,2006-04-03,19.76,20.12,19.69,19.81,5281775,63.4,64.55,63.17,63.55,1646100,2025-12-30T03:44:48Z
DHR,2006-04-04,20.11,20.16,19.56,19.76,6663101,64.51,64.68,62.77,63.4,2076600,2025-12-30T03:44:48Z
DHR,2006-04-05,20.44,20.55,20.1,20.11,6689111,65.58,65.93,64.5,64.52,2084700,2025-12-30T03:44:48Z
DHR,2006-04-06,20.51,20.64,20.45,20.57,4263033,65.8,66.24,65.62,65.99,1328600,2025-12-30T03:44:48Z
DHR,2006-04-07,20.39,20.68,20.34,20.66,2222957,65.43,66.35,65.27,66.28,692800,2025-12-30T03:44:48Z
DHR,2006-04-10,20.4,20.54,20.26,20.45,2265957,65.47,65.91,65,65.63,706200,2025-12-30T03:44:48Z
DHR,2006-04-11,20.37,20.55,20.2,20.53,3502253,65.35,65.93,64.8,65.88,1091500,2025-12-30T03:44:48Z
DHR,2006-04-12,20.55,20.99,20.49,20.73,6855310,65.95,67.34,65.76,66.5,2136500,2025-12-30T03:44:48Z
DHR,2006-04-13,20.68,20.83,20.31,20.31,3187812,66.35,66.85,65.17,65.17,993500,2025-12-30T03:44:48Z
DHR,2006-04-17,20.58,20.96,20.44,20.96,3411445,66.03,67.25,65.58,67.25,1063200,2025-12-30T03:44:48Z
DHR,2006-04-18,20.79,20.88,20.58,20.6,4969565,66.71,67.01,66.03,66.09,1548800,2025-12-30T03:44:48Z
DHR,2006-04-19,21.07,21.19,20.82,21,5489704,67.61,67.98,66.8,67.37,1710900,2025-12-30T03:44:48Z
DHR,2006-04-20,20.58,21.07,20.49,21.07,5925108,66.03,67.62,65.74,67.62,1846600,2025-12-30T03:44:48Z
DHR,2006-04-21,20.34,20.74,20.24,20.74,5801905,65.25,66.55,64.95,66.55,1808200,2025-12-30T03:44:48Z
DHR,2006-04-24,20.29,20.41,20.18,20.26,5663602,65.09,65.48,64.75,65,1765100,2025-12-30T03:44:48Z
DHR,2006-04-25,20.15,20.33,20.07,20.27,3738083,64.66,65.24,64.4,65.05,1165000,2025-12-30T03:44:48Z
DHR,2006-04-26,20.26,20.41,20.1,20.11,6237333,65,65.48,64.48,64.53,1943900,2025-12-30T03:44:48Z
DHR,2006-04-27,20.18,20.34,20.05,20.1,5242308,64.75,65.25,64.33,64.48,1633800,2025-12-30T03:44:48Z
DHR,2006-04-28,19.98,20.15,19.94,20.15,4113190,64.11,64.66,63.98,64.65,1281900,2025-12-30T03:44:48Z
DHR,2006-05-01,19.85,20.15,19.85,20.06,3730386,63.69,64.66,63.69,64.36,1162600,2025-12-30T03:44:48Z
DHR,2006-05-02,20.16,20.22,19.79,19.84,5064550,64.7,64.87,63.5,63.67,1578400,2025-12-30T03:44:48Z
DHR,2006-05-03,20.1,20.23,19.98,20.16,3039248,64.5,64.9,64.11,64.69,947200,2025-12-30T03:44:48Z
DHR,2006-05-04,20.31,20.39,20.05,20.1,3941849,65.17,65.41,64.32,64.5,1228500,2025-12-30T03:44:48Z
DHR,2006-05-05,20.84,21,20.46,20.5,6353482,66.86,67.38,65.66,65.79,1980100,2025-12-30T03:44:48Z
DHR,2006-05-08,21.09,21.16,20.75,20.75,5023154,67.67,67.9,66.57,66.57,1565500,2025-12-30T03:44:48Z
DHR,2006-05-09,21.1,21.13,21,21.09,3946976,67.71,67.8,67.38,67.67,1230100,2025-12-30T03:44:48Z
DHR,2006-05-10,21.26,21.34,21.05,21.05,3904298,68.22,68.47,67.55,67.55,1216800,2025-12-30T03:44:48Z
DHR,2006-05-11,21.26,21.31,21.12,21.31,5352362,68.2,68.39,67.75,68.39,1668100,2025-12-30T03:44:48Z
DHR,2006-05-12,20.75,21.26,20.7,21.26,3487808,66.59,68.2,66.42,68.2,1087000,2025-12-30T03:44:48Z
DHR,2006-05-15,20.51,20.8,20.27,20.75,3308455,65.8,66.75,65.04,66.59,1031100,2025-12-30T03:44:48Z
DHR,2006-05-16,20.31,20.54,20.22,20.51,4054142,65.16,65.92,64.88,65.8,1263500,2025-12-30T03:44:48Z
DHR,2006-05-17,19.89,20.26,19.65,20.1,4304095,63.81,64.99,63.06,64.5,1341400,2025-12-30T03:44:48Z
DHR,2006-05-18,19.45,19.94,19.42,19.92,4866269,62.42,63.99,62.3,63.93,1516600,2025-12-30T03:44:48Z
DHR,2006-05-19,19.55,19.59,19.17,19.57,6740425,62.73,62.85,61.51,62.8,2100700,2025-12-30T03:44:48Z
DHR,2006-05-22,19.55,19.74,19.28,19.55,5092148,62.72,63.35,61.85,62.73,1587000,2025-12-30T03:44:48Z
DHR,2006-05-23,19.33,19.78,19.32,19.6,4684016,62.01,63.46,61.98,62.88,1459800,2025-12-30T03:44:48Z
DHR,2006-05-24,19.54,19.63,19.24,19.34,5403395,62.69,62.98,61.72,62.05,1684000,2025-12-30T03:44:48Z
DHR,2006-05-25,19.84,19.87,19.56,19.64,4029447,63.65,63.76,62.77,63.03,1255800,2025-12-30T03:44:48Z
DHR,2006-05-26,19.99,20.03,19.78,19.88,2588103,64.15,64.28,63.47,63.8,806600,2025-12-30T03:44:48Z
DHR,2006-05-30,19.45,20.01,19.45,20,4047083,62.41,64.19,62.41,64.18,1261300,2025-12-30T03:44:48Z
DHR,2006-05-31,19.98,20.18,19.45,19.59,6711570,64.11,64.75,62.42,62.85,2091700,2025-12-30T03:44:48Z
DHR,2006-06-01,20.25,20.25,19.88,19.88,3487818,64.96,64.97,63.79,63.79,1087000,2025-12-30T03:44:48Z
DHR,2006-06-02,20.05,20.38,19.94,20.26,3527597,64.32,65.38,63.97,65.02,1099400,2025-12-30T03:44:48Z
DHR,2006-06-05,19.7,20.18,19.69,20.05,4145585,63.21,64.76,63.18,64.32,1292000,2025-12-30T03:44:48Z
DHR,2006-06-06,19.74,19.85,19.56,19.73,4412880,63.34,63.68,62.75,63.29,1375300,2025-12-30T03:44:48Z
DHR,2006-06-07,19.63,20.37,19.63,20.19,4720260,62.99,65.36,62.99,64.78,1471100,2025-12-30T03:44:48Z
DHR,2006-06-08,19.63,19.72,19.17,19.43,6814571,63,63.26,61.5,62.33,2123800,2025-12-30T03:44:48Z
DHR,2006-06-09,19.69,19.94,19.64,19.64,4331684,63.19,63.98,63.03,63.03,1350000,2025-12-30T03:44:48Z
DHR,2006-06-12,19.39,20.07,19.37,20.07,4126331,62.2,64.39,62.15,64.39,1286000,2025-12-30T03:44:48Z
DHR,2006-06-13,19.22,19.53,19.16,19.39,4915339,61.67,62.67,61.47,62.2,1531900,2025-12-30T03:44:48Z
DHR,2006-06-14,19.08,19.43,18.9,19.19,7196062,61.23,62.34,60.63,61.58,2242700,2025-12-30T03:44:48Z
DHR,2006-06-15,19.77,19.85,19.09,19.1,4578756,63.45,63.68,61.26,61.29,1427000,2025-12-30T03:44:48Z
DHR,2006-06-16,19.91,20.02,19.63,19.63,5046586,63.9,64.23,62.97,62.98,1572800,2025-12-30T03:44:48Z
DHR,2006-06-19,19.88,20.01,19.69,19.93,5129370,63.78,64.19,63.18,63.94,1598600,2025-12-30T03:44:48Z
DHR,2006-06-20,19.75,20.01,19.68,19.92,3917465,63.36,64.19,63.14,63.9,1220900,2025-12-30T03:44:48Z
DHR,2006-06-21,19.96,20.02,19.68,19.69,4075007,64.04,64.24,63.16,63.19,1270000,2025-12-30T03:44:48Z
DHR,2006-06-22,19.67,19.82,19.55,19.82,4822617,63.11,63.6,62.73,63.6,1503000,2025-12-30T03:44:48Z
DHR,2006-06-23,19.84,19.97,19.51,19.59,3330593,63.66,64.08,62.6,62.86,1038000,2025-12-30T03:44:48Z
DHR,2006-06-26,19.83,19.9,19.69,19.82,2710034,63.64,63.85,63.19,63.6,844600,2025-12-30T03:44:48Z
DHR,2006-06-27,19.65,20.02,19.65,19.78,3895953,63.04,64.24,63.04,63.48,1214200,2025-12-30T03:44:48Z
DHR,2006-06-28,19.63,19.72,19.43,19.71,2954239,62.97,63.24,62.32,63.21,921000,2025-12-30T03:44:48Z
DHR,2006-06-29,20.06,20.09,19.52,19.52,5372174,64.34,64.43,62.6,62.6,1674800,2025-12-30T03:44:48Z
DHR,2006-06-30,20.05,20.19,19.97,20.06,3537074,64.32,64.77,64.05,64.34,1102700,2025-12-30T03:44:48Z
DHR,2006-07-03,20.26,20.3,20.05,20.08,1795957,65,65.1,64.32,64.4,559900,2025-12-30T03:44:48Z
DHR,2006-07-05,19.92,20.26,19.8,20.26,3373473,63.89,65,63.52,65,1051700,2025-12-30T03:44:48Z
DHR,2006-07-06,19.99,20.19,19.91,20,2782627,64.11,64.75,63.87,64.15,867500,2025-12-30T03:44:48Z
DHR,2006-07-07,19.53,19.99,19.47,19.99,3678212,62.64,64.13,62.44,64.11,1146700,2025-12-30T03:44:48Z
DHR,2006-07-10,19.53,19.58,19.36,19.55,4610981,62.63,62.82,62.11,62.7,1437500,2025-12-30T03:44:48Z
DHR,2006-07-11,19.69,19.73,19.3,19.52,7090806,63.15,63.27,61.9,62.6,2210600,2025-12-30T03:44:48Z
DHR,2006-07-12,19.75,19.94,19.6,19.69,5099181,63.35,63.95,62.86,63.15,1589700,2025-12-30T03:44:48Z
DHR,2006-07-13,19.33,19.69,19.16,19.69,5178427,62,63.15,61.45,63.15,1614400,2025-12-30T03:44:48Z
DHR,2006-07-14,19.12,19.42,18.98,19.33,3929372,61.33,62.29,60.89,62.01,1225000,2025-12-30T03:44:48Z
DHR,2006-07-17,18.83,19.13,18.83,18.99,4209071,60.4,61.35,60.4,60.91,1312200,2025-12-30T03:44:48Z
DHR,2006-07-18,18.83,18.95,18.62,18.92,4373632,60.39,60.78,59.72,60.7,1363500,2025-12-30T03:44:48Z
DHR,2006-07-19,19.53,19.67,18.8,18.81,5976814,62.64,63.09,60.29,60.35,1863300,2025-12-30T03:44:48Z
DHR,2006-07-20,19.8,20.54,19.79,20.14,10892813,63.5,65.89,63.49,64.59,3395900,2025-12-30T03:44:48Z
DHR,2006-07-21,19.54,19.83,19.39,19.83,5846896,62.67,63.6,62.19,63.6,1822800,2025-12-30T03:44:48Z
DHR,2006-07-24,19.97,20,19.53,19.55,4822703,64.07,64.14,62.64,62.7,1503500,2025-12-30T03:44:48Z
DHR,2006-07-25,20.07,20.2,19.81,20.03,3455278,64.37,64.79,63.55,64.25,1077200,2025-12-30T03:44:48Z
DHR,2006-07-26,19.95,20.1,19.73,20,4995586,63.98,64.46,63.27,64.15,1557400,2025-12-30T03:44:48Z
DHR,2006-07-27,20.23,20.27,19.99,20.08,7126110,64.89,65.01,64.11,64.4,2221600,2025-12-30T03:44:48Z
DHR,2006-07-28,20.45,20.67,20.23,20.31,6588818,65.59,66.29,64.89,65.14,2054100,2025-12-30T03:44:48Z
DHR,2006-07-31,20.33,20.43,20.17,20.31,4269366,65.2,65.54,64.71,65.13,1331000,2025-12-30T03:44:48Z
DHR,2006-08-01,19.91,20.27,19.86,20.2,5288456,63.87,65.02,63.7,64.8,1648700,2025-12-30T03:44:48Z
DHR,2006-08-02,19.84,20.02,19.64,19.92,7545037,63.65,64.23,62.99,63.88,2352200,2025-12-30T03:44:48Z
DHR,2006-08-03,20.11,20.26,19.67,19.7,3896974,64.49,65,63.1,63.19,1214900,2025-12-30T03:44:48Z
DHR,2006-08-04,20.46,20.54,20.25,20.36,7288077,65.62,65.89,64.96,65.3,2272100,2025-12-30T03:44:48Z
DHR,2006-08-07,20.21,20.51,20.14,20.36,3525836,64.83,65.79,64.59,65.31,1099200,2025-12-30T03:44:48Z
DHR,2006-08-08,20.13,20.4,19.97,20.31,5201830,64.58,65.45,64.05,65.15,1621700,2025-12-30T03:44:48Z
DHR,2006-08-09,19.67,20.37,19.64,20.32,5586104,63.1,65.35,63.01,65.17,1741500,2025-12-30T03:44:48Z
DHR,2006-08-10,19.77,19.85,19.42,19.62,4261025,63.4,63.68,62.3,62.93,1328400,2025-12-30T03:44:48Z
DHR,2006-08-11,19.76,19.8,19.56,19.77,2714633,63.38,63.5,62.75,63.4,846300,2025-12-30T03:44:48Z
DHR,2006-08-14,19.85,20.37,19.8,20.37,6332198,63.67,65.35,63.52,65.35,1974100,2025-12-30T03:44:48Z
DHR,2006-08-15,20.16,20.31,20.1,20.16,5140880,64.66,65.13,64.48,64.65,1602700,2025-12-30T03:44:48Z
DHR,2006-08-16,20.44,20.5,20.2,20.26,3546045,65.57,65.76,64.81,65,1105500,2025-12-30T03:44:48Z
DHR,2006-08-17,20.56,20.64,20.3,20.34,5814487,65.94,66.2,65.11,65.23,1812700,2025-12-30T03:44:48Z
DHR,2006-08-18,20.4,20.55,20.31,20.55,3303227,65.42,65.93,65.15,65.92,1029800,2025-12-30T03:44:48Z
DHR,2006-08-21,20.21,20.33,20.13,20.33,4055738,64.83,65.21,64.58,65.2,1264400,2025-12-30T03:44:48Z
DHR,2006-08-22,20.52,20.57,20.19,20.23,6799249,65.83,65.99,64.77,64.9,2119700,2025-12-30T03:44:48Z
DHR,2006-08-23,20.51,20.53,20.36,20.45,10747841,65.79,65.84,65.3,65.59,3350700,2025-12-30T03:44:48Z
DHR,2006-08-24,20.43,20.7,20.4,20.51,5748748,65.53,66.4,65.43,65.8,1792200,2025-12-30T03:44:48Z
DHR,2006-08-25,20.39,20.51,20.3,20.38,2679346,65.41,65.8,65.1,65.37,835300,2025-12-30T03:44:48Z
DHR,2006-08-28,20.58,20.65,20.33,20.33,4610999,66.02,66.23,65.2,65.2,1437500,2025-12-30T03:44:48Z
DHR,2006-08-29,20.97,20.97,20.59,20.6,6765558,67.27,67.27,66.03,66.07,2109200,2025-12-30T03:44:48Z
DHR,2006-08-30,20.83,21.11,20.82,20.95,5936080,66.81,67.72,66.77,67.21,1850600,2025-12-30T03:44:48Z
DHR,2006-08-31,20.67,20.91,20.63,20.86,3122955,66.29,67.06,66.18,66.9,973600,2025-12-30T03:44:48Z
DHR,2006-09-01,20.76,20.9,20.67,20.67,2483999,66.6,67.05,66.29,66.3,774400,2025-12-30T03:44:48Z
DHR,2006-09-05,20.83,20.9,20.38,20.77,5995409,66.82,67.03,65.37,66.61,1869100,2025-12-30T03:44:48Z
DHR,2006-09-06,20.44,20.83,20.43,20.83,4571539,65.58,66.82,65.53,66.82,1425200,2025-12-30T03:44:48Z
DHR,2006-09-07,20.2,20.39,20.09,20.31,4517010,64.79,65.4,64.43,65.14,1408200,2025-12-30T03:44:48Z
DHR,2006-09-08,20.28,20.36,20.18,20.24,1669258,65.04,65.32,64.72,64.91,520400,2025-12-30T03:44:48Z
DHR,2006-09-11,20.12,20.55,20.08,20.52,3066507,64.55,65.9,64.4,65.82,956000,2025-12-30T03:44:48Z
DHR,2006-09-12,20.24,20.31,20.14,20.15,3186152,64.92,65.13,64.59,64.64,993300,2025-12-30T03:44:48Z
DHR,2006-09-13,20.53,20.59,20.18,20.2,3582944,65.85,66.04,64.74,64.8,1117000,2025-12-30T03:44:48Z
DHR,2006-09-14,20.61,20.67,20.38,20.53,2360828,66.1,66.31,65.38,65.86,736000,2025-12-30T03:44:48Z
DHR,2006-09-15,20.79,20.86,20.71,20.78,4388696,66.7,66.92,66.43,66.65,1368200,2025-12-30T03:44:48Z
DHR,2006-09-18,20.78,20.87,20.62,20.87,4095529,66.66,66.93,66.14,66.93,1276800,2025-12-30T03:44:48Z
DHR,2006-09-19,20.88,20.9,20.6,20.7,4438737,66.97,67.03,66.08,66.4,1383800,2025-12-30T03:44:48Z
DHR,2006-09-20,21.11,21.24,20.89,20.93,4778428,67.71,68.12,67.01,67.12,1489700,2025-12-30T03:44:48Z
DHR,2006-09-21,20.89,21.16,20.86,21.11,4110275,67.02,67.87,66.92,67.71,1281400,2025-12-30T03:44:48Z
DHR,2006-09-22,20.86,20.92,20.54,20.87,3004926,66.91,67.1,65.88,66.95,936800,2025-12-30T03:44:48Z
DHR,2006-09-25,21.12,21.19,20.88,21.02,5132231,67.76,67.98,66.98,67.43,1600000,2025-12-30T03:44:48Z
DHR,2006-09-26,21.07,21.2,20.89,21.19,6347942,67.6,68,67.02,67.98,1979000,2025-12-30T03:44:48Z
DHR,2006-09-27,21.27,21.32,21.14,21.28,4744627,68.2,68.38,67.8,68.24,1479600,2025-12-30T03:44:48Z
DHR,2006-09-28,21.35,21.44,21.27,21.27,3688016,68.46,68.74,68.2,68.2,1150100,2025-12-30T03:44:48Z
DHR,2006-09-29,21.41,21.53,21.24,21.35,3575794,68.67,69.05,68.1,68.46,1115100,2025-12-30T03:44:48Z
DHR,2006-10-02,20.99,21.42,20.96,21.42,4828649,67.31,68.67,67.21,68.67,1505800,2025-12-30T03:44:48Z
DHR,2006-10-03,21.02,21.17,20.85,20.99,3984646,67.41,67.88,66.87,67.32,1242600,2025-12-30T03:44:48Z
DHR,2006-10-04,21.17,21.2,20.93,20.99,5033873,67.87,67.99,67.1,67.3,1569800,2025-12-30T03:44:48Z
DHR,2006-10-05,21.45,21.49,21.07,21.11,2649686,68.77,68.9,67.55,67.69,826300,2025-12-30T03:44:48Z
DHR,2006-10-06,21.37,21.46,21.16,21.34,3752154,68.53,68.82,67.86,68.42,1170100,2025-12-30T03:44:48Z
DHR,2006-10-09,21.38,21.4,21.14,21.2,2662522,68.55,68.61,67.8,67.99,830300,2025-12-30T03:44:48Z
DHR,2006-10-10,21.5,21.56,21.24,21.43,2779887,68.93,69.12,68.1,68.73,866900,2025-12-30T03:44:48Z
DHR,2006-10-11,21.29,21.44,21.15,21.42,3064643,68.27,68.76,67.83,68.68,955700,2025-12-30T03:44:48Z
DHR,2006-10-12,21.74,21.76,21.44,21.44,4127022,69.71,69.78,68.74,68.76,1287000,2025-12-30T03:44:48Z
DHR,2006-10-13,21.83,21.89,21.45,21.67,3790311,70,70.18,68.77,69.49,1182000,2025-12-30T03:44:48Z
DHR,2006-10-16,22.31,22.31,21.71,21.76,3707900,71.54,71.55,69.62,69.77,1156300,2025-12-30T03:44:48Z
DHR,2006-10-17,22.19,22.27,21.94,22.18,5184904,71.16,71.4,70.34,71.13,1616900,2025-12-30T03:44:48Z
DHR,2006-10-18,21.98,22.5,21.8,22.31,5524505,70.49,72.16,69.9,71.54,1722800,2025-12-30T03:44:48Z
DHR,2006-10-19,21.86,21.95,21.44,21.87,4865850,70.11,70.39,68.76,70.12,1517400,2025-12-30T03:44:48Z
DHR,2006-10-20,21.91,21.93,21.63,21.87,5505259,70.27,70.32,69.35,70.12,1716800,2025-12-30T03:44:48Z
DHR,2006-10-23,21.96,22.02,21.8,21.91,3839373,70.43,70.6,69.9,70.25,1197300,2025-12-30T03:44:48Z
DHR,2006-10-24,22.1,22.14,21.77,21.96,3740610,70.88,70.99,69.82,70.43,1166500,2025-12-30T03:44:48Z
DHR,2006-10-25,21.98,22.22,21.82,22.15,6633384,70.49,71.25,69.96,71.03,2068600,2025-12-30T03:44:48Z
DHR,2006-10-26,22.15,22.16,21.83,22.05,2845948,71.02,71.06,70,70.7,887500,2025-12-30T03:44:48Z
DHR,2006-10-27,21.92,22.08,21.79,22.08,3171418,70.28,70.8,69.88,70.8,989000,2025-12-30T03:44:48Z
DHR,2006-10-30,22.19,22.3,21.83,22.01,3985286,71.15,71.5,70.01,70.58,1242800,2025-12-30T03:44:48Z
DHR,2006-10-31,22.38,22.5,22.3,22.31,3439177,71.77,72.14,71.51,71.54,1072500,2025-12-30T03:44:48Z
DHR,2006-11-01,21.96,22.51,21.96,22.51,3894525,70.41,72.19,70.41,72.19,1214500,2025-12-30T03:44:48Z
DHR,2006-11-02,21.85,21.95,21.72,21.95,3716888,70.06,70.4,69.65,70.4,1159100,2025-12-30T03:44:48Z
DHR,2006-11-03,21.93,22.06,21.77,22.03,2258798,70.32,70.73,69.8,70.63,704400,2025-12-30T03:44:48Z
DHR,2006-11-06,22.13,22.21,21.95,22.09,2413360,70.95,71.23,70.38,70.84,752600,2025-12-30T03:44:48Z
DHR,2006-11-07,22.1,22.37,22.03,22.13,2955609,70.86,71.74,70.65,70.96,921700,2025-12-30T03:44:48Z
DHR,2006-11-08,22.54,22.63,21.94,22.07,4190181,72.28,72.58,70.35,70.76,1306700,2025-12-30T03:44:48Z
DHR,2006-11-09,22.5,22.78,22.48,22.61,4308839,72.14,73.04,72.1,72.5,1343700,2025-12-30T03:44:48Z
DHR,2006-11-10,22.4,22.51,22.24,22.47,3894852,71.84,72.17,71.32,72.04,1214600,2025-12-30T03:44:48Z
DHR,2006-11-13,22.62,22.72,22.39,22.41,2824776,72.55,72.87,71.81,71.85,880900,2025-12-30T03:44:48Z
DHR,2006-11-14,22.76,22.77,22.46,22.63,2375515,72.99,73.01,72.02,72.58,740800,2025-12-30T03:44:48Z
DHR,2006-11-15,22.89,23.08,22.7,22.71,4107133,73.41,74,72.8,72.82,1280800,2025-12-30T03:44:48Z
DHR,2006-11-16,22.78,23.11,22.74,22.99,2987672,73.04,74.1,72.91,73.73,931700,2025-12-30T03:44:48Z
DHR,2006-11-17,22.87,22.88,22.61,22.72,1913434,73.33,73.37,72.51,72.87,596700,2025-12-30T03:44:48Z
DHR,2006-11-20,22.72,23.08,22.58,22.75,3047964,72.85,74,72.4,72.96,950500,2025-12-30T03:44:48Z
DHR,2006-11-21,23.38,23.43,22.77,22.83,5660774,74.98,75.12,73,73.22,1765300,2025-12-30T03:44:48Z
DHR,2006-11-22,23.3,23.48,23.15,23.39,2248214,74.72,75.28,74.24,74.99,701100,2025-12-30T03:44:48Z
DHR,2006-11-24,23.23,23.47,23.13,23.13,919357,74.5,75.25,74.17,74.17,286700,2025-12-30T03:44:48Z
DHR,2006-11-27,22.58,23.24,22.57,23.23,3703409,72.4,74.51,72.36,74.5,1154900,2025-12-30T03:44:48Z
DHR,2006-11-28,22.66,22.75,22.45,22.45,3046354,72.66,72.94,71.98,72,950000,2025-12-30T03:44:48Z
DHR,2006-11-29,22.93,22.95,22.66,22.76,2967149,73.52,73.59,72.65,72.97,925300,2025-12-30T03:44:48Z
DHR,2006-11-30,22.8,23.11,22.8,22.92,2807786,73.12,74.09,73.12,73.49,875600,2025-12-30T03:44:48Z
DHR,2006-12-01,22.51,22.93,22.35,22.81,4289919,72.19,73.53,71.66,73.13,1337800,2025-12-30T03:44:48Z
DHR,2006-12-04,22.71,22.82,22.26,22.3,8228077,72.84,73.18,71.37,71.5,2565900,2025-12-30T03:44:48Z
DHR,2006-12-05,22.61,22.78,22.56,22.67,4976468,72.5,73.05,72.34,72.71,1551900,2025-12-30T03:44:48Z
DHR,2006-12-06,22.61,22.72,22.46,22.48,2666052,72.51,72.86,72.02,72.08,831400,2025-12-30T03:44:48Z
DHR,2006-12-07,22.5,22.86,22.49,22.59,2525590,72.15,73.3,72.12,72.44,787600,2025-12-30T03:44:48Z
DHR,2006-12-08,22.49,22.69,22.42,22.5,2891471,72.13,72.76,71.9,72.16,901700,2025-12-30T03:44:48Z
DHR,2006-12-11,22.46,22.54,22.33,22.45,3185523,72.03,72.27,71.59,71.99,993400,2025-12-30T03:44:48Z
DHR,2006-12-12,22.63,22.72,22.46,22.46,4228664,72.58,72.84,72.03,72.03,1318700,2025-12-30T03:44:48Z
DHR,2006-12-13,22.63,22.87,22.55,22.83,4403435,72.57,73.33,72.32,73.2,1373200,2025-12-30T03:44:48Z
DHR,2006-12-14,22.92,23.03,22.6,22.63,4153627,73.49,73.85,72.47,72.57,1295300,2025-12-30T03:44:48Z
DHR,2006-12-15,22.92,23.2,22.81,22.95,4924837,73.49,74.4,73.13,73.6,1535800,2025-12-30T03:44:48Z
DHR,2006-12-18,22.85,23.09,22.82,22.95,2300167,73.27,74.04,73.16,73.6,717300,2025-12-30T03:44:48Z
DHR,2006-12-19,22.91,22.91,22.57,22.6,5321830,73.46,73.46,72.37,72.47,1659600,2025-12-30T03:44:48Z
DHR,2006-12-20,22.96,23.01,22.87,22.94,3563282,73.63,73.8,73.32,73.57,1111200,2025-12-30T03:44:48Z
DHR,2006-12-21,22.71,23.02,22.69,22.98,2113531,72.83,73.83,72.75,73.68,659100,2025-12-30T03:44:48Z
DHR,2006-12-22,22.58,22.74,22.49,22.72,1890986,72.4,72.93,72.12,72.84,589700,2025-12-30T03:44:48Z
DHR,2006-12-26,22.69,22.75,22.53,22.53,1451993,72.77,72.95,72.26,72.26,452800,2025-12-30T03:44:48Z
DHR,2006-12-27,22.9,22.91,22.71,22.73,2117118,73.41,73.44,72.8,72.88,660400,2025-12-30T03:44:48Z
DHR,2006-12-28,22.83,22.97,22.78,22.83,2957039,73.18,73.65,73.04,73.19,922400,2025-12-30T03:44:48Z
DHR,2006-12-29,22.6,22.85,22.57,22.79,2129946,72.44,73.24,72.34,73.06,664400,2025-12-30T03:44:48Z
DHR,2007-01-03,22.35,22.67,22.05,22.6,6904040,71.65,72.69,70.68,72.44,2153600,2025-12-30T03:44:48Z
DHR,2007-01-04,22.41,22.48,22.14,22.35,5116163,71.85,72.08,70.98,71.65,1595900,2025-12-30T03:44:48Z
DHR,2007-01-05,22.16,22.38,21.98,22.38,4690111,71.05,71.75,70.47,71.75,1463000,2025-12-30T03:44:48Z
DHR,2007-01-08,22.36,22.44,22.1,22.12,5128670,71.69,71.94,70.85,70.9,1599800,2025-12-30T03:44:48Z
DHR,2007-01-09,22.66,22.87,22.38,22.43,5494766,72.63,73.32,71.76,71.89,1714000,2025-12-30T03:44:48Z
DHR,2007-01-10,22.81,22.85,22.38,22.58,4531744,73.14,73.26,71.76,72.4,1413600,2025-12-30T03:44:48Z
DHR,2007-01-11,22.99,23.07,22.83,22.84,2847403,73.69,73.97,73.19,73.23,888200,2025-12-30T03:44:48Z
DHR,2007-01-12,22.93,23.04,22.7,22.81,3383414,73.51,73.86,72.78,73.11,1055400,2025-12-30T03:44:48Z
DHR,2007-01-16,23.1,23.12,22.83,22.85,3067008,74.04,74.12,73.19,73.25,956700,2025-12-30T03:44:48Z
DHR,2007-01-17,23.25,23.41,23.02,23.02,2762455,74.53,75.06,73.8,73.8,861700,2025-12-30T03:44:48Z
DHR,2007-01-18,23.36,23.43,23.01,23.01,3076618,74.88,75.12,73.75,73.75,959700,2025-12-30T03:44:48Z
DHR,2007-01-19,23.64,23.69,23.31,23.43,4950419,75.78,75.95,74.73,75.12,1544200,2025-12-30T03:44:48Z
DHR,2007-01-22,23.27,23.64,23.21,23.58,4008877,74.61,75.79,74.42,75.58,1250500,2025-12-30T03:44:48Z
DHR,2007-01-23,23.51,23.7,23.18,23.35,4003091,75.38,75.97,74.31,74.86,1248700,2025-12-30T03:44:48Z
DHR,2007-01-24,23.36,23.41,23.21,23.36,5323899,74.9,75.06,74.41,74.9,1660700,2025-12-30T03:44:48Z
DHR,2007-01-25,23.08,23.68,23.06,23.44,5184121,74,75.9,73.92,75.15,1617100,2025-12-30T03:44:48Z
DHR,2007-01-26,22.63,23.1,22.4,22.99,7855829,72.54,74.04,71.8,73.71,2450500,2025-12-30T03:44:48Z
DHR,2007-01-29,22.47,22.63,22.38,22.55,5402429,72.02,72.54,71.73,72.29,1685200,2025-12-30T03:44:48Z
DHR,2007-01-30,22.57,22.61,22.25,22.54,5883617,72.36,72.47,71.33,72.27,1835300,2025-12-30T03:44:48Z
DHR,2007-01-31,23.1,23.16,22.59,22.6,4666055,74.06,74.25,72.41,72.45,1455500,2025-12-30T03:44:48Z
DHR,2007-02-01,23.13,23.35,23.01,23.22,5957049,74.15,74.86,73.77,74.45,1858200,2025-12-30T03:44:48Z
DHR,2007-02-02,23.11,23.23,22.99,23.21,2719493,74.1,74.46,73.7,74.4,848300,2025-12-30T03:44:48Z
DHR,2007-02-05,23.06,23.21,22.83,23.08,2803801,73.93,74.4,73.19,74,874600,2025-12-30T03:44:48Z
DHR,2007-02-06,23.06,23.16,23.01,23.15,1919317,73.93,74.23,73.78,74.22,598700,2025-12-30T03:44:48Z
DHR,2007-02-07,23.07,23.21,23.01,23.09,1602262,73.96,74.41,73.77,74.03,499800,2025-12-30T03:44:48Z
DHR,2007-02-08,22.91,23.08,22.86,23.08,2301136,73.45,74,73.27,73.98,717800,2025-12-30T03:44:48Z
DHR,2007-02-09,22.7,23.02,22.65,22.92,2098842,72.77,73.8,72.6,73.46,654700,2025-12-30T03:44:48Z
DHR,2007-02-12,22.74,22.87,22.66,22.78,1506087,72.9,73.31,72.64,73.02,469800,2025-12-30T03:44:48Z
DHR,2007-02-13,22.7,22.78,22.54,22.75,3228575,72.76,73.02,72.27,72.94,1007100,2025-12-30T03:44:48Z
DHR,2007-02-14,22.95,22.97,22.66,22.7,3290768,73.56,73.65,72.65,72.76,1026500,2025-12-30T03:44:48Z
DHR,2007-02-15,23.1,23.11,22.88,23.04,2375507,74.05,74.1,73.36,73.86,741000,2025-12-30T03:44:48Z
DHR,2007-02-16,22.94,23.05,22.87,22.97,2631657,73.55,73.9,73.33,73.65,820900,2025-12-30T03:44:48Z
DHR,2007-02-20,23.37,23.4,22.96,22.99,4673432,74.91,75,73.6,73.7,1457800,2025-12-30T03:44:48Z
DHR,2007-02-21,23.22,23.37,23.21,23.37,3476063,74.44,74.91,74.39,74.91,1084300,2025-12-30T03:44:48Z
DHR,2007-02-22,23.13,23.29,23,23.16,2522650,74.14,74.65,73.72,74.25,786900,2025-12-30T03:44:48Z
DHR,2007-02-23,23.1,23.24,23.03,23.13,1713509,74.07,74.5,73.83,74.15,534500,2025-12-30T03:44:48Z
DHR,2007-02-26,22.98,23.22,22.93,23.22,2684225,73.67,74.43,73.52,74.43,837300,2025-12-30T03:44:48Z
DHR,2007-02-27,22.06,22.9,21.85,22.9,7351904,70.71,73.41,70.04,73.4,2293300,2025-12-30T03:44:48Z
DHR,2007-02-28,22.36,22.49,22.02,22.06,7607090,71.69,72.1,70.58,70.72,2372900,2025-12-30T03:44:48Z
DHR,2007-03-01,22.24,22.43,21.9,22.15,7100884,71.31,71.91,70.2,71,2215000,2025-12-30T03:44:48Z
DHR,2007-03-02,21.8,22.27,21.76,22.15,5165517,69.88,71.38,69.76,71,1611300,2025-12-30T03:44:48Z
DHR,2007-03-05,22,22.3,21.56,21.63,9270908,70.53,71.5,69.11,69.35,2891900,2025-12-30T03:44:48Z
DHR,2007-03-06,22.42,22.43,21.99,22.15,6613916,71.88,71.92,70.5,71,2063100,2025-12-30T03:44:48Z
DHR,2007-03-07,21.96,22.38,21.92,22.36,9060903,70.39,71.75,70.26,71.68,2826400,2025-12-30T03:44:48Z
DHR,2007-03-08,22.01,22.26,21.97,22.09,4611560,70.57,71.36,70.43,70.8,1438500,2025-12-30T03:44:48Z
DHR,2007-03-09,22.08,22.28,21.99,22.21,3732206,70.8,71.41,70.51,71.2,1164200,2025-12-30T03:44:48Z
DHR,2007-03-12,22.27,22.33,21.95,21.96,2925310,71.38,71.57,70.37,70.41,912500,2025-12-30T03:44:48Z
DHR,2007-03-13,21.8,22.23,21.74,22.22,6744062,69.9,71.25,69.7,71.22,2103700,2025-12-30T03:44:48Z
DHR,2007-03-14,21.99,22.06,21.65,21.84,4275920,70.48,70.72,69.42,70,1333800,2025-12-30T03:44:48Z
DHR,2007-03-15,22.12,22.19,21.85,21.96,3354567,70.92,71.12,70.06,70.41,1046400,2025-12-30T03:44:48Z
DHR,2007-03-16,22.14,22.32,22.09,22.18,4128438,70.99,71.55,70.81,71.09,1287800,2025-12-30T03:44:48Z
DHR,2007-03-19,22.33,22.49,22.19,22.33,3352956,71.58,72.11,71.15,71.6,1045900,2025-12-30T03:44:48Z
DHR,2007-03-20,22.27,22.4,22.21,22.29,3481829,71.4,71.82,71.21,71.45,1086100,2025-12-30T03:44:48Z
DHR,2007-03-21,22.68,22.71,22.11,22.25,6150032,72.71,72.79,70.87,71.34,1918400,2025-12-30T03:44:48Z
DHR,2007-03-22,22.55,22.74,22.47,22.7,3919751,72.29,72.89,72.03,72.78,1222700,2025-12-30T03:44:48Z
DHR,2007-03-23,22.54,22.63,22.4,22.55,2458539,72.27,72.56,71.81,72.29,766900,2025-12-30T03:44:48Z
DHR,2007-03-26,22.39,22.48,22.16,22.46,3017952,71.78,72.05,71.05,72,941400,2025-12-30T03:44:48Z
DHR,2007-03-27,22.35,22.42,21.99,22.23,6830294,71.66,71.87,70.5,71.25,2130600,2025-12-30T03:44:48Z
DHR,2007-03-28,22.01,22.29,21.94,22.29,4308700,70.54,71.45,70.31,71.45,1344400,2025-12-30T03:44:48Z
DHR,2007-03-29,22.03,22.19,21.95,22.15,4503555,70.6,71.1,70.35,71,1405200,2025-12-30T03:44:48Z
DHR,2007-03-30,22.29,22.34,21.94,22.03,5082358,71.45,71.61,70.33,70.6,1585800,2025-12-30T03:44:48Z
DHR,2007-04-02,22.3,22.37,22.07,22.07,5823343,71.47,71.69,70.74,70.74,1817000,2025-12-30T03:44:48Z
DHR,2007-04-03,22.31,22.47,22.14,22.43,6023007,71.5,72.02,70.95,71.9,1879300,2025-12-30T03:44:48Z
DHR,2007-04-04,22.13,22.35,22.11,22.31,4101663,70.91,71.64,70.85,71.5,1279800,2025-12-30T03:44:48Z
DHR,2007-04-05,22.24,22.32,22.11,22.11,2653669,71.27,71.54,70.86,70.86,828000,2025-12-30T03:44:48Z
DHR,2007-04-09,22.15,22.24,22.13,22.24,3041465,70.98,71.29,70.91,71.29,949000,2025-12-30T03:44:48Z
DHR,2007-04-10,22.01,22.2,21.96,22.08,4339776,70.53,71.15,70.37,70.75,1354100,2025-12-30T03:44:48Z
DHR,2007-04-11,22.06,22.22,21.9,22.01,5028516,70.71,71.2,70.2,70.53,1569000,2025-12-30T03:44:48Z
DHR,2007-04-12,22.01,22.09,21.89,22.02,4843602,70.54,70.78,70.17,70.56,1511300,2025-12-30T03:44:48Z
DHR,2007-04-13,22.16,22.23,21.84,22.09,3878907,71.01,71.24,70.01,70.79,1210300,2025-12-30T03:44:48Z
DHR,2007-04-16,22.56,22.58,22.23,22.28,3933400,72.29,72.36,71.25,71.41,1227300,2025-12-30T03:44:48Z
DHR,2007-04-17,22.62,22.86,22.54,22.86,4784307,72.5,73.25,72.24,73.25,1492800,2025-12-30T03:44:48Z
DHR,2007-04-18,22.45,22.62,22.38,22.59,5897362,71.96,72.48,71.71,72.4,1840100,2025-12-30T03:44:48Z
DHR,2007-04-19,22.23,22.61,22.08,22.31,5869812,71.26,72.46,70.75,71.51,1831500,2025-12-30T03:44:48Z
DHR,2007-04-20,22.24,22.48,22.05,22.47,7112689,71.28,72.03,70.68,72,2219300,2025-12-30T03:44:48Z
DHR,2007-04-23,22.27,22.46,22.18,22.3,3856165,71.36,71.97,71.09,71.48,1203200,2025-12-30T03:44:48Z
DHR,2007-04-24,22.12,22.51,22.1,22.51,4924348,70.88,72.13,70.83,72.13,1536500,2025-12-30T03:44:48Z
DHR,2007-04-25,22.1,22.2,21.91,22.15,5619500,70.82,71.15,70.23,71,1753400,2025-12-30T03:44:48Z
DHR,2007-04-26,21.88,22.18,21.88,22.06,5713407,70.13,71.07,70.13,70.7,1782700,2025-12-30T03:44:48Z
DHR,2007-04-27,22.17,22.21,21.72,21.84,6347676,71.04,71.19,69.61,69.98,1980600,2025-12-30T03:44:48Z
DHR,2007-04-30,22.21,22.28,22.04,22.17,8525720,71.19,71.4,70.63,71.05,2660200,2025-12-30T03:44:48Z
DHR,2007-05-01,22.33,22.7,21.98,21.98,6929349,71.56,72.76,70.44,70.44,2162100,2025-12-30T03:44:48Z
DHR,2007-05-02,22.72,22.86,22.35,22.45,7375470,72.83,73.25,71.64,71.96,2301300,2025-12-30T03:44:48Z
DHR,2007-05-03,22.98,23.1,22.75,22.85,7295039,73.64,74.02,72.91,73.24,2276200,2025-12-30T03:44:48Z
DHR,2007-05-04,23.12,23.29,23.03,23.06,6256330,74.11,74.63,73.81,73.92,1952100,2025-12-30T03:44:48Z
DHR,2007-05-07,22.8,23.16,22.77,23.11,4702249,73.07,74.23,72.99,74.08,1467200,2025-12-30T03:44:48Z
DHR,2007-05-08,22.67,22.8,22.56,22.8,6784488,72.67,73.06,72.3,73.06,2116900,2025-12-30T03:44:48Z
DHR,2007-05-09,22.64,22.69,22.52,22.6,5278189,72.55,72.73,72.17,72.42,1646900,2025-12-30T03:44:48Z
DHR,2007-05-10,22.28,22.61,22.21,22.61,9088183,71.4,72.47,71.18,72.46,2835700,2025-12-30T03:44:48Z
DHR,2007-05-11,22.19,22.36,22.13,22.3,9182407,71.11,71.67,70.91,71.46,2865100,2025-12-30T03:44:48Z
DHR,2007-05-14,22.18,22.37,22.13,22.31,6597312,71.09,71.7,70.91,71.5,2058500,2025-12-30T03:44:48Z
DHR,2007-05-15,22.06,22.46,22.05,22.33,8323166,70.69,71.97,70.68,71.55,2597000,2025-12-30T03:44:48Z
DHR,2007-05-16,22.31,22.45,22.11,22.45,8449132,71.5,71.95,70.85,71.95,2636300,2025-12-30T03:44:48Z
DHR,2007-05-17,22.31,22.47,22.16,22.37,5266975,71.49,72,71.02,71.7,1643400,2025-12-30T03:44:48Z
DHR,2007-05-18,22.21,22.34,22.11,22.31,9234637,71.17,71.6,70.85,71.49,2881400,2025-12-30T03:44:48Z
DHR,2007-05-21,22.26,22.35,21.85,22.25,15456987,71.35,71.63,70.02,71.3,4822900,2025-12-30T03:44:48Z
DHR,2007-05-22,22.34,22.58,22.34,22.42,8063572,71.61,72.36,71.59,71.84,2516000,2025-12-30T03:44:48Z
DHR,2007-05-23,22.23,22.54,22.22,22.4,5571438,71.23,72.23,71.2,71.8,1738400,2025-12-30T03:44:48Z
DHR,2007-05-24,21.89,22.35,21.86,22.25,6612714,70.15,71.63,70.06,71.3,2063300,2025-12-30T03:44:48Z
DHR,2007-05-25,22.6,22.66,22,22.11,7654638,72.42,72.63,70.5,70.87,2388400,2025-12-30T03:44:48Z
DHR,2007-05-29,22.77,23.15,22.66,22.71,8139842,72.99,74.18,72.62,72.79,2539800,2025-12-30T03:44:48Z
DHR,2007-05-30,22.96,22.98,22.64,22.93,4903533,73.58,73.64,72.56,73.48,1530000,2025-12-30T03:44:48Z
DHR,2007-05-31,22.93,23.26,22.91,22.92,4838473,73.5,74.56,73.42,73.46,1509700,2025-12-30T03:44:48Z
DHR,2007-06-01,22.92,23.01,22.78,22.94,7690199,73.46,73.73,73.02,73.52,2399500,2025-12-30T03:44:48Z
DHR,2007-06-04,22.97,23.19,22.83,23.19,2908781,73.62,74.31,73.18,74.31,907600,2025-12-30T03:44:48Z
DHR,2007-06-05,22.94,23.24,22.85,23.24,4726926,73.52,74.47,73.24,74.47,1474900,2025-12-30T03:44:48Z
DHR,2007-06-06,22.56,22.84,22.39,22.78,6457586,72.3,73.2,71.75,73,2014900,2025-12-30T03:44:48Z
DHR,2007-06-07,22.35,22.67,22.35,22.44,7381895,71.63,72.66,71.63,71.91,2303300,2025-12-30T03:44:48Z
DHR,2007-06-08,22.45,22.45,22.12,22.31,5778149,71.95,71.96,70.89,71.5,1802900,2025-12-30T03:44:48Z
DHR,2007-06-11,22.57,22.65,22.33,22.5,5283631,72.32,72.58,71.58,72.11,1648600,2025-12-30T03:44:48Z
DHR,2007-06-12,22.44,22.7,22.42,22.57,4387209,71.93,72.76,71.85,72.32,1368900,2025-12-30T03:44:48Z
DHR,2007-06-13,22.78,22.78,22.42,22.45,3526371,73.01,73.01,71.85,71.96,1100300,2025-12-30T03:44:48Z
DHR,2007-06-14,22.94,23.01,22.71,22.74,3145627,73.51,73.75,72.79,72.89,981500,2025-12-30T03:44:48Z
DHR,2007-06-15,23.16,23.24,23.01,23.06,4274089,74.21,74.48,73.74,73.9,1333600,2025-12-30T03:44:48Z
DHR,2007-06-18,23.29,23.39,23.05,23.17,4351642,74.64,74.95,73.87,74.25,1357800,2025-12-30T03:44:48Z
DHR,2007-06-19,23.45,23.57,23.2,23.31,5712446,75.15,75.54,74.36,74.7,1782400,2025-12-30T03:44:48Z
DHR,2007-06-20,23.23,23.65,23.2,23.49,4699695,74.46,75.78,74.36,75.27,1466400,2025-12-30T03:44:48Z
DHR,2007-06-21,23.45,23.5,23.12,23.23,5004159,75.15,75.31,74.11,74.45,1561400,2025-12-30T03:44:48Z
DHR,2007-06-22,23.12,23.48,23.09,23.4,4199089,74.11,75.26,74,75,1310200,2025-12-30T03:44:48Z
DHR,2007-06-25,23.13,23.29,22.97,23.12,5789995,74.13,74.65,73.61,74.11,1806600,2025-12-30T03:44:48Z
DHR,2007-06-26,23.09,23.34,23.02,23.21,4776292,74.01,74.8,73.77,74.38,1490300,2025-12-30T03:44:48Z
DHR,2007-06-27,23.24,23.24,22.8,22.86,4547538,74.44,74.44,73.05,73.22,1419500,2025-12-30T03:44:48Z
DHR,2007-06-28,23.41,23.64,23.13,23.24,5559894,75,75.74,74.1,74.45,1735500,2025-12-30T03:44:48Z
DHR,2007-06-29,23.57,23.75,23.44,23.49,6424545,75.5,76.09,75.08,75.25,2005400,2025-12-30T03:44:48Z
DHR,2007-07-02,23.9,23.95,23.7,23.78,4464252,76.56,76.73,75.91,76.17,1393500,2025-12-30T03:44:48Z
DHR,2007-07-03,24.07,24.17,23.95,24,3275376,77.1,77.42,76.73,76.87,1022400,2025-12-30T03:44:48Z
DHR,2007-07-05,23.94,24.16,23.88,24.15,3216755,76.68,77.39,76.51,77.38,1004100,2025-12-30T03:44:48Z
DHR,2007-07-06,24.16,24.21,23.88,24.01,2819181,77.4,77.55,76.49,76.92,880000,2025-12-30T03:44:48Z
DHR,2007-07-09,24.35,24.46,24.09,24.13,4618659,78.02,78.36,77.16,77.3,1441700,2025-12-30T03:44:48Z
DHR,2007-07-10,23.98,24.29,23.98,24.29,4459123,76.81,77.8,76.81,77.8,1391900,2025-12-30T03:44:48Z
DHR,2007-07-11,23.96,24.04,23.82,23.96,4699712,76.76,77,76.3,76.76,1467000,2025-12-30T03:44:48Z
DHR,2007-07-12,24.38,24.39,23.7,23.7,3929886,78.12,78.12,75.93,75.93,1226700,2025-12-30T03:44:48Z
DHR,2007-07-13,24.39,24.43,24.26,24.39,2120157,78.15,78.25,77.72,78.12,661800,2025-12-30T03:44:48Z
DHR,2007-07-16,24.56,24.71,24.2,24.33,4585671,78.69,79.15,77.52,77.93,1431400,2025-12-30T03:44:48Z
DHR,2007-07-17,25.05,25.09,24.5,24.5,9103080,80.24,80.38,78.5,78.5,2841500,2025-12-30T03:44:48Z
DHR,2007-07-18,24.89,25.09,24.75,24.86,9377308,79.75,80.37,79.29,79.63,2927100,2025-12-30T03:44:48Z
DHR,2007-07-19,24.54,24.89,24.33,24.57,10633476,78.61,79.74,77.95,78.7,3319200,2025-12-30T03:44:48Z
DHR,2007-07-20,24.34,24.51,24.12,24.36,10500846,77.98,78.53,77.28,78.03,3277800,2025-12-30T03:44:48Z
DHR,2007-07-23,24.17,24.73,24.07,24.21,7603138,77.43,79.22,77.12,77.55,2373300,2025-12-30T03:44:48Z
DHR,2007-07-24,24.02,24.31,23.94,24.31,6885848,76.94,77.87,76.69,77.87,2149400,2025-12-30T03:44:48Z
DHR,2007-07-25,24.15,24.33,23.85,24.05,5680028,77.38,77.93,76.42,77.06,1773000,2025-12-30T03:44:48Z
DHR,2007-07-26,23.52,24.15,23.2,23.85,9325741,75.34,77.38,74.32,76.4,2911000,2025-12-30T03:44:48Z
DHR,2007-07-27,22.99,23.6,22.98,23.36,7192783,73.66,75.59,73.63,74.84,2245200,2025-12-30T03:44:48Z
DHR,2007-07-30,23.93,24.07,23.32,23.6,10364680,76.65,77.1,74.72,75.6,3235300,2025-12-30T03:44:48Z
DHR,2007-07-31,23.31,24.04,23.31,23.77,8473263,74.68,77,74.68,76.15,2644900,2025-12-30T03:44:48Z
DHR,2007-08-01,23.66,23.69,23.15,23.35,9254947,75.8,75.9,74.16,74.8,2888900,2025-12-30T03:44:48Z
DHR,2007-08-02,24.1,24.15,23.76,23.76,5906521,77.22,77.35,76.12,76.12,1843700,2025-12-30T03:44:48Z
DHR,2007-08-03,23.66,24.35,23.57,24.35,6855742,75.81,78,75.5,78,2140000,2025-12-30T03:44:48Z
DHR,2007-08-06,24.55,24.55,23.77,23.84,6124049,78.64,78.64,76.14,76.38,1911600,2025-12-30T03:44:48Z
DHR,2007-08-07,24.85,25.05,24.16,24.34,7893094,79.62,80.25,77.41,77.98,2463800,2025-12-30T03:44:48Z
DHR,2007-08-08,25.52,25.87,24.61,24.61,10798435,81.77,82.87,78.84,78.84,3370700,2025-12-30T03:44:48Z
DHR,2007-08-09,25.4,25.7,24.97,25.16,10284924,81.37,82.32,79.99,80.6,3210400,2025-12-30T03:44:48Z
DHR,2007-08-10,24.88,25.26,24.4,25.16,10765749,79.7,80.93,78.16,80.6,3360500,2025-12-30T03:44:48Z
DHR,2007-08-13,24.39,24.98,24.16,24.72,8113809,78.13,80.03,77.41,79.2,2532700,2025-12-30T03:44:48Z
DHR,2007-08-14,23.84,24.49,23.83,24.33,6463616,76.36,78.47,76.35,77.94,2017600,2025-12-30T03:44:48Z
DHR,2007-08-15,23.26,23.96,23.16,23.75,6155428,74.53,76.76,74.2,76.1,1921400,2025-12-30T03:44:48Z
DHR,2007-08-16,23.37,23.49,22.76,23.25,8456605,74.87,75.26,72.9,74.47,2639700,2025-12-30T03:44:48Z
DHR,2007-08-17,23.89,24,23.04,23.35,8636965,76.54,76.87,73.82,74.79,2696000,2025-12-30T03:44:48Z
DHR,2007-08-20,23.86,24.23,23.62,24.07,4781411,76.45,77.61,75.66,77.1,1492500,2025-12-30T03:44:48Z
DHR,2007-08-21,23.57,23.83,23.43,23.75,3682559,75.51,76.35,75.06,76.1,1149500,2025-12-30T03:44:48Z
DHR,2007-08-22,24.11,24.22,23.74,23.92,4416181,77.24,77.6,76.05,76.64,1378500,2025-12-30T03:44:48Z
DHR,2007-08-23,23.77,24.2,23.5,24.13,3572032,76.14,77.52,75.28,77.3,1115000,2025-12-30T03:44:48Z
DHR,2007-08-24,23.9,23.97,23.57,23.77,4449188,76.57,76.78,75.51,76.16,1388800,2025-12-30T03:44:48Z
DHR,2007-08-27,23.78,23.97,23.65,23.88,2990262,76.18,76.79,75.75,76.51,933400,2025-12-30T03:44:48Z
DHR,2007-08-28,23.03,23.69,23.01,23.63,4927810,73.78,75.89,73.71,75.7,1538200,2025-12-30T03:44:48Z
DHR,2007-08-29,23.8,23.8,23.18,23.23,4801908,76.24,76.24,74.25,74.41,1498900,2025-12-30T03:44:48Z
DHR,2007-08-30,23.93,24.28,23.53,23.71,5066213,76.67,77.79,75.37,75.95,1581400,2025-12-30T03:44:48Z
DHR,2007-08-31,24.24,24.43,24.04,24.23,3321195,77.66,78.26,77.02,77.63,1036700,2025-12-30T03:44:48Z
DHR,2007-09-04,24.54,24.71,24.24,24.36,3922519,78.61,79.16,77.67,78.03,1224400,2025-12-30T03:44:48Z
DHR,2007-09-05,24.14,24.4,24.05,24.35,3091492,77.34,78.16,77.03,78,965000,2025-12-30T03:44:48Z
DHR,2007-09-06,24.33,24.44,23.97,24.06,3116155,77.95,78.31,76.8,77.07,972700,2025-12-30T03:44:48Z
DHR,2007-09-07,23.87,24.16,23.8,24.05,4053222,76.46,77.4,76.24,77.06,1265200,2025-12-30T03:44:48Z
DHR,2007-09-10,23.85,24.15,23.41,23.86,3303887,76.42,77.37,75.01,76.45,1031300,2025-12-30T03:44:48Z
DHR,2007-09-11,24.43,24.49,23.88,23.88,3967046,78.26,78.47,76.49,76.49,1238300,2025-12-30T03:44:48Z
DHR,2007-09-12,24.3,24.71,24.26,24.4,3320547,77.84,79.16,77.71,78.16,1036500,2025-12-30T03:44:48Z
DHR,2007-09-13,24.43,24.58,24.16,24.47,3239507,78.28,78.73,77.39,78.4,1011200,2025-12-30T03:44:48Z
DHR,2007-09-14,24.7,24.81,24.2,24.34,3540968,79.13,79.48,77.51,77.96,1105300,2025-12-30T03:44:48Z
DHR,2007-09-17,24.63,24.92,24.51,24.53,2606463,78.9,79.84,78.51,78.58,813600,2025-12-30T03:44:48Z
DHR,2007-09-18,25.53,25.53,24.66,24.66,5819067,81.78,81.78,79,79,1816400,2025-12-30T03:44:48Z
DHR,2007-09-19,25.86,26.13,25.67,25.73,4185208,82.86,83.72,82.25,82.43,1306400,2025-12-30T03:44:48Z
DHR,2007-09-20,25.81,26.14,25.74,26.03,3781549,82.7,83.74,82.45,83.4,1180400,2025-12-30T03:44:48Z
DHR,2007-09-21,25.83,26.17,25.73,26.03,7163614,82.75,83.85,82.42,83.4,2236100,2025-12-30T03:44:48Z
DHR,2007-09-24,25.72,25.99,25.64,25.83,4302463,82.39,83.27,82.13,82.75,1343000,2025-12-30T03:44:48Z
DHR,2007-09-25,26.16,26.17,25.56,25.6,4208273,83.82,83.85,81.87,82,1313600,2025-12-30T03:44:48Z
DHR,2007-09-26,25.9,26.34,25.81,26.25,4502363,82.95,84.35,82.67,84.05,1405900,2025-12-30T03:44:48Z
DHR,2007-09-27,25.76,25.84,25.31,25.47,5507295,82.48,82.75,81.05,81.55,1719700,2025-12-30T03:44:48Z
DHR,2007-09-28,25.83,25.92,25.67,25.76,3580043,82.71,83,82.2,82.5,1117900,2025-12-30T03:44:48Z
DHR,2007-10-01,25.9,26.2,25.72,25.79,4230473,82.95,83.9,82.36,82.6,1321000,2025-12-30T03:44:48Z
DHR,2007-10-02,25.89,26.01,25.71,25.81,4142395,82.91,83.29,82.34,82.66,1293500,2025-12-30T03:44:48Z
DHR,2007-10-03,25.67,26.01,25.65,25.76,3731201,82.2,83.3,82.15,82.5,1165100,2025-12-30T03:44:48Z
DHR,2007-10-04,25.59,25.83,25.54,25.7,3412874,81.95,82.72,81.78,82.29,1065700,2025-12-30T03:44:48Z
DHR,2007-10-05,25.85,26.09,25.76,25.83,3497106,82.78,83.55,82.5,82.73,1092000,2025-12-30T03:44:48Z
DHR,2007-10-08,25.87,26.18,25.79,25.91,2367911,82.84,83.84,82.6,82.99,739400,2025-12-30T03:44:48Z
DHR,2007-10-09,25.93,25.99,25.64,25.88,4144954,83.03,83.22,82.11,82.89,1294300,2025-12-30T03:44:48Z
DHR,2007-10-10,25.75,25.92,25.51,25.82,3430486,82.46,83,81.7,82.7,1071200,2025-12-30T03:44:48Z
DHR,2007-10-11,25.61,26.04,25.47,25.75,4177941,82.01,83.39,81.56,82.46,1304600,2025-12-30T03:44:48Z
DHR,2007-10-12,25.75,25.75,25.21,25.56,3181341,82.47,82.47,80.72,81.85,993400,2025-12-30T03:44:48Z
DHR,2007-10-15,25.46,25.95,25.31,25.62,6209599,81.52,83.11,81.05,82.06,1939000,2025-12-30T03:44:48Z
DHR,2007-10-16,25.12,25.77,25.01,25.61,6901004,80.43,82.53,80.09,82.01,2154900,2025-12-30T03:44:48Z
DHR,2007-10-17,25.42,25.47,25.24,25.42,4388355,81.4,81.56,80.84,81.4,1370300,2025-12-30T03:44:48Z
DHR,2007-10-18,25.78,25.9,25.22,25.32,4356649,82.56,82.93,80.78,81.08,1360400,2025-12-30T03:44:48Z
DHR,2007-10-19,25.37,25.79,25.35,25.79,5100900,81.24,82.59,81.18,82.59,1592800,2025-12-30T03:44:48Z
DHR,2007-10-22,25.77,25.85,25.16,25.24,4686173,82.52,82.77,80.57,80.84,1463300,2025-12-30T03:44:48Z
DHR,2007-10-23,26,26,25.63,25.84,3378285,83.25,83.25,82.09,82.76,1054900,2025-12-30T03:44:48Z
DHR,2007-10-24,25.93,25.99,25.53,25.98,4938531,83.05,83.23,81.76,83.19,1542100,2025-12-30T03:44:48Z
DHR,2007-10-25,25.84,26.17,25.64,25.92,5627383,82.74,83.8,82.1,83.01,1757200,2025-12-30T03:44:48Z
DHR,2007-10-26,25.76,26.06,25.69,26.04,3269080,82.49,83.44,82.27,83.4,1020800,2025-12-30T03:44:48Z
DHR,2007-10-29,26.41,26.44,25.9,25.94,5056070,84.59,84.66,82.95,83.07,1578800,2025-12-30T03:44:48Z
DHR,2007-10-30,26.62,26.86,26.24,26.32,4882819,85.26,86.01,84.02,84.3,1524700,2025-12-30T03:44:48Z
DHR,2007-10-31,26.75,26.78,26.16,26.64,4635579,85.67,85.76,83.79,85.31,1447500,2025-12-30T03:44:48Z
DHR,2007-11-01,25.75,26.46,25.73,26.3,6262128,82.47,84.74,82.4,84.23,1955400,2025-12-30T03:44:48Z
DHR,2007-11-02,25.5,25.68,25.28,25.6,16661863,81.65,82.25,80.97,81.97,5202800,2025-12-30T03:44:48Z
DHR,2007-11-05,25.86,25.93,25.29,25.29,7572580,82.81,83.03,81,81,2364600,2025-12-30T03:44:48Z
DHR,2007-11-06,26.44,26.48,25.72,25.91,6379322,84.66,84.79,82.37,82.97,1992000,2025-12-30T03:44:48Z
DHR,2007-11-07,25.87,26.63,25.87,26.5,5997272,82.85,85.27,82.85,84.87,1872700,2025-12-30T03:44:48Z
DHR,2007-11-08,25.62,26.04,25.3,26.04,7687848,82.04,83.38,81.01,83.38,2400600,2025-12-30T03:44:48Z
DHR,2007-11-09,25.13,25.56,25.13,25.56,4264099,80.47,81.86,80.47,81.86,1331500,2025-12-30T03:44:48Z
DHR,2007-11-12,25.19,25.52,24.99,25.12,5703916,80.66,81.73,80.04,80.45,1781100,2025-12-30T03:44:48Z
DHR,2007-11-13,26.04,26.06,25.25,25.45,5649478,83.39,83.45,80.86,81.5,1764100,2025-12-30T03:44:48Z
DHR,2007-11-14,25.74,26.21,25.68,26.17,5123962,82.42,83.95,82.25,83.82,1600000,2025-12-30T03:44:48Z
DHR,2007-11-15,25.68,26,25.54,25.69,7072330,82.24,83.25,81.8,82.26,2208400,2025-12-30T03:44:48Z
DHR,2007-11-16,25.76,26.27,25.47,25.91,8817062,82.5,84.13,81.58,82.96,2753200,2025-12-30T03:44:48Z
DHR,2007-11-19,25.62,25.87,25.49,25.65,6813263,82.06,82.85,81.62,82.14,2127500,2025-12-30T03:44:48Z
DHR,2007-11-20,25.79,26.12,25.54,25.72,7558151,82.6,83.66,81.8,82.36,2360100,2025-12-30T03:44:48Z
DHR,2007-11-21,25.14,26,25.05,25.7,8600253,80.5,83.25,80.22,82.3,2685500,2025-12-30T03:44:48Z
DHR,2007-11-23,25.34,25.54,25.06,25.35,3352992,81.15,81.79,80.26,81.19,1047000,2025-12-30T03:44:48Z
DHR,2007-11-26,25.62,26.25,25.39,25.39,8898073,82.06,84.06,81.32,81.32,2778500,2025-12-30T03:44:48Z
DHR,2007-11-27,26.53,26.78,25.71,25.72,10922348,84.97,85.76,82.34,82.37,3410600,2025-12-30T03:44:48Z
DHR,2007-11-28,27.16,27.18,26.57,26.57,8315865,86.99,87.05,85.1,85.1,2596700,2025-12-30T03:44:48Z
DHR,2007-11-29,26.91,27.29,26.82,27.29,4854626,86.18,87.4,85.9,87.4,1515900,2025-12-30T03:44:48Z
DHR,2007-11-30,27.11,27.26,26.98,27.23,6141386,86.82,87.29,86.41,87.2,1917700,2025-12-30T03:44:48Z
DHR,2007-12-03,26.91,27.32,26.85,27.2,4682019,86.17,87.5,85.99,87.12,1462000,2025-12-30T03:44:48Z
DHR,2007-12-04,26.98,27.29,26.8,26.8,4338705,86.41,87.4,85.83,85.83,1354800,2025-12-30T03:44:48Z
DHR,2007-12-05,26.89,27.56,26.72,27.23,7505636,86.12,88.27,85.57,87.2,2343700,2025-12-30T03:44:48Z
DHR,2007-12-06,27.24,27.31,26.79,26.88,4324297,87.25,87.45,85.8,86.09,1350300,2025-12-30T03:44:48Z
DHR,2007-12-07,27.19,27.86,26.98,27.35,5416662,87.08,89.22,86.39,87.59,1691400,2025-12-30T03:44:48Z
DHR,2007-12-10,27.48,27.58,27.12,27.21,3308474,88.01,88.32,86.86,87.15,1033100,2025-12-30T03:44:48Z
DHR,2007-12-11,26.89,27.76,26.85,27.58,6411022,86.13,88.91,86,88.32,2001900,2025-12-30T03:44:48Z
DHR,2007-12-12,26.77,27.62,26.42,27.55,7638545,85.72,88.44,84.6,88.24,2385200,2025-12-30T03:44:48Z
DHR,2007-12-13,27.01,27.04,26.39,26.59,4630145,86.5,86.59,84.5,85.14,1445800,2025-12-30T03:44:48Z
DHR,2007-12-14,26.86,27.16,26.73,26.83,4600997,86.03,86.99,85.6,85.93,1436700,2025-12-30T03:44:48Z
DHR,2007-12-17,26.57,26.85,26.57,26.7,4424850,85.09,85.97,85.09,85.49,1381700,2025-12-30T03:44:48Z
DHR,2007-12-18,26.76,26.86,26.39,26.71,4175377,85.71,86.01,84.51,85.53,1303800,2025-12-30T03:44:48Z
DHR,2007-12-19,26.76,27.1,26.53,26.92,5133882,85.7,86.8,84.96,86.2,1603100,2025-12-30T03:44:48Z
DHR,2007-12-20,27.06,27.06,26.71,26.9,4121580,86.66,86.66,85.53,86.15,1287000,2025-12-30T03:44:48Z
DHR,2007-12-21,27.41,27.61,27.01,27.48,7221270,87.77,88.41,86.51,88,2254900,2025-12-30T03:44:48Z
DHR,2007-12-24,27.67,27.74,27.3,27.3,817911,88.62,88.83,87.44,87.44,255400,2025-12-30T03:44:48Z
DHR,2007-12-26,27.67,27.72,27.39,27.72,2895356,88.6,88.78,87.71,88.78,904100,2025-12-30T03:44:48Z
DHR,2007-12-27,27.39,27.7,27.35,27.58,2258897,87.67,88.69,87.55,88.3,705600,2025-12-30T03:44:48Z
DHR,2007-12-28,27.57,27.77,27.26,27.6,2881567,88.25,88.89,87.28,88.37,900100,2025-12-30T03:44:48Z
DHR,2007-12-31,27.41,27.62,27.34,27.49,2474997,87.74,88.43,87.54,88.01,773100,2025-12-30T03:44:48Z
DHR,2008-01-02,26.92,27.55,26.7,27.27,4560064,86.17,88.2,85.48,87.3,1424400,2025-12-30T03:44:48Z
DHR,2008-01-03,27.15,27.29,26.93,27.06,4595271,86.91,87.37,86.21,86.63,1435400,2025-12-30T03:44:48Z
DHR,2008-01-04,26.47,27.04,26.47,27.04,6522178,84.74,86.55,84.74,86.55,2037300,2025-12-30T03:44:48Z
DHR,2008-01-07,25.8,26.68,25.53,26.68,11145935,82.59,85.42,81.72,85.42,3481600,2025-12-30T03:44:48Z
DHR,2008-01-08,25.22,25.93,25.19,25.93,11604402,80.74,83,80.63,83,3624800,2025-12-30T03:44:48Z
DHR,2008-01-09,25.34,25.61,24.71,25.36,7885356,81.11,82,79.1,81.18,2463100,2025-12-30T03:44:48Z
DHR,2008-01-10,25.8,25.96,25.03,25.12,8130563,82.58,83.1,80.13,80.41,2539700,2025-12-30T03:44:48Z
DHR,2008-01-11,24.9,25.86,24.74,25.61,7682681,79.71,82.79,79.21,81.98,2399800,2025-12-30T03:44:48Z
DHR,2008-01-14,24.94,25.24,24.61,25.05,8394366,79.84,80.8,78.8,80.19,2622100,2025-12-30T03:44:48Z
DHR,2008-01-15,24.94,25.11,24.61,24.68,13312362,79.83,80.39,78.8,79.01,4158300,2025-12-30T03:44:48Z
DHR,2008-01-16,24.83,25.25,24.72,24.77,8049247,79.5,80.83,79.15,79.31,2514300,2025-12-30T03:44:48Z
DHR,2008-01-17,24.08,25.45,24.05,24.98,9860614,77.1,81.48,77,79.97,3080100,2025-12-30T03:44:48Z
DHR,2008-01-18,24.04,25.58,23.68,24.3,6992150,76.97,81.88,75.8,77.78,2184100,2025-12-30T03:44:48Z
DHR,2008-01-22,23.62,25.3,21.93,22.91,11427343,75.61,81,70.19,73.33,3569500,2025-12-30T03:44:48Z
DHR,2008-01-23,23.91,24.11,22.53,23.27,17691812,76.54,77.17,72.12,74.51,5526300,2025-12-30T03:44:48Z
DHR,2008-01-24,23.43,24.19,23.24,24.19,12952159,75,77.45,74.41,77.45,4045800,2025-12-30T03:44:48Z
DHR,2008-01-25,23.42,24.96,22.6,23.7,12867967,74.97,79.9,72.35,75.87,4019500,2025-12-30T03:44:48Z
DHR,2008-01-28,23.27,23.5,23.07,23.5,8564696,74.51,75.23,73.85,75.23,2675300,2025-12-30T03:44:48Z
DHR,2008-01-29,23.26,23.42,23.02,23.37,8562420,74.48,74.96,73.7,74.83,2674600,2025-12-30T03:44:48Z
DHR,2008-01-30,23.15,23.65,23.06,23.21,7052028,74.11,75.72,73.82,74.31,2202800,2025-12-30T03:44:48Z
DHR,2008-01-31,23.41,23.44,22.72,22.79,9095468,74.96,75.04,72.75,72.95,2841100,2025-12-30T03:44:48Z
DHR,2008-02-01,23.71,23.78,23.27,23.31,8797417,75.92,76.14,74.48,74.61,2748000,2025-12-30T03:44:48Z
DHR,2008-02-04,23.56,23.67,23.42,23.66,6269934,75.44,75.77,74.97,75.75,1958500,2025-12-30T03:44:48Z
DHR,2008-02-05,23.08,23.42,22.81,23.2,7757622,73.9,74.97,73.02,74.26,2423200,2025-12-30T03:44:48Z
DHR,2008-02-06,22.84,23.29,22.79,23.29,9123331,73.12,74.56,72.96,74.55,2849800,2025-12-30T03:44:48Z
DHR,2008-02-07,22.97,23.37,22.68,23.21,12096106,73.52,74.82,72.61,74.29,3778400,2025-12-30T03:44:48Z
DHR,2008-02-08,22.89,23.07,22.68,22.8,4565184,73.27,73.86,72.62,72.99,1426000,2025-12-30T03:44:48Z
DHR,2008-02-11,22.96,23.12,22.71,22.89,7087882,73.5,74.01,72.71,73.27,2214000,2025-12-30T03:44:48Z
DHR,2008-02-12,22.94,23.23,22.67,23.14,7618023,73.45,74.37,72.58,74.09,2379600,2025-12-30T03:44:48Z
DHR,2008-02-13,23.72,23.82,23.12,23.2,7923449,75.94,76.25,74,74.27,2475000,2025-12-30T03:44:48Z
DHR,2008-02-14,23.4,23.74,23.38,23.74,4402551,74.9,76,74.85,75.99,1375200,2025-12-30T03:44:48Z
DHR,2008-02-15,23.46,23.49,23.2,23.35,5229154,75.1,75.2,74.27,74.76,1633400,2025-12-30T03:44:48Z
DHR,2008-02-19,23.41,23.81,23.34,23.74,3985735,74.95,76.22,74.71,76,1245000,2025-12-30T03:44:48Z
DHR,2008-02-20,23.58,23.63,23.16,23.23,3986056,75.5,75.66,74.14,74.36,1245100,2025-12-30T03:44:48Z
DHR,2008-02-21,23.32,23.71,23.25,23.68,4468825,74.66,75.9,74.42,75.8,1395900,2025-12-30T03:44:48Z
DHR,2008-02-22,23.31,23.57,22.91,23.37,7387526,74.64,75.45,73.33,74.82,2307600,2025-12-30T03:44:48Z
DHR,2008-02-25,23.64,23.69,23.3,23.35,5147199,75.68,75.84,74.59,74.75,1607800,2025-12-30T03:44:48Z
DHR,2008-02-26,23.93,24.01,23.4,23.43,6626863,76.6,76.86,74.9,75,2070000,2025-12-30T03:44:48Z
DHR,2008-02-27,23.45,23.92,23.26,23.83,9133227,75.06,76.59,74.46,76.29,2852900,2025-12-30T03:44:48Z
DHR,2008-02-28,23.27,23.43,23.02,23.27,7898484,74.51,75,73.71,74.5,2467200,2025-12-30T03:44:48Z
DHR,2008-02-29,23.16,23.25,22.98,23.07,9063130,74.15,74.43,73.57,73.85,2831000,2025-12-30T03:44:48Z
DHR,2008-03-03,23.2,23.2,22.87,23.11,11049279,74.26,74.26,73.22,73.99,3451400,2025-12-30T03:44:48Z
DHR,2008-03-04,23.26,23.35,22.84,23.03,9181594,74.46,74.75,73.13,73.72,2868000,2025-12-30T03:44:48Z
DHR,2008-03-05,23.14,23.52,22.87,22.97,11400482,74.08,75.31,73.2,73.55,3561100,2025-12-30T03:44:48Z
DHR,2008-03-06,22.81,23.23,22.8,23.08,7531923,73.03,74.37,73,73.9,2352700,2025-12-30T03:44:48Z
DHR,2008-03-07,22.51,22.88,22.38,22.59,9044902,72.07,73.23,71.64,72.31,2825300,2025-12-30T03:44:48Z
DHR,2008-03-10,21.91,22.49,21.82,22.45,9051616,70.13,72,69.84,71.88,2827400,2025-12-30T03:44:48Z
DHR,2008-03-11,22.48,22.6,22.02,22.38,9325962,71.97,72.35,70.48,71.66,2913100,2025-12-30T03:44:48Z
DHR,2008-03-12,22.54,22.87,22.48,22.55,6500741,72.17,73.21,71.95,72.2,2030600,2025-12-30T03:44:48Z
DHR,2008-03-13,22.75,22.79,21.85,22.16,9332995,72.82,72.96,69.96,70.94,2915300,2025-12-30T03:44:48Z
DHR,2008-03-14,22.63,22.97,22.31,22.97,11270797,72.44,73.53,71.43,73.53,3520600,2025-12-30T03:44:48Z
DHR,2008-03-17,22.61,22.89,21.17,22.43,8758365,72.37,73.29,67.76,71.82,2735800,2025-12-30T03:44:48Z
DHR,2008-03-18,23.74,23.74,22.88,23.04,8188521,76,76,73.24,73.77,2557800,2025-12-30T03:44:48Z
DHR,2008-03-19,23.41,24.82,23.41,23.74,6820889,74.95,79.47,74.95,76,2130600,2025-12-30T03:44:48Z
DHR,2008-03-20,23.86,23.86,23.33,23.57,8370666,76.39,76.39,74.69,75.45,2614700,2025-12-30T03:44:48Z
DHR,2008-03-24,24.17,24.39,23.79,24.01,6467779,77.39,78.09,76.17,76.85,2020300,2025-12-30T03:44:48Z
DHR,2008-03-25,24.41,24.51,23.91,24.14,6033023,78.15,78.46,76.53,77.29,1884500,2025-12-30T03:44:48Z
DHR,2008-03-26,24.13,24.37,23.81,24.34,6450238,77.22,77.99,76.21,77.9,2015600,2025-12-30T03:44:48Z
DHR,2008-03-27,23.81,24.24,23.77,24.23,5930547,76.21,77.56,76.06,77.54,1853200,2025-12-30T03:44:48Z
DHR,2008-03-28,23.47,23.96,23.37,23.96,7562925,75.12,76.68,74.8,76.68,2363300,2025-12-30T03:44:48Z
DHR,2008-03-31,23.76,23.88,23.39,23.57,5590050,76.03,76.42,74.85,75.43,1746800,2025-12-30T03:44:48Z
DHR,2008-04-01,24.69,24.69,23.98,23.98,5490510,79,79,76.75,76.75,1715700,2025-12-30T03:44:48Z
DHR,2008-04-02,24.48,24.81,24.39,24.81,6174381,78.34,79.4,78.06,79.39,1929400,2025-12-30T03:44:48Z
DHR,2008-04-03,24.33,24.46,24.09,24.46,6381119,77.85,78.27,77.09,78.27,1994000,2025-12-30T03:44:48Z
DHR,2008-04-04,24.64,24.71,24.26,24.45,5754849,78.84,79.08,77.63,78.23,1798300,2025-12-30T03:44:48Z
DHR,2008-04-07,24.5,24.9,24.34,24.9,4756392,78.4,79.68,77.88,79.68,1486300,2025-12-30T03:44:48Z
DHR,2008-04-08,24.6,24.63,24.2,24.37,4274134,78.72,78.82,77.44,78,1335600,2025-12-30T03:44:48Z
DHR,2008-04-09,24.31,24.6,24.17,24.57,4910318,77.8,78.73,77.35,78.62,1534400,2025-12-30T03:44:48Z
DHR,2008-04-10,24.31,24.41,24.11,24.21,5571157,77.79,78.11,77.14,77.49,1740900,2025-12-30T03:44:48Z
DHR,2008-04-11,23.55,23.97,23.47,23.86,9828636,75.36,76.71,75.11,76.36,3071300,2025-12-30T03:44:48Z
DHR,2008-04-14,23.08,23.59,22.99,23.59,8670213,73.86,75.49,73.58,75.49,2709300,2025-12-30T03:44:48Z
DHR,2008-04-15,23.34,23.46,23.05,23.2,9900318,74.7,75.06,73.77,74.25,3093700,2025-12-30T03:44:48Z
DHR,2008-04-16,24.02,24.02,23.44,23.44,5779493,76.88,76.88,75.02,75.02,1806000,2025-12-30T03:44:48Z
DHR,2008-04-17,23.17,23.41,22.82,23.09,26945089,74.16,74.9,73.04,73.88,8419900,2025-12-30T03:44:48Z
DHR,2008-04-18,23.49,23.73,23.21,23.51,10486282,75.17,75.94,74.29,75.25,3276800,2025-12-30T03:44:48Z
DHR,2008-04-21,23.59,23.68,23.32,23.36,6007021,75.5,75.77,74.64,74.76,1877100,2025-12-30T03:44:48Z
DHR,2008-04-22,23.6,23.75,23.33,23.54,5964130,75.51,75.99,74.66,75.33,1863700,2025-12-30T03:44:48Z
DHR,2008-04-23,23.72,23.86,23.34,23.68,6413114,75.9,76.35,74.7,75.79,2004000,2025-12-30T03:44:48Z
DHR,2008-04-24,23.99,24.16,23.42,23.8,6280319,76.76,77.33,74.95,76.15,1962500,2025-12-30T03:44:48Z
DHR,2008-04-25,24.24,24.34,23.96,24.18,4799272,77.56,77.89,76.67,77.39,1499700,2025-12-30T03:44:48Z
DHR,2008-04-28,24.39,24.51,24.19,24.38,4221011,78.06,78.44,77.4,78.02,1319000,2025-12-30T03:44:48Z
DHR,2008-04-29,24.33,24.62,24.25,24.52,3501940,77.87,78.79,77.61,78.46,1094300,2025-12-30T03:44:48Z
DHR,2008-04-30,24.38,24.83,24.31,24.6,9414884,78.02,79.46,77.79,78.71,2942000,2025-12-30T03:44:48Z
DHR,2008-05-01,24.63,24.74,24.37,24.39,6413442,78.81,79.17,77.99,78.06,2004100,2025-12-30T03:44:48Z
DHR,2008-05-02,24.37,25,24.17,24.86,6918426,78,80,77.35,79.57,2161900,2025-12-30T03:44:48Z
DHR,2008-05-05,24.12,24.47,23.84,24.47,7753675,77.18,78.3,76.28,78.3,2422900,2025-12-30T03:44:48Z
DHR,2008-05-06,24.12,24.16,23.79,23.97,3194397,77.19,77.3,76.12,76.71,998200,2025-12-30T03:44:48Z
DHR,2008-05-07,23.78,24.18,23.74,24.18,4711597,76.1,77.38,75.98,77.38,1472300,2025-12-30T03:44:48Z
DHR,2008-05-08,24.16,24.26,23.63,23.78,5424917,77.33,77.65,75.62,76.1,1695200,2025-12-30T03:44:48Z
DHR,2008-05-09,24.08,24.21,23.8,23.89,3999557,77.07,77.46,76.17,76.45,1249800,2025-12-30T03:44:48Z
DHR,2008-05-12,24.5,24.55,23.96,24.25,3242406,78.41,78.57,76.69,77.6,1013200,2025-12-30T03:44:48Z
DHR,2008-05-13,24.5,24.86,24.38,24.57,4692069,78.4,79.56,78.01,78.63,1466200,2025-12-30T03:44:48Z
DHR,2008-05-14,24.69,24.93,24.48,24.51,3449459,79.01,79.78,78.34,78.44,1077900,2025-12-30T03:44:48Z
DHR,2008-05-15,25.02,25.04,24.45,24.66,5712611,80.07,80.14,78.24,78.9,1785100,2025-12-30T03:44:48Z
DHR,2008-05-16,25.02,25.29,24.81,25.11,5739492,80.07,80.93,79.39,80.36,1793500,2025-12-30T03:44:48Z
DHR,2008-05-19,24.56,25.03,24.54,24.88,7680377,78.61,80.11,78.52,79.61,2400000,2025-12-30T03:44:48Z
DHR,2008-05-20,24.44,24.58,24.08,24.4,6891236,78.2,78.66,77.06,78.07,2153400,2025-12-30T03:44:48Z
DHR,2008-05-21,24.08,24.64,24.01,24.54,5215931,77.05,78.84,76.83,78.54,1629900,2025-12-30T03:44:48Z
DHR,2008-05-22,23.98,24.17,23.77,24.01,8322983,76.73,77.35,76.07,76.83,2600800,2025-12-30T03:44:48Z
DHR,2008-05-23,23.7,23.98,23.44,23.98,5662677,75.84,76.73,75,76.73,1769500,2025-12-30T03:44:48Z
DHR,2008-05-27,23.71,23.86,23.49,23.75,5601554,75.87,76.34,75.17,76,1750400,2025-12-30T03:44:48Z
DHR,2008-05-28,23.91,24.04,23.7,23.7,5189696,76.53,76.94,75.83,75.83,1621700,2025-12-30T03:44:48Z
DHR,2008-05-29,23.9,24.05,23.68,23.96,7141170,76.48,76.96,75.79,76.68,2231500,2025-12-30T03:44:48Z
DHR,2008-05-30,24.43,24.58,23.92,24.06,7120037,78.18,78.65,76.54,76.98,2224900,2025-12-30T03:44:48Z
DHR,2008-06-02,24.25,24.44,24.04,24.31,6577918,77.59,78.2,76.93,77.8,2055500,2025-12-30T03:44:48Z
DHR,2008-06-03,24.86,25,24.31,24.31,11100086,79.56,80,77.8,77.81,3468600,2025-12-30T03:44:48Z
DHR,2008-06-04,24.96,25.03,24.67,24.69,7225328,79.89,80.1,78.95,79,2257800,2025-12-30T03:44:48Z
DHR,2008-06-05,25.8,25.82,24.95,25.01,10724373,82.55,82.62,79.85,80.03,3351200,2025-12-30T03:44:48Z
DHR,2008-06-06,24.75,25.72,24.75,25.25,10676075,79.19,82.3,79.19,80.8,3336100,2025-12-30T03:44:48Z
DHR,2008-06-09,24.89,24.94,24.56,24.77,5534681,79.65,79.82,78.6,79.26,1729500,2025-12-30T03:44:48Z
DHR,2008-06-10,24.92,25.09,24.59,24.76,5400907,79.75,80.3,78.69,79.24,1687700,2025-12-30T03:44:48Z
DHR,2008-06-11,24.72,25.41,24.69,24.94,7168352,79.12,81.32,79.02,79.8,2240000,2025-12-30T03:44:48Z
DHR,2008-06-12,24.98,25.22,24.78,24.91,6447360,79.93,80.72,79.31,79.7,2014700,2025-12-30T03:44:48Z
DHR,2008-06-13,25.56,25.67,25.23,25.29,6336960,81.79,82.15,80.75,80.93,1980200,2025-12-30T03:44:48Z
DHR,2008-06-16,25.4,25.54,25.27,25.31,3643698,81.29,81.73,80.86,81,1138600,2025-12-30T03:44:48Z
DHR,2008-06-17,25.3,25.54,25.1,25.42,7079405,80.97,81.74,80.32,81.35,2212200,2025-12-30T03:44:48Z
DHR,2008-06-18,25.1,25.4,25.03,25.19,4095884,80.32,81.27,80.11,80.62,1279900,2025-12-30T03:44:48Z
DHR,2008-06-19,25.62,25.74,24.95,25.03,7884239,82,82.38,79.83,80.1,2463700,2025-12-30T03:44:48Z
DHR,2008-06-20,25.02,25.55,24.91,25.55,9248139,80.08,81.75,79.73,81.75,2889900,2025-12-30T03:44:48Z
DHR,2008-06-23,25.02,25.17,24.92,25.12,4047561,80.08,80.55,79.74,80.38,1264800,2025-12-30T03:44:48Z
DHR,2008-06-24,24.83,25.08,24.71,25.02,4150290,79.47,80.27,79.06,80.08,1296900,2025-12-30T03:44:48Z
DHR,2008-06-25,24.94,25.05,24.75,24.91,7642619,79.78,80.14,79.16,79.69,2389100,2025-12-30T03:44:48Z
DHR,2008-06-26,23.83,24.63,23.75,24.63,9975949,76.24,78.8,75.97,78.8,3118500,2025-12-30T03:44:48Z
DHR,2008-06-27,24.03,24.46,23.64,24.15,10886366,76.87,78.26,75.62,77.26,3403100,2025-12-30T03:44:48Z
DHR,2008-06-30,24.16,24.3,23.63,24.02,7511154,77.3,77.72,75.6,76.84,2348000,2025-12-30T03:44:48Z
DHR,2008-07-01,24.22,24.28,23.68,23.8,7065526,77.47,77.68,75.75,76.14,2208700,2025-12-30T03:44:48Z
DHR,2008-07-02,23.5,24.26,23.47,24.07,8807662,75.17,77.62,75.09,77,2753300,2025-12-30T03:44:48Z
DHR,2008-07-03,23.85,24.05,23.52,23.7,5686779,76.28,76.94,75.23,75.8,1777700,2025-12-30T03:44:48Z
DHR,2008-07-07,23.85,24.19,23.68,23.96,6672377,76.28,77.37,75.76,76.66,2085800,2025-12-30T03:44:48Z
DHR,2008-07-08,24.01,24.01,23.48,23.76,7830389,76.82,76.82,75.11,76,2447800,2025-12-30T03:44:48Z
DHR,2008-07-09,23.58,24.05,23.58,23.9,9060404,75.43,76.93,75.43,76.44,2832300,2025-12-30T03:44:48Z
DHR,2008-07-10,23.81,23.86,23.48,23.55,7317602,76.16,76.31,75.12,75.32,2287500,2025-12-30T03:44:48Z
DHR,2008-07-11,23.47,23.8,23.22,23.5,10077013,75.07,76.13,74.29,75.16,3150100,2025-12-30T03:44:48Z
DHR,2008-07-14,23.53,24.09,23.33,23.79,5952934,75.28,77.05,74.62,76.11,1860900,2025-12-30T03:44:48Z
DHR,2008-07-15,23.27,23.48,22.79,23.33,13275351,74.43,75.11,72.9,74.64,4149900,2025-12-30T03:44:48Z
DHR,2008-07-16,23.82,23.91,22.87,23.19,14729918,76.21,76.5,73.17,74.19,4604600,2025-12-30T03:44:48Z
DHR,2008-07-17,25.29,25.61,24.5,24.5,19667813,80.9,81.91,78.38,78.38,6148200,2025-12-30T03:44:48Z
DHR,2008-07-18,25.75,26.08,25.06,25.3,12087886,82.37,83.44,80.15,80.93,3778700,2025-12-30T03:44:48Z
DHR,2008-07-21,25.42,25.8,25.23,25.8,10168177,81.32,82.54,80.72,82.54,3178600,2025-12-30T03:44:48Z
DHR,2008-07-22,25.73,25.94,25.27,25.42,11406185,82.31,82.97,80.85,81.33,3565600,2025-12-30T03:44:48Z
DHR,2008-07-23,25.26,25.67,25.03,25.48,9750713,80.79,82.13,80.07,81.51,3048100,2025-12-30T03:44:48Z
DHR,2008-07-24,24.9,25.37,24.85,25.12,6472773,79.64,81.16,79.49,80.35,2023400,2025-12-30T03:44:48Z
DHR,2008-07-25,25.36,25.42,24.86,24.9,7013076,81.14,81.31,79.54,79.64,2192300,2025-12-30T03:44:48Z
DHR,2008-07-28,25.11,25.46,25.06,25.18,7033548,80.33,81.45,80.18,80.55,2198700,2025-12-30T03:44:48Z
DHR,2008-07-29,25.31,25.53,25.11,25.11,6368479,80.96,81.66,80.33,80.33,1990800,2025-12-30T03:44:48Z
DHR,2008-07-30,25.41,25.59,25.07,25.5,6772831,81.3,81.86,80.19,81.57,2117200,2025-12-30T03:44:48Z
DHR,2008-07-31,24.9,25.35,24.87,25.2,7309291,79.65,81.1,79.57,80.61,2284900,2025-12-30T03:44:48Z
DHR,2008-08-01,25.21,25.36,24.94,24.98,7735701,80.63,81.13,79.79,79.9,2418200,2025-12-30T03:44:48Z
DHR,2008-08-04,25.12,25.42,25.01,25.23,5256514,80.35,81.33,80,80.7,1643200,2025-12-30T03:44:48Z
DHR,2008-08-05,25.8,25.8,25.26,25.33,8249767,82.54,82.54,80.8,81.03,2578900,2025-12-30T03:44:48Z
DHR,2008-08-06,25.74,25.92,25.3,25.64,7596243,82.33,82.92,80.92,82.01,2374600,2025-12-30T03:44:48Z
DHR,2008-08-07,25.75,26.08,25.33,25.53,7066488,82.37,83.42,81.04,81.67,2209000,2025-12-30T03:44:48Z
DHR,2008-08-08,26.09,26.26,25.59,25.59,6416142,83.46,84,81.86,81.86,2005700,2025-12-30T03:44:48Z
DHR,2008-08-11,26.05,26.44,25.85,26.1,5829138,83.33,84.58,82.7,83.49,1822200,2025-12-30T03:44:48Z
DHR,2008-08-12,25.94,26.07,25.66,25.97,4945905,82.99,83.41,82.08,83.06,1546100,2025-12-30T03:44:48Z
DHR,2008-08-13,26.03,26.13,25.54,25.9,4712369,83.26,83.6,81.71,82.84,1473100,2025-12-30T03:44:48Z
DHR,2008-08-14,26.41,26.53,25.72,25.82,9553996,84.49,84.88,82.27,82.59,2986600,2025-12-30T03:44:48Z
DHR,2008-08-15,26.23,26.57,26.17,26.51,7434358,83.91,85,83.72,84.81,2324000,2025-12-30T03:44:48Z
DHR,2008-08-18,26.06,26.41,25.94,26.37,4857603,83.35,84.49,82.99,84.34,1518500,2025-12-30T03:44:48Z
DHR,2008-08-19,25.55,26.03,25.44,25.82,4801305,81.72,83.28,81.37,82.6,1500900,2025-12-30T03:44:48Z
DHR,2008-08-20,25.56,25.66,25.24,25.56,3876809,81.78,82.09,80.73,81.75,1211900,2025-12-30T03:44:48Z
DHR,2008-08-21,25.73,25.79,25.26,25.42,4273154,82.32,82.51,80.79,81.32,1335800,2025-12-30T03:44:48Z
DHR,2008-08-22,25.74,26.09,25.68,25.83,5568090,82.35,83.45,82.14,82.63,1740600,2025-12-30T03:44:48Z
DHR,2008-08-25,25.25,25.85,25.17,25.42,3100748,80.77,82.68,80.5,81.3,969300,2025-12-30T03:44:48Z
DHR,2008-08-26,25.32,25.39,25.05,25.28,4305155,80.99,81.22,80.13,80.88,1345800,2025-12-30T03:44:48Z
DHR,2008-08-27,25.34,25.49,25.22,25.4,2993255,81.07,81.55,80.66,81.25,935700,2025-12-30T03:44:48Z
DHR,2008-08-28,25.63,25.74,25.47,25.48,4775081,81.99,82.33,81.47,81.5,1492700,2025-12-30T03:44:48Z
DHR,2008-08-29,25.5,25.67,25.46,25.54,4391195,81.57,82.13,81.43,81.69,1372700,2025-12-30T03:44:48Z
DHR,2008-09-02,25.47,26,25.39,25.71,4436632,81.49,83.16,81.22,82.25,1386900,2025-12-30T03:44:48Z
DHR,2008-09-03,25.24,25.68,24.99,25.39,4853450,80.75,82.14,79.95,81.22,1517200,2025-12-30T03:44:48Z
DHR,2008-09-04,24.24,25,24.08,24.97,6953894,77.55,79.98,77.02,79.89,2173800,2025-12-30T03:44:48Z
DHR,2008-09-05,24.3,24.38,23.99,24.07,4662473,77.75,77.98,76.75,77.01,1457500,2025-12-30T03:44:48Z
DHR,2008-09-08,24.51,25.01,24.33,24.75,7958349,78.41,80.01,77.84,79.17,2487800,2025-12-30T03:44:48Z
DHR,2008-09-09,23.81,24.7,23.81,24.58,5760983,76.17,79,76.15,78.62,1800900,2025-12-30T03:44:48Z
DHR,2008-09-10,24.13,24.34,23.81,23.93,4653835,77.19,77.87,76.16,76.54,1454800,2025-12-30T03:44:48Z
DHR,2008-09-11,24.44,24.45,23.76,23.88,5334563,78.17,78.21,76,76.38,1667600,2025-12-30T03:44:48Z
DHR,2008-09-12,24.04,24.19,23.66,23.86,9310228,76.91,77.37,75.68,76.31,2910400,2025-12-30T03:44:48Z
DHR,2008-09-15,23.39,23.92,23.35,23.45,8368465,74.81,76.53,74.68,75.01,2616000,2025-12-30T03:44:48Z
DHR,2008-09-16,23.86,24.07,22.95,22.95,10025218,76.33,77,73.41,73.41,3133900,2025-12-30T03:44:48Z
DHR,2008-09-17,23.26,23.9,23.14,23.41,9774412,74.4,76.46,74.01,74.89,3055500,2025-12-30T03:44:48Z
DHR,2008-09-18,23.95,24.06,22.68,23.45,10460567,76.6,76.98,72.54,75.02,3270000,2025-12-30T03:44:48Z
DHR,2008-09-19,24.34,24.78,23.76,24.74,9593038,77.86,79.27,75.99,79.15,2998800,2025-12-30T03:44:48Z
DHR,2008-09-22,23.36,24.25,23.33,24.07,3521412,74.74,77.57,74.64,77,1100800,2025-12-30T03:44:48Z
DHR,2008-09-23,22.28,23.63,22.21,23.27,8757140,71.28,75.59,71.05,74.45,2737500,2025-12-30T03:44:48Z
DHR,2008-09-24,22.47,22.51,21.74,22.3,7960104,71.85,71.98,69.53,71.3,2489400,2025-12-30T03:44:48Z
DHR,2008-09-25,22.18,22.66,22.08,22.52,6257407,70.91,72.47,70.61,72.01,1956900,2025-12-30T03:44:48Z
DHR,2008-09-26,22.2,22.24,21.38,21.9,6618413,70.98,71.11,68.37,70.02,2069800,2025-12-30T03:44:48Z
DHR,2008-09-29,21.34,22.08,21.09,21.81,7992112,68.24,70.59,67.44,69.75,2499400,2025-12-30T03:44:48Z
DHR,2008-09-30,21.7,21.82,21.22,21.82,7481429,69.4,69.78,67.86,69.78,2339700,2025-12-30T03:44:48Z
DHR,2008-10-01,21.43,21.96,21,21.72,6997944,68.53,70.23,67.15,69.46,2188500,2025-12-30T03:44:48Z
DHR,2008-10-02,20.31,21.37,20.14,21.28,10161338,64.94,68.33,64.39,68.03,3177800,2025-12-30T03:44:48Z
DHR,2008-10-03,19.59,20.95,19.42,20.72,12942608,62.63,66.99,62.08,66.26,4047600,2025-12-30T03:44:48Z
DHR,2008-10-06,19.23,19.39,18.25,19.1,14512685,61.5,62.01,58.34,61.08,4538600,2025-12-30T03:44:48Z
DHR,2008-10-07,18.12,19.76,18.03,19.35,10868048,57.95,63.18,57.64,61.87,3398800,2025-12-30T03:44:48Z
DHR,2008-10-08,17.71,18.84,17.62,17.62,13839210,56.64,60.25,56.33,56.33,4328000,2025-12-30T03:44:48Z
DHR,2008-10-09,16.64,18.2,16.58,17.76,10983156,53.2,58.18,53.01,56.78,3434800,2025-12-30T03:44:48Z
DHR,2008-10-10,17.47,18.49,15.34,15.58,21838357,55.85,59.12,49.06,49.83,6829600,2025-12-30T03:44:48Z
DHR,2008-10-13,19.28,19.28,17.67,18.07,11286561,61.66,61.66,56.5,57.79,3529700,2025-12-30T03:44:48Z
DHR,2008-10-14,18.83,20.32,18.56,19.42,12225067,60.22,64.97,59.33,62.09,3823200,2025-12-30T03:44:48Z
DHR,2008-10-15,16.89,18.73,16.89,18.73,15337676,54.01,59.88,54.01,59.88,4796600,2025-12-30T03:44:48Z
DHR,2008-10-16,18.22,18.31,16.5,16.85,16285696,58.27,58.55,52.75,53.89,5093100,2025-12-30T03:44:48Z
DHR,2008-10-17,17.64,18.63,17.33,17.51,13029924,56.4,59.58,55.42,56,4074900,2025-12-30T03:44:48Z
DHR,2008-10-20,17.83,17.94,17.25,17.64,15816602,57,57.37,55.17,56.41,4946400,2025-12-30T03:44:48Z
DHR,2008-10-21,18.17,18.77,17.58,17.72,13562629,58.1,60.02,56.22,56.66,4241500,2025-12-30T03:44:48Z
DHR,2008-10-22,17.78,18.15,17.25,17.75,14742259,56.85,58.03,55.15,56.74,4610400,2025-12-30T03:44:48Z
DHR,2008-10-23,17.38,18.22,16.62,17.87,13493914,55.58,58.27,53.13,57.13,4220000,2025-12-30T03:44:48Z
DHR,2008-10-24,16.97,17.52,15.64,15.65,11191282,54.26,56.03,50.01,50.03,3499900,2025-12-30T03:44:48Z
DHR,2008-10-27,16.5,17.4,16.49,16.9,9299264,52.76,55.63,52.73,54.05,2908200,2025-12-30T03:44:48Z
DHR,2008-10-28,17.82,17.83,16.02,16.77,10909243,56.97,57,51.23,53.64,3411700,2025-12-30T03:44:48Z
DHR,2008-10-29,17.76,18.42,17.29,17.67,8851933,56.79,58.9,55.29,56.5,2768300,2025-12-30T03:44:48Z
DHR,2008-10-30,18.25,18.5,17.9,18.14,8317604,58.36,59.15,57.24,58,2601200,2025-12-30T03:44:48Z
DHR,2008-10-31,18.53,18.76,17.88,18.18,9165928,59.24,60,57.18,58.13,2866500,2025-12-30T03:44:48Z
DHR,2008-11-03,18.64,18.82,18.45,18.58,6389138,59.59,60.19,58.98,59.42,1998100,2025-12-30T03:44:48Z
DHR,2008-11-04,19.48,19.64,18.93,19.21,7931041,62.28,62.79,60.52,61.42,2480300,2025-12-30T03:44:48Z
DHR,2008-11-05,18.58,19.72,18.55,19.36,10154631,59.4,63.04,59.3,61.91,3175700,2025-12-30T03:44:48Z
DHR,2008-11-06,17.57,18.69,17.46,18.62,9313691,56.19,59.76,55.83,59.54,2912700,2025-12-30T03:44:48Z
DHR,2008-11-07,17.86,18.07,17.5,17.72,6247158,57.12,57.79,55.95,56.65,1953700,2025-12-30T03:44:48Z
DHR,2008-11-10,17.84,18.4,17.59,18.2,4865798,57.05,58.83,56.24,58.2,1521700,2025-12-30T03:44:48Z
DHR,2008-11-11,17.4,17.71,17.16,17.53,6553826,55.64,56.64,54.86,56.04,2049600,2025-12-30T03:44:48Z
DHR,2008-11-12,16.7,17.26,16.58,16.97,7118834,53.4,55.19,53,54.25,2226300,2025-12-30T03:44:48Z
DHR,2008-11-13,17.75,17.79,16.23,16.64,10120439,56.75,56.87,51.89,53.21,3165000,2025-12-30T03:44:48Z
DHR,2008-11-14,16.86,17.75,16.86,17.36,7609351,53.92,56.77,53.92,55.5,2379700,2025-12-30T03:44:48Z
DHR,2008-11-17,16.49,17.04,16.42,16.71,8078736,52.73,54.5,52.49,53.42,2526500,2025-12-30T03:44:48Z
DHR,2008-11-18,16.91,17.02,16.27,16.5,9114769,54.06,54.42,52.02,52.77,2850500,2025-12-30T03:44:48Z
DHR,2008-11-19,16.09,17.01,16.03,16.83,9173292,51.45,54.39,51.27,53.81,2868800,2025-12-30T03:44:48Z
DHR,2008-11-20,15.47,16.64,15.32,15.95,13873437,49.47,53.21,49,51,4338700,2025-12-30T03:44:48Z
DHR,2008-11-21,16.56,16.58,15.29,15.92,11341926,52.94,53.03,48.9,50.9,3547000,2025-12-30T03:44:48Z
DHR,2008-11-24,17.46,18.01,16.73,16.92,12368649,55.82,57.59,53.5,54.1,3868100,2025-12-30T03:44:48Z
DHR,2008-11-25,17.4,18.01,17.01,17.77,8003623,55.64,57.58,54.39,56.83,2503000,2025-12-30T03:44:48Z
DHR,2008-11-26,16.88,17.34,16.73,17.11,14718868,53.97,55.44,53.48,54.71,4603100,2025-12-30T03:44:48Z
DHR,2008-11-28,17.4,17.44,16.76,16.83,5390215,55.64,55.78,53.6,53.8,1685700,2025-12-30T03:44:48Z
DHR,2008-12-01,15.81,16.9,15.79,16.66,10554317,50.55,54.03,50.48,53.28,3300700,2025-12-30T03:44:48Z
DHR,2008-12-02,15.55,16.08,15.34,15.99,15141927,49.73,51.4,49.04,51.14,4735400,2025-12-30T03:44:48Z
DHR,2008-12-03,15.95,15.96,14.93,15.23,15319687,51.01,51.04,47.74,48.7,4791000,2025-12-30T03:44:48Z
DHR,2008-12-04,15.52,16.12,15.29,15.73,10578314,49.63,51.54,48.88,50.31,3308200,2025-12-30T03:44:48Z
DHR,2008-12-05,15.74,15.87,14.76,15.51,8922302,50.33,50.73,47.2,49.59,2790300,2025-12-30T03:44:48Z
DHR,2008-12-08,16.25,16.59,15.81,15.92,10016844,51.96,53.04,50.55,50.9,3132600,2025-12-30T03:44:48Z
DHR,2008-12-09,15.57,16.13,15.29,15.5,15996375,49.78,51.56,48.9,49.57,5002600,2025-12-30T03:44:48Z
DHR,2008-12-10,16.01,16.14,15.79,15.79,8858630,51.2,51.62,50.48,50.49,2770400,2025-12-30T03:44:48Z
DHR,2008-12-11,15.54,16.02,15.37,15.88,10385210,49.68,51.23,49.15,50.78,3247800,2025-12-30T03:44:48Z
DHR,2008-12-12,15.87,16.03,14.97,15.23,14565052,50.75,51.25,47.88,48.69,4555000,2025-12-30T03:44:48Z
DHR,2008-12-15,15.8,16.03,15.6,15.93,9052716,50.52,51.25,49.89,50.94,2831100,2025-12-30T03:44:48Z
DHR,2008-12-16,16.98,17.12,15.74,15.88,12404800,54.28,54.74,50.34,50.79,3879400,2025-12-30T03:44:48Z
DHR,2008-12-17,16.88,17.15,16.63,16.81,9128204,53.96,54.84,53.19,53.74,2854700,2025-12-30T03:44:48Z
DHR,2008-12-18,17.21,17.36,16.75,16.87,11985613,55.02,55.5,53.57,53.93,3748300,2025-12-30T03:44:48Z
DHR,2008-12-19,17.22,17.58,17.09,17.39,8209862,55.06,56.2,54.66,55.62,2567500,2025-12-30T03:44:48Z
DHR,2008-12-22,17.03,17.29,16.74,17.26,6446064,54.47,55.29,53.54,55.2,2015900,2025-12-30T03:44:48Z
DHR,2008-12-23,16.92,17.38,16.76,17.29,7382422,54.08,55.54,53.57,55.26,2310000,2025-12-30T03:44:48Z
DHR,2008-12-24,17.11,17.17,16.83,16.91,2089760,54.69,54.87,53.8,54.04,653900,2025-12-30T03:44:48Z
DHR,2008-12-26,17.13,17.17,16.97,17.13,2115330,54.75,54.87,54.24,54.73,661900,2025-12-30T03:44:48Z
DHR,2008-12-29,17.08,17.19,16.76,17.07,5426877,54.6,54.93,53.57,54.55,1698100,2025-12-30T03:44:48Z
DHR,2008-12-30,17.4,17.45,17.08,17.15,5947151,55.61,55.77,54.59,54.8,1860900,2025-12-30T03:44:48Z
DHR,2008-12-31,17.71,17.8,17.4,17.4,6245004,56.61,56.9,55.62,55.62,1954100,2025-12-30T03:44:48Z
DHR,2009-01-02,18.09,18.14,17.51,17.7,5951289,57.8,57.98,55.95,56.56,1862200,2025-12-30T03:44:48Z
DHR,2009-01-05,17.81,18.02,17.62,17.96,7246913,56.91,57.59,56.31,57.41,2267600,2025-12-30T03:44:48Z
DHR,2009-01-06,18.07,18.26,17.82,17.85,6039830,57.75,58.34,56.94,57.05,1889900,2025-12-30T03:44:48Z
DHR,2009-01-07,17.59,17.89,17.5,17.76,7777728,56.2,57.17,55.94,56.76,2433700,2025-12-30T03:44:48Z
DHR,2009-01-08,17.38,17.54,17.08,17.54,6964390,55.54,56.06,54.59,56.06,2179200,2025-12-30T03:44:48Z
DHR,2009-01-09,17.09,17.58,16.98,17.49,5123251,54.62,56.18,54.26,55.88,1603100,2025-12-30T03:44:48Z
DHR,2009-01-12,17.08,17.15,16.92,17.06,5289761,54.58,54.8,54.06,54.51,1655200,2025-12-30T03:44:48Z
DHR,2009-01-13,16.59,17.05,16.37,16.98,9821180,53.01,54.49,52.32,54.27,3073100,2025-12-30T03:44:48Z
DHR,2009-01-14,16.56,16.75,16.28,16.38,8080713,52.91,53.54,52.03,52.36,2528500,2025-12-30T03:44:48Z
DHR,2009-01-15,16.94,17.04,16.28,16.64,7549545,54.13,54.46,52.03,53.17,2362300,2025-12-30T03:44:48Z
DHR,2009-01-16,16.88,17.26,16.61,17.18,7318475,53.93,55.17,53.1,54.9,2290000,2025-12-30T03:44:48Z
DHR,2009-01-20,16.14,16.88,16.11,16.76,8316236,51.57,53.94,51.49,53.57,2602200,2025-12-30T03:44:48Z
DHR,2009-01-21,16.34,16.38,15.88,16.28,8080394,52.22,52.35,50.74,52.04,2528400,2025-12-30T03:44:48Z
DHR,2009-01-22,16.19,16.37,15.81,16.11,6776163,51.74,52.31,50.52,51.49,2120300,2025-12-30T03:44:48Z
DHR,2009-01-23,16.07,16.27,15.65,15.92,9982834,51.35,51.99,50,50.89,3123700,2025-12-30T03:44:48Z
DHR,2009-01-26,17.56,17.87,16.68,16.71,18159142,56.12,57.12,53.32,53.4,5682100,2025-12-30T03:44:48Z
DHR,2009-01-27,17.92,17.97,17.33,17.61,10413663,57.27,57.43,55.39,56.27,3258500,2025-12-30T03:44:48Z
DHR,2009-01-28,18.06,18.25,17.93,18.2,8283295,57.73,58.32,57.31,58.15,2591900,2025-12-30T03:44:48Z
DHR,2009-01-29,17.74,17.98,17.54,17.8,6729162,56.69,57.46,56.04,56.89,2105600,2025-12-30T03:44:48Z
DHR,2009-01-30,17.5,17.82,17.37,17.65,7479228,55.93,56.94,55.51,56.42,2340300,2025-12-30T03:44:48Z
DHR,2009-02-02,17.39,17.53,17.15,17.3,7670027,55.58,56.03,54.82,55.3,2400000,2025-12-30T03:44:48Z
DHR,2009-02-03,17.57,17.67,17.22,17.49,6313718,56.16,56.46,55.02,55.91,1975600,2025-12-30T03:44:48Z
DHR,2009-02-04,17.67,17.99,17.51,17.59,8393590,56.46,57.5,55.97,56.22,2626400,2025-12-30T03:44:48Z
DHR,2009-02-05,18.14,18.23,17.4,17.51,8519469,57.97,58.25,55.62,55.95,2665800,2025-12-30T03:44:48Z
DHR,2009-02-06,18.32,18.46,18,18.11,7660128,58.54,59,57.52,57.88,2396900,2025-12-30T03:44:48Z
DHR,2009-02-09,18.12,18.44,17.99,18.27,7801704,57.92,58.93,57.49,58.39,2441200,2025-12-30T03:44:48Z
DHR,2009-02-10,17.49,18.23,17.38,17.94,7417877,55.89,58.27,55.54,57.33,2321100,2025-12-30T03:44:48Z
DHR,2009-02-11,17.64,17.82,17.46,17.55,6884799,56.38,56.96,55.79,56.1,2154300,2025-12-30T03:44:48Z
DHR,2009-02-12,17.64,17.65,17.15,17.35,5742624,56.36,56.42,54.8,55.45,1796900,2025-12-30T03:44:48Z
DHR,2009-02-13,17.64,17.95,17.55,17.64,5327785,56.38,57.36,56.08,56.38,1667100,2025-12-30T03:44:48Z
DHR,2009-02-17,16.9,17.23,16.63,17.01,8669696,54.02,55.05,53.14,54.37,2712800,2025-12-30T03:44:48Z
DHR,2009-02-18,16.86,17.02,16.59,16.91,10224147,53.89,54.39,53.03,54.04,3199200,2025-12-30T03:44:48Z
DHR,2009-02-19,16.65,17.1,16.6,16.86,9038487,53.2,54.65,53.05,53.88,2828200,2025-12-30T03:44:48Z
DHR,2009-02-20,16.41,16.93,16.05,16.38,11226044,52.44,54.11,51.29,52.36,3512700,2025-12-30T03:44:48Z
DHR,2009-02-23,16.06,16.69,16.01,16.55,10255475,51.33,53.34,51.17,52.89,3209000,2025-12-30T03:44:48Z
DHR,2009-02-24,16.46,16.51,15.96,16.17,8111676,52.59,52.75,51,51.68,2538200,2025-12-30T03:44:48Z
DHR,2009-02-25,16.25,16.55,15.96,16.33,8655934,51.93,52.9,51.01,52.2,2708500,2025-12-30T03:44:48Z
DHR,2009-02-26,16.1,16.55,16.06,16.34,7352664,51.45,52.88,51.32,52.21,2300700,2025-12-30T03:44:48Z
DHR,2009-02-27,15.88,16.06,15.71,15.87,12298863,50.76,51.31,50.21,50.73,3848400,2025-12-30T03:44:48Z
DHR,2009-03-02,15.29,16.04,15.25,15.79,11587498,48.85,51.25,48.73,50.46,3625800,2025-12-30T03:44:48Z
DHR,2009-03-03,15.55,15.87,15.26,15.47,10248762,49.71,50.72,48.77,49.43,3206900,2025-12-30T03:44:48Z
DHR,2009-03-04,16.26,16.6,15.74,15.74,13220218,51.97,53.04,50.29,50.29,4136700,2025-12-30T03:44:48Z
DHR,2009-03-05,15.55,16.31,15.43,15.88,11553650,49.7,52.13,49.32,50.74,3615200,2025-12-30T03:44:48Z
DHR,2009-03-06,15.43,15.89,15.08,15.67,12572113,49.31,50.78,48.19,50.09,3933900,2025-12-30T03:44:48Z
DHR,2009-03-09,15.03,15.39,14.94,15.19,11428327,48.03,49.18,47.73,48.55,3576000,2025-12-30T03:44:48Z
DHR,2009-03-10,15.99,16.01,15.22,15.33,16943362,51.11,51.15,48.65,49,5301700,2025-12-30T03:44:48Z
DHR,2009-03-11,16.31,16.44,15.86,15.94,13542099,52.12,52.53,50.68,50.95,4237400,2025-12-30T03:44:48Z
DHR,2009-03-12,17.03,17.11,16.15,16.26,15956495,54.42,54.67,51.61,51.95,4992900,2025-12-30T03:44:48Z
DHR,2009-03-13,16.93,17.08,16.69,17.03,8517224,54.11,54.57,53.33,54.42,2665100,2025-12-30T03:44:48Z
DHR,2009-03-16,16.91,17.27,16.83,16.83,11103617,54.04,55.18,53.77,53.77,3474400,2025-12-30T03:44:48Z
DHR,2009-03-17,17.29,17.29,16.67,16.75,7576400,55.26,55.26,53.26,53.54,2370700,2025-12-30T03:44:48Z
DHR,2009-03-18,17.52,17.77,17.01,17.62,16687434,55.99,56.78,54.35,56.31,5221600,2025-12-30T03:44:48Z
DHR,2009-03-19,17.13,17.79,17.1,17.68,15049838,54.73,56.84,54.64,56.49,4709200,2025-12-30T03:44:48Z
DHR,2009-03-20,16.77,17.31,16.64,17.21,10393870,53.6,55.31,53.17,55.01,3252300,2025-12-30T03:44:48Z
DHR,2009-03-23,17.58,17.62,16.98,17.13,12148656,56.18,56.3,54.25,54.74,3801400,2025-12-30T03:44:48Z
DHR,2009-03-24,17.26,17.51,17.16,17.4,6724714,55.15,55.97,54.84,55.6,2104200,2025-12-30T03:44:48Z
DHR,2009-03-25,17.4,17.81,17,17.28,7551490,55.58,56.9,54.29,55.18,2364200,2025-12-30T03:44:48Z
DHR,2009-03-26,17.67,17.74,17.31,17.66,12146257,56.43,56.67,55.29,56.41,3802700,2025-12-30T03:44:48Z
DHR,2009-03-27,17.36,17.62,17.22,17.47,6478304,55.44,56.27,54.99,55.79,2028200,2025-12-30T03:44:48Z
DHR,2009-03-30,16.86,17.1,16.72,17.04,7723340,53.85,54.62,53.39,54.41,2418000,2025-12-30T03:44:48Z
DHR,2009-03-31,16.98,17.3,16.77,17.26,8519948,54.22,55.26,53.56,55.13,2667400,2025-12-30T03:44:48Z
DHR,2009-04-01,16.44,16.57,16.02,16.29,15931285,52.51,52.92,51.18,52.02,4987700,2025-12-30T03:44:48Z
DHR,2009-04-02,17.04,17.36,16.73,16.84,12028386,54.42,55.45,53.42,53.78,3765800,2025-12-30T03:44:48Z
DHR,2009-04-03,16.86,16.94,16.7,16.85,7165982,53.84,54.12,53.33,53.81,2243500,2025-12-30T03:44:48Z
DHR,2009-04-06,16.92,16.96,16.61,16.66,7261175,54.05,54.18,53.06,53.21,2273300,2025-12-30T03:44:48Z
DHR,2009-04-07,16.53,16.85,16.5,16.84,6674105,52.8,53.82,52.69,53.78,2089500,2025-12-30T03:44:48Z
DHR,2009-04-08,16.57,16.71,16.4,16.53,6003638,52.93,53.37,52.38,52.8,1879600,2025-12-30T03:44:48Z
DHR,2009-04-09,17.71,17.79,17.1,17.18,9477892,56.58,56.83,54.63,54.87,2967300,2025-12-30T03:44:48Z
DHR,2009-04-13,17.43,17.56,17.2,17.53,6887448,55.68,56.1,54.94,55.99,2156300,2025-12-30T03:44:48Z
DHR,2009-04-14,17.04,17.36,16.97,17.23,7691102,54.42,55.45,54.21,55.04,2407900,2025-12-30T03:44:48Z
DHR,2009-04-15,16.77,17.07,16.67,16.89,8739394,53.55,54.53,53.23,53.94,2736100,2025-12-30T03:44:48Z
DHR,2009-04-16,17.19,17.26,16.69,16.84,11952342,54.91,55.14,53.32,53.8,3742000,2025-12-30T03:44:48Z
DHR,2009-04-17,17.27,17.33,16.97,17.26,9398344,55.16,55.35,54.21,55.14,2942400,2025-12-30T03:44:48Z
DHR,2009-04-20,16.65,17.11,16.58,17.03,6243512,53.19,54.65,52.96,54.4,1954700,2025-12-30T03:44:48Z
DHR,2009-04-21,17.02,17.06,16.53,16.53,6718159,54.36,54.48,52.8,52.8,2103300,2025-12-30T03:44:48Z
DHR,2009-04-22,17.23,17.68,16.8,16.9,8374644,55.04,56.46,53.66,53.98,2621900,2025-12-30T03:44:48Z
DHR,2009-04-23,18.17,18.23,17.29,17.29,15287274,58.04,58.24,55.24,55.24,4786100,2025-12-30T03:44:48Z
DHR,2009-04-24,18.92,19.03,18.19,18.3,12470450,60.43,60.78,58.1,58.45,3904200,2025-12-30T03:44:48Z
DHR,2009-04-27,18.32,18.68,18.18,18.59,9281752,58.5,59.68,58.08,59.39,2905900,2025-12-30T03:44:48Z
DHR,2009-04-28,18,18.23,17.91,18.06,7221244,57.5,58.23,57.19,57.67,2260800,2025-12-30T03:44:48Z
DHR,2009-04-29,18.47,18.62,18.13,18.17,5684880,59,59.46,57.91,58.04,1779800,2025-12-30T03:44:48Z
DHR,2009-04-30,18.3,18.72,18.1,18.53,10335469,58.44,59.8,57.82,59.18,3235800,2025-12-30T03:44:48Z
DHR,2009-05-01,18.53,18.65,18.05,18.28,6588807,59.19,59.56,57.64,58.39,2062800,2025-12-30T03:44:48Z
DHR,2009-05-04,19.2,19.2,18.31,18.55,7288968,61.34,61.34,58.49,59.25,2282000,2025-12-30T03:44:48Z
DHR,2009-05-05,19.51,19.55,19.07,19.18,7939929,62.33,62.44,60.9,61.25,2485800,2025-12-30T03:44:48Z
DHR,2009-05-06,19.46,19.65,19.16,19.64,7120315,62.15,62.75,61.21,62.73,2229200,2025-12-30T03:44:48Z
DHR,2009-05-07,19.1,19.66,18.92,19.66,7085797,61,62.8,60.42,62.8,2218400,2025-12-30T03:44:48Z
DHR,2009-05-08,19.22,19.41,18.93,19.24,6277709,61.38,62,60.48,61.45,1965400,2025-12-30T03:44:48Z
DHR,2009-05-11,18.92,19.14,18.81,18.99,4859503,60.42,61.12,60.09,60.64,1521400,2025-12-30T03:44:48Z
DHR,2009-05-12,18.82,19.02,18.52,18.95,5462888,60.1,60.74,59.17,60.53,1710300,2025-12-30T03:44:48Z
DHR,2009-05-13,18.27,18.53,18.11,18.53,5312750,58.36,59.19,57.83,59.19,1663300,2025-12-30T03:44:48Z
DHR,2009-05-14,18.2,18.42,18.14,18.24,5414339,58.12,58.83,57.95,58.25,1695100,2025-12-30T03:44:48Z
DHR,2009-05-15,18.11,18.36,18.03,18.2,5999168,57.84,58.65,57.6,58.12,1878200,2025-12-30T03:44:48Z
DHR,2009-05-18,18.59,18.59,18.17,18.3,6777883,59.39,59.39,58.03,58.45,2122000,2025-12-30T03:44:48Z
DHR,2009-05-19,18.77,18.95,18.41,18.5,6716250,59.96,60.52,58.8,59.1,2102700,2025-12-30T03:44:48Z
DHR,2009-05-20,18.9,19.24,18.79,18.95,8376223,60.37,61.45,60,60.54,2622400,2025-12-30T03:44:48Z
DHR,2009-05-21,18.47,18.79,18.17,18.63,8292234,59,60.03,58.03,59.51,2596100,2025-12-30T03:44:48Z
DHR,2009-05-22,18.54,18.72,18.41,18.48,4589618,59.22,59.8,58.79,59.02,1436900,2025-12-30T03:44:48Z
DHR,2009-05-26,19.19,19.25,18.38,18.45,5979051,61.28,61.48,58.7,58.94,1871900,2025-12-30T03:44:48Z
DHR,2009-05-27,18.88,19.29,18.83,19.15,6975612,60.29,61.6,60.13,61.17,2183900,2025-12-30T03:44:48Z
DHR,2009-05-28,18.79,19.05,18.52,18.88,5926657,60.01,60.85,59.16,60.3,1855500,2025-12-30T03:44:48Z
DHR,2009-05-29,18.89,18.92,18.59,18.84,8547087,60.35,60.42,59.39,60.17,2675900,2025-12-30T03:44:48Z
DHR,2009-06-01,19.8,19.96,19.04,19.22,6576663,63.23,63.74,60.8,61.38,2059000,2025-12-30T03:44:48Z
DHR,2009-06-02,19.65,19.79,19.48,19.76,5655817,62.77,63.22,62.23,63.11,1770700,2025-12-30T03:44:48Z
DHR,2009-06-03,19.46,19.56,19.27,19.51,7461757,62.16,62.47,61.55,62.3,2336100,2025-12-30T03:44:48Z
DHR,2009-06-04,19.71,19.77,19.42,19.49,4591518,62.95,63.14,62.04,62.26,1437500,2025-12-30T03:44:48Z
DHR,2009-06-05,19.93,20.07,19.73,19.79,5096841,63.66,64.1,63.01,63.21,1595700,2025-12-30T03:44:48Z
DHR,2009-06-08,19.94,20.06,19.64,19.9,4641666,63.68,64.06,62.72,63.55,1453200,2025-12-30T03:44:48Z
DHR,2009-06-09,20.03,20.14,19.8,19.92,4576837,63.99,64.34,63.25,63.63,1432900,2025-12-30T03:44:48Z
DHR,2009-06-10,19.78,20.32,19.52,20.11,5297413,63.17,64.9,62.36,64.23,1658500,2025-12-30T03:44:48Z
DHR,2009-06-11,19.8,19.98,19.65,19.89,4308841,63.24,63.83,62.76,63.52,1349000,2025-12-30T03:44:48Z
DHR,2009-06-12,19.65,19.73,19.41,19.73,4652226,62.77,63.03,62,63.03,1456500,2025-12-30T03:44:48Z
DHR,2009-06-15,19.36,19.55,19.16,19.48,5754809,61.85,62.45,61.2,62.22,1801700,2025-12-30T03:44:48Z
DHR,2009-06-16,18.98,19.47,18.98,19.47,4381358,60.62,62.2,60.61,62.2,1371700,2025-12-30T03:44:48Z
DHR,2009-06-17,19.13,19.4,18.93,18.93,5354289,61.09,61.98,60.45,60.45,1676300,2025-12-30T03:44:48Z
DHR,2009-06-18,19.22,19.4,19.02,19.1,3124472,61.4,61.95,60.75,61.01,978200,2025-12-30T03:44:48Z
DHR,2009-06-19,19.16,19.45,19.13,19.38,4961732,61.2,62.13,61.11,61.91,1553400,2025-12-30T03:44:48Z
DHR,2009-06-22,18.62,19.05,18.62,19.05,4486110,59.47,60.84,59.47,60.84,1404500,2025-12-30T03:44:48Z
DHR,2009-06-23,18.63,18.73,18.48,18.68,4949579,59.5,59.81,59.01,59.67,1549600,2025-12-30T03:44:48Z
DHR,2009-06-24,18.88,19.14,18.72,18.8,5024345,60.27,61.1,59.75,60.03,1573800,2025-12-30T03:44:48Z
DHR,2009-06-25,19.33,19.38,18.72,18.76,5037109,61.72,61.87,59.76,59.9,1577800,2025-12-30T03:44:48Z
DHR,2009-06-26,19.66,19.73,19.04,19.18,8491396,62.76,62.98,60.79,61.23,2659800,2025-12-30T03:44:48Z
DHR,2009-06-29,19.66,19.83,19.55,19.6,4294535,62.77,63.29,62.4,62.58,1345200,2025-12-30T03:44:48Z
DHR,2009-06-30,19.34,19.72,19.19,19.66,6994441,61.74,62.96,61.26,62.75,2190900,2025-12-30T03:44:48Z
DHR,2009-07-01,19.16,19.55,19.1,19.48,7389020,61.17,62.42,60.98,62.2,2314500,2025-12-30T03:44:48Z
DHR,2009-07-02,18.68,19.11,18.61,18.95,8796263,59.62,61,59.41,60.51,2755300,2025-12-30T03:44:48Z
DHR,2009-07-06,18.63,18.63,18.35,18.5,7128210,59.48,59.48,58.59,59.06,2232800,2025-12-30T03:44:48Z
DHR,2009-07-07,18.16,18.7,18.13,18.7,6164380,57.98,59.69,57.88,59.69,1930900,2025-12-30T03:44:48Z
DHR,2009-07-08,18.09,18.33,17.87,18.2,7554738,57.76,58.52,57.04,58.1,2366400,2025-12-30T03:44:48Z
DHR,2009-07-09,18.2,18.29,18.09,18.17,3080437,58.09,58.39,57.76,58.02,964900,2025-12-30T03:44:48Z
DHR,2009-07-10,18.3,18.62,18.27,18.41,6871834,58.41,59.44,58.32,58.77,2152500,2025-12-30T03:44:48Z
DHR,2009-07-13,18.54,18.56,18.09,18.31,7173204,59.19,59.24,57.76,58.46,2246900,2025-12-30T03:44:48Z
DHR,2009-07-14,18.69,18.69,18.42,18.57,3643920,59.67,59.68,58.82,59.28,1141400,2025-12-30T03:44:48Z
DHR,2009-07-15,19.2,19.26,18.8,18.86,5337842,61.29,61.49,60.01,60.22,1672000,2025-12-30T03:44:48Z
DHR,2009-07-16,19.5,19.57,19.18,19.25,4721061,62.25,62.47,61.22,61.45,1478800,2025-12-30T03:44:48Z
DHR,2009-07-17,19.2,19.45,19.19,19.45,4684990,61.31,62.09,61.25,62.09,1467500,2025-12-30T03:44:48Z
DHR,2009-07-20,19.82,19.89,19.56,19.71,8090433,63.29,63.5,62.43,62.92,2534200,2025-12-30T03:44:48Z
DHR,2009-07-21,19.98,20.09,19.79,20.04,6092563,63.8,64.14,63.17,63.96,1908400,2025-12-30T03:44:48Z
DHR,2009-07-22,20.07,20.13,19.83,19.87,7217911,64.08,64.25,63.3,63.44,2260900,2025-12-30T03:44:48Z
DHR,2009-07-23,18.98,19.61,18.86,19.23,17703974,60.58,62.59,60.22,61.4,5545500,2025-12-30T03:44:48Z
DHR,2009-07-24,19.61,19.62,18.95,18.97,9883021,62.59,62.64,60.51,60.56,3095700,2025-12-30T03:44:48Z
DHR,2009-07-27,19.37,19.6,19.21,19.59,6362979,61.84,62.56,61.32,62.54,1993100,2025-12-30T03:44:48Z
DHR,2009-07-28,19,19.27,18.88,19.25,5249737,60.66,61.52,60.27,61.44,1644400,2025-12-30T03:44:48Z
DHR,2009-07-29,19.04,19.17,18.87,19.06,5501302,60.78,61.2,60.23,60.86,1723200,2025-12-30T03:44:48Z
DHR,2009-07-30,19.15,19.54,19.11,19.28,8833978,61.14,62.37,61.01,61.55,2767100,2025-12-30T03:44:48Z
DHR,2009-07-31,19.18,19.48,19,19,8772017,61.24,62.19,60.65,60.65,2747700,2025-12-30T03:44:48Z
DHR,2009-08-03,19.46,19.58,19.2,19.32,5845453,62.14,62.5,61.3,61.69,1831000,2025-12-30T03:44:48Z
DHR,2009-08-04,19.58,19.63,19.26,19.45,5126818,62.5,62.67,61.48,62.09,1605900,2025-12-30T03:44:48Z
DHR,2009-08-05,19.18,19.69,19.04,19.69,8790852,61.24,62.87,60.77,62.86,2753600,2025-12-30T03:44:48Z
DHR,2009-08-06,19.18,19.31,19.05,19.21,7117038,61.23,61.65,60.82,61.34,2229300,2025-12-30T03:44:48Z
DHR,2009-08-07,19.33,19.42,19.14,19.4,5559734,61.7,62,61.11,61.94,1741500,2025-12-30T03:44:48Z
DHR,2009-08-10,19.21,19.34,19.1,19.28,5739160,61.34,61.75,60.98,61.56,1797700,2025-12-30T03:44:48Z
DHR,2009-08-11,18.88,19.2,18.87,19.11,7288801,60.29,61.3,60.24,61,2283100,2025-12-30T03:44:48Z
DHR,2009-08-12,18.99,19.16,18.87,18.89,5100655,60.61,61.18,60.23,60.29,1597700,2025-12-30T03:44:48Z
DHR,2009-08-13,18.82,19.07,18.72,19.07,7618560,60.08,60.89,59.75,60.89,2386400,2025-12-30T03:44:48Z
DHR,2009-08-14,18.83,18.83,18.55,18.8,7392872,60.1,60.12,59.22,60.03,2315700,2025-12-30T03:44:48Z
DHR,2009-08-17,18.49,18.76,18.36,18.58,5555891,59.03,59.9,58.62,59.33,1740300,2025-12-30T03:44:48Z
DHR,2009-08-18,18.75,18.75,18.47,18.52,5862051,59.85,59.87,58.96,59.11,1836200,2025-12-30T03:44:48Z
DHR,2009-08-19,18.93,18.96,18.43,18.58,8409355,60.42,60.52,58.83,59.33,2634100,2025-12-30T03:44:48Z
DHR,2009-08-20,19.03,19.05,18.84,18.93,4673164,60.75,60.81,60.15,60.42,1463800,2025-12-30T03:44:48Z
DHR,2009-08-21,19.39,19.47,19.12,19.26,7103302,61.9,62.17,61.05,61.5,2225000,2025-12-30T03:44:48Z
DHR,2009-08-24,19.52,19.59,19.34,19.42,8176639,62.31,62.54,61.73,61.99,2561200,2025-12-30T03:44:48Z
DHR,2009-08-25,19.67,19.85,19.5,19.61,7677937,62.81,63.38,62.24,62.62,2405000,2025-12-30T03:44:48Z
DHR,2009-08-26,19.54,19.66,19.37,19.58,5248772,62.38,62.75,61.83,62.5,1644100,2025-12-30T03:44:48Z
DHR,2009-08-27,19.56,19.68,19.31,19.62,5380628,62.45,62.82,61.65,62.64,1685400,2025-12-30T03:44:48Z
DHR,2009-08-28,19.29,19.75,19.22,19.75,8582064,61.59,63.05,61.36,63.05,2688200,2025-12-30T03:44:48Z
DHR,2009-08-31,19.02,19.23,18.84,19.18,9058686,60.71,61.4,60.14,61.22,2837500,2025-12-30T03:44:48Z
DHR,2009-09-01,18.93,19.32,18.86,18.9,8264735,60.42,61.67,60.2,60.34,2588800,2025-12-30T03:44:48Z
DHR,2009-09-02,19.46,19.68,19.19,19.29,16141898,62.13,62.84,61.26,61.59,5056200,2025-12-30T03:44:48Z
DHR,2009-09-03,20.09,20.25,19.77,19.89,17495529,64.15,64.64,63.11,63.5,5480200,2025-12-30T03:44:48Z
DHR,2009-09-04,20.6,20.71,20.12,20.12,14259586,65.76,66.12,64.23,64.23,4466600,2025-12-30T03:44:48Z
DHR,2009-09-08,20.63,20.86,20.27,20.79,11860117,65.87,66.6,64.71,66.37,3715000,2025-12-30T03:44:48Z
DHR,2009-09-09,20.85,20.87,20.57,20.76,10745300,66.57,66.62,65.68,66.26,3365800,2025-12-30T03:44:48Z
DHR,2009-09-10,21.11,21.11,20.73,20.87,7980587,67.4,67.4,66.19,66.61,2499800,2025-12-30T03:44:48Z
DHR,2009-09-11,21.12,21.24,20.97,21.12,6691776,67.44,67.82,66.94,67.41,2096100,2025-12-30T03:44:48Z
DHR,2009-09-14,21.28,21.35,20.79,20.92,9355277,67.94,68.16,66.37,66.8,2930400,2025-12-30T03:44:48Z
DHR,2009-09-15,21.28,21.34,21.04,21.34,6973368,67.93,68.14,67.18,68.14,2184300,2025-12-30T03:44:48Z
DHR,2009-09-16,21.41,21.43,21.14,21.24,6263370,68.34,68.4,67.48,67.82,1961900,2025-12-30T03:44:48Z
DHR,2009-09-17,21.49,21.52,21.29,21.41,6259859,68.61,68.71,67.96,68.34,1960800,2025-12-30T03:44:48Z
DHR,2009-09-18,21.35,21.61,21.33,21.55,9054570,68.15,69,68.11,68.81,2836200,2025-12-30T03:44:48Z
DHR,2009-09-21,21.19,21.35,21.12,21.15,4975182,67.66,68.16,67.43,67.51,1558400,2025-12-30T03:44:48Z
DHR,2009-09-22,21.4,21.48,21.21,21.27,6440852,68.33,68.58,67.71,67.9,2017500,2025-12-30T03:44:48Z
DHR,2009-09-23,21.23,21.53,21.17,21.41,5815119,67.76,68.71,67.54,68.33,1822300,2025-12-30T03:44:48Z
DHR,2009-09-24,20.9,21.35,20.85,21.28,7435235,66.69,68.12,66.52,67.91,2330000,2025-12-30T03:44:48Z
DHR,2009-09-25,20.72,20.96,20.63,20.82,8629983,66.11,66.89,65.83,66.44,2704400,2025-12-30T03:44:48Z
DHR,2009-09-28,21.03,21.16,20.73,20.83,4141089,67.11,67.53,66.14,66.48,1297700,2025-12-30T03:44:48Z
DHR,2009-09-29,21.12,21.2,20.92,21.11,6438666,67.38,67.64,66.77,67.35,2017700,2025-12-30T03:44:48Z
DHR,2009-09-30,21.1,21.23,20.71,21.16,8203356,67.32,67.76,66.08,67.52,2570700,2025-12-30T03:44:48Z
DHR,2009-10-01,20.46,21,20.44,20.98,8624237,65.29,67,65.22,66.94,2702600,2025-12-30T03:44:48Z
DHR,2009-10-02,20.29,20.46,20.18,20.34,7482798,64.74,65.28,64.39,64.89,2344900,2025-12-30T03:44:48Z
DHR,2009-10-05,20.38,20.53,20.18,20.32,7442581,65.04,65.5,64.4,64.84,2332300,2025-12-30T03:44:48Z
DHR,2009-10-06,20.53,20.84,20.48,20.54,6788098,65.52,66.5,65.34,65.55,2127200,2025-12-30T03:44:48Z
DHR,2009-10-07,20.48,20.59,20.37,20.49,5660693,65.34,65.71,65.01,65.4,1773900,2025-12-30T03:44:48Z
DHR,2009-10-08,20.86,20.94,20.67,20.68,5984890,66.56,66.83,65.97,65.99,1875500,2025-12-30T03:44:48Z
DHR,2009-10-09,21.26,21.31,20.84,20.84,7016566,67.84,68,66.5,66.51,2198800,2025-12-30T03:44:48Z
DHR,2009-10-12,21.26,21.42,21.09,21.37,5280939,67.83,68.34,67.3,68.18,1654900,2025-12-30T03:44:48Z
DHR,2009-10-13,21.35,21.46,21.09,21.18,7399175,68.13,68.48,67.31,67.59,2318700,2025-12-30T03:44:48Z
DHR,2009-10-14,21.83,21.83,21.45,21.62,6191668,69.65,69.67,68.45,68.99,1940300,2025-12-30T03:44:48Z
DHR,2009-10-15,21.87,21.89,21.7,21.75,4698246,69.8,69.85,69.26,69.4,1472300,2025-12-30T03:44:48Z
DHR,2009-10-16,21.7,21.81,21.45,21.53,5500497,69.25,69.6,68.45,68.71,1723700,2025-12-30T03:44:48Z
DHR,2009-10-19,21.93,22.01,21.61,21.7,4771952,69.98,70.25,68.96,69.25,1495400,2025-12-30T03:44:48Z
DHR,2009-10-20,22.13,22.18,21.86,21.95,5704074,70.63,70.77,69.74,70.04,1787500,2025-12-30T03:44:48Z
DHR,2009-10-21,22.11,22.44,22.03,22.05,6856393,70.57,71.6,70.31,70.37,2148600,2025-12-30T03:44:48Z
DHR,2009-10-22,22.29,22.81,22.05,22.72,11565462,71.13,72.78,70.36,72.49,3624300,2025-12-30T03:44:48Z
DHR,2009-10-23,21.94,22.32,21.93,22.28,7168796,70,71.23,69.99,71.11,2246500,2025-12-30T03:44:48Z
DHR,2009-10-26,21.63,22.25,21.56,21.95,9662619,69.03,70.99,68.8,70.05,3028000,2025-12-30T03:44:48Z
DHR,2009-10-27,21.57,21.81,21.5,21.61,9499559,68.82,69.6,68.6,68.97,2976900,2025-12-30T03:44:48Z
DHR,2009-10-28,21.25,21.56,21.17,21.52,8270661,67.8,68.81,67.55,68.68,2591800,2025-12-30T03:44:48Z
DHR,2009-10-29,21.68,21.73,21.34,21.45,9288650,69.17,69.34,68.1,68.45,2910800,2025-12-30T03:44:48Z
DHR,2009-10-30,21.38,21.74,21.26,21.58,11159263,68.23,69.37,67.85,68.86,3497000,2025-12-30T03:44:48Z
DHR,2009-11-02,21.48,21.75,21.18,21.44,8869023,68.55,69.42,67.59,68.42,2779300,2025-12-30T03:44:48Z
DHR,2009-11-03,21.62,21.62,21.32,21.46,7091884,68.98,68.99,68.02,68.47,2222400,2025-12-30T03:44:48Z
DHR,2009-11-04,21.94,22.19,21.65,21.7,9617643,70,70.8,69.08,69.24,3013900,2025-12-30T03:44:48Z
DHR,2009-11-05,22.41,22.52,22.04,22.12,6361448,71.52,71.87,70.34,70.59,1993500,2025-12-30T03:44:48Z
DHR,2009-11-06,22.55,22.58,22.25,22.25,6380604,71.96,72.05,71,71,1999500,2025-12-30T03:44:48Z
DHR,2009-11-09,22.74,22.84,22.58,22.62,5536231,72.55,72.89,72.06,72.17,1734900,2025-12-30T03:44:48Z
DHR,2009-11-10,22.78,22.99,22.61,22.77,4671435,72.69,73.37,72.14,72.66,1463900,2025-12-30T03:44:48Z
DHR,2009-11-11,22.7,22.86,22.53,22.86,4761431,72.43,72.95,71.9,72.95,1492100,2025-12-30T03:44:48Z
DHR,2009-11-12,22.65,22.95,22.6,22.74,3899829,72.28,73.22,72.12,72.55,1222100,2025-12-30T03:44:48Z
DHR,2009-11-13,22.75,22.86,22.51,22.66,4731117,72.59,72.96,71.83,72.3,1482600,2025-12-30T03:44:48Z
DHR,2009-11-16,22.9,23.13,22.78,22.95,5077992,73.08,73.81,72.69,73.24,1591300,2025-12-30T03:44:48Z
DHR,2009-11-17,22.99,22.99,22.76,22.86,6127229,73.36,73.36,72.63,72.96,1920100,2025-12-30T03:44:48Z
DHR,2009-11-18,22.65,22.99,22.58,22.93,5227658,72.29,73.35,72.06,73.16,1638200,2025-12-30T03:44:48Z
DHR,2009-11-19,22.46,22.63,22.24,22.45,4371489,71.67,72.21,70.97,71.65,1369900,2025-12-30T03:44:48Z
DHR,2009-11-20,22.46,22.51,22.3,22.42,5270734,71.68,71.84,71.16,71.54,1651700,2025-12-30T03:44:48Z
DHR,2009-11-23,22.73,22.82,22.6,22.61,3953757,72.53,72.83,72.13,72.14,1239000,2025-12-30T03:44:48Z
DHR,2009-11-24,22.51,22.8,22.39,22.78,6607146,71.83,72.77,71.45,72.68,2070500,2025-12-30T03:44:48Z
DHR,2009-11-25,22.56,22.6,22.39,22.44,2663924,71.98,72.11,71.45,71.61,834800,2025-12-30T03:44:48Z
DHR,2009-11-27,22.3,22.5,21.94,22.09,3116416,71.17,71.8,70.02,70.5,976600,2025-12-30T03:44:48Z
DHR,2009-11-30,22.22,22.34,22.02,22.24,7776367,70.92,71.29,70.28,70.98,2436900,2025-12-30T03:44:48Z
DHR,2009-12-01,22.53,22.65,22.32,22.36,5877667,71.91,72.29,71.21,71.34,1841900,2025-12-30T03:44:48Z
DHR,2009-12-02,22.52,22.8,22.47,22.58,5001398,71.86,72.74,71.7,72.05,1567300,2025-12-30T03:44:48Z
DHR,2009-12-03,22.4,22.77,22.37,22.47,3735496,71.48,72.65,71.38,71.71,1170600,2025-12-30T03:44:48Z
DHR,2009-12-04,22.7,22.88,22.27,22.59,7108481,72.43,73.01,71.07,72.09,2227600,2025-12-30T03:44:48Z
DHR,2009-12-07,22.69,22.92,22.6,22.73,4897057,72.42,73.13,72.13,72.53,1534600,2025-12-30T03:44:48Z
DHR,2009-12-08,22.36,22.53,22.17,22.53,6277526,71.35,71.88,70.76,71.88,1967200,2025-12-30T03:44:48Z
DHR,2009-12-09,22.65,22.69,22.27,22.38,11489195,72.28,72.42,71.06,71.42,3600400,2025-12-30T03:44:48Z
DHR,2009-12-10,22.61,22.72,22.35,22.47,5583138,72.14,72.51,71.31,71.69,1749600,2025-12-30T03:44:48Z
DHR,2009-12-11,22.59,22.75,22.53,22.67,3704549,72.08,72.6,71.88,72.33,1160900,2025-12-30T03:44:48Z
DHR,2009-12-14,22.84,22.91,22.62,22.69,4830993,72.89,73.11,72.18,72.42,1513900,2025-12-30T03:44:48Z
DHR,2009-12-15,22.8,22.99,22.63,22.73,4783444,72.77,73.36,72.2,72.53,1499000,2025-12-30T03:44:48Z
DHR,2009-12-16,22.83,23.07,22.71,22.84,5498563,72.86,73.61,72.46,72.88,1723100,2025-12-30T03:44:48Z
DHR,2009-12-17,23.33,23.47,22.65,22.95,13131342,74.45,74.88,72.28,73.23,4115000,2025-12-30T03:44:48Z
DHR,2009-12-18,23.55,23.59,23.31,23.35,9737605,75.16,75.27,74.39,74.5,3051500,2025-12-30T03:44:48Z
DHR,2009-12-21,23.84,23.86,23.59,23.59,7942009,76.07,76.13,75.27,75.27,2488800,2025-12-30T03:44:48Z
DHR,2009-12-22,23.7,23.99,23.66,23.9,3838245,75.64,76.56,75.51,76.26,1202800,2025-12-30T03:44:48Z
DHR,2009-12-23,23.76,23.82,23.54,23.81,4159585,75.81,76,75.11,75.97,1303500,2025-12-30T03:44:48Z
