ticker,tradeDate,clsPx,hiPx,loPx,open,stockVolume,unadjClsPx,unadjHiPx,unadjLoPx,unadjOpen,unadjStockVolume,updatedAt
DUK,2006-01-03,20.28,20.3,19.95,20.14,5548013,27.84,27.86,27.38,27.65,4041800,2026-02-14T03:45:53Z
DUK,2006-01-04,20.26,20.33,19.96,20.28,4558885,27.81,27.9,27.4,27.84,3321200,2026-02-14T03:45:53Z
DUK,2006-01-05,20.11,20.29,20.02,20.22,3298368,27.61,27.85,27.48,27.75,2402900,2026-02-14T03:45:53Z
DUK,2006-01-06,20.25,20.3,20.03,20.17,3642208,27.79,27.87,27.5,27.69,2653400,2026-02-14T03:45:53Z
DUK,2006-01-09,20.29,20.33,20.18,20.3,3123207,27.85,27.9,27.7,27.87,2275300,2026-02-14T03:45:53Z
DUK,2006-01-10,20.35,20.45,20.14,20.25,6599487,27.94,28.07,27.64,27.8,4807800,2026-02-14T03:45:53Z
DUK,2006-01-11,20.47,20.47,20.3,20.4,3635488,28.1,28.1,27.86,28,2648500,2026-02-14T03:45:53Z
DUK,2006-01-12,20.3,20.51,20.27,20.4,3633850,27.87,28.15,27.82,28,2647300,2026-02-14T03:45:53Z
DUK,2006-01-13,20.63,20.65,20.31,20.37,3697253,28.32,28.34,27.88,27.96,2693500,2026-02-14T03:45:53Z
DUK,2006-01-17,20.7,20.73,20.48,20.57,3297683,28.41,28.45,28.11,28.24,2402400,2026-02-14T03:45:53Z
DUK,2006-01-18,20.66,20.74,20.5,20.7,4122787,28.36,28.47,28.14,28.42,3003500,2026-02-14T03:45:53Z
DUK,2006-01-19,20.93,20.94,20.63,20.68,5765574,28.73,28.74,28.32,28.38,4200300,2026-02-14T03:45:53Z
DUK,2006-01-20,20.69,21.05,20.67,20.93,4346676,28.4,28.89,28.37,28.73,3166600,2026-02-14T03:45:53Z
DUK,2006-01-23,20.73,20.83,20.63,20.68,5419113,28.46,28.59,28.32,28.39,3947900,2026-02-14T03:45:53Z
DUK,2006-01-24,20.98,21.03,20.84,20.98,7415095,28.8,28.87,28.61,28.8,5402000,2026-02-14T03:45:53Z
DUK,2006-01-25,20.76,21.05,20.62,21.05,4458677,28.49,28.9,28.31,28.89,3248200,2026-02-14T03:45:53Z
DUK,2006-01-26,20.65,20.85,20.56,20.75,6757755,28.34,28.62,28.22,28.49,4923100,2026-02-14T03:45:53Z
DUK,2006-01-27,20.86,20.94,20.64,20.64,4707264,28.63,28.74,28.33,28.33,3429300,2026-02-14T03:45:53Z
DUK,2006-01-30,20.67,20.85,20.62,20.82,4368489,28.37,28.62,28.31,28.58,3182500,2026-02-14T03:45:53Z
DUK,2006-01-31,20.65,20.76,20.62,20.65,4356964,28.35,28.5,28.31,28.35,3174100,2026-02-14T03:45:53Z
DUK,2006-02-01,20.73,20.97,20.65,20.97,4963395,28.45,28.78,28.35,28.78,3615900,2026-02-14T03:45:53Z
DUK,2006-02-02,20.44,20.75,20.29,20.73,4555850,28.06,28.48,27.85,28.45,3319000,2026-02-14T03:45:53Z
DUK,2006-02-03,20.44,20.54,20.29,20.44,4018590,28.06,28.2,27.85,28.06,2927600,2026-02-14T03:45:53Z
DUK,2006-02-06,20.48,20.58,20.39,20.4,3590052,28.11,28.25,27.99,28,2615400,2026-02-14T03:45:53Z
DUK,2006-02-07,20.33,20.51,20.3,20.48,3134604,27.9,28.15,27.86,28.11,2283600,2026-02-14T03:45:53Z
DUK,2006-02-08,20.31,20.49,20.25,20.47,2872018,27.88,28.12,27.79,28.1,2092300,2026-02-14T03:45:53Z
DUK,2006-02-09,20.25,20.49,20.25,20.38,3729524,27.8,28.12,27.79,27.98,2717000,2026-02-14T03:45:53Z
DUK,2006-02-10,20.59,20.59,20.3,20.33,5019945,28.26,28.26,27.87,27.9,3657100,2026-02-14T03:45:53Z
DUK,2006-02-13,20.64,20.65,20.47,20.52,4373560,28.33,28.35,28.1,28.17,3186200,2026-02-14T03:45:53Z
DUK,2006-02-14,20.62,20.62,20.28,20.54,4603627,28.3,28.3,27.84,28.2,3353800,2026-02-14T03:45:53Z
DUK,2006-02-15,20.55,20.7,20.26,20.51,4440381,27.9,28.1,27.5,27.85,3270700,2026-02-14T03:45:53Z
DUK,2006-02-16,20.85,20.84,20.54,20.62,3035652,28.3,28.3,27.88,27.99,2236000,2026-02-14T03:45:53Z
DUK,2006-02-17,21.07,21.12,20.79,20.84,3460040,28.6,28.67,28.23,28.29,2548600,2026-02-14T03:45:53Z
DUK,2006-02-21,20.94,21.25,20.93,21.14,3546384,28.43,28.85,28.42,28.7,2612200,2026-02-14T03:45:53Z
DUK,2006-02-22,21.14,21.18,20.88,20.94,5838724,28.7,28.75,28.35,28.43,4300700,2026-02-14T03:45:53Z
DUK,2006-02-23,20.86,21.14,20.85,21.13,3333097,28.32,28.7,28.31,28.69,2455100,2026-02-14T03:45:53Z
DUK,2006-02-24,21.04,21.11,20.86,20.92,2825623,28.57,28.66,28.32,28.4,2081300,2026-02-14T03:45:53Z
DUK,2006-02-27,21.05,21.12,20.96,21.04,3349391,28.58,28.67,28.45,28.57,2467100,2026-02-14T03:45:53Z
DUK,2006-02-28,20.92,20.99,20.84,20.96,4553878,28.4,28.5,28.29,28.45,3354300,2026-02-14T03:45:53Z
DUK,2006-03-01,20.83,20.96,20.76,20.96,4722497,28.28,28.45,28.19,28.45,3478500,2026-02-14T03:45:53Z
DUK,2006-03-02,20.87,20.93,20.64,20.76,4647688,28.34,28.41,28.02,28.19,3423400,2026-02-14T03:45:53Z
DUK,2006-03-03,20.87,21.12,20.77,20.81,3803518,28.34,28.68,28.2,28.25,2801600,2026-02-14T03:45:53Z
DUK,2006-03-06,20.48,21.01,20.4,20.99,7031559,27.8,28.52,27.69,28.5,5179300,2026-02-14T03:45:53Z
DUK,2006-03-07,20.43,20.56,20.26,20.43,4616611,27.74,27.91,27.51,27.73,3400500,2026-02-14T03:45:53Z
DUK,2006-03-08,20.62,20.79,20.26,20.43,5080492,28,28.22,27.5,27.73,3742200,2026-02-14T03:45:53Z
DUK,2006-03-09,20.69,20.71,20.51,20.59,4745022,28.09,28.12,27.84,27.95,3495100,2026-02-14T03:45:53Z
DUK,2006-03-10,20.71,20.85,20.56,20.68,4544101,28.11,28.31,27.91,28.08,3347100,2026-02-14T03:45:53Z
DUK,2006-03-13,21.27,21.29,20.96,21.07,6038300,28.87,28.9,28.46,28.6,4447700,2026-02-14T03:45:53Z
DUK,2006-03-14,21.41,21.48,21.18,21.27,4760917,29.07,29.16,28.75,28.87,3506800,2026-02-14T03:45:53Z
DUK,2006-03-15,21.52,21.55,21.3,21.51,3856606,29.21,29.25,28.92,29.2,2840700,2026-02-14T03:45:53Z
DUK,2006-03-16,21.63,21.72,21.54,21.55,5328126,29.37,29.49,29.24,29.25,3924600,2026-02-14T03:45:53Z
DUK,2006-03-17,21.68,21.73,21.6,21.73,5124360,29.44,29.5,29.32,29.5,3774500,2026-02-14T03:45:53Z
DUK,2006-03-20,21.24,21.72,21.21,21.68,3579508,28.84,29.49,28.8,29.44,2636600,2026-02-14T03:45:53Z
DUK,2006-03-21,21.09,21.31,21.02,21.27,3340297,28.63,28.93,28.53,28.88,2460400,2026-02-14T03:45:53Z
DUK,2006-03-22,21.42,21.49,21.04,21.05,5356227,29.08,29.17,28.57,28.58,3945300,2026-02-14T03:45:53Z
DUK,2006-03-23,21.46,21.5,21.25,21.32,5349031,29.14,29.19,28.85,28.95,3940000,2026-02-14T03:45:53Z
DUK,2006-03-24,21.43,21.54,21.3,21.39,4720866,29.1,29.24,28.92,29.04,3477300,2026-02-14T03:45:53Z
DUK,2006-03-27,21.43,21.46,21.36,21.43,3504434,29.1,29.13,29,29.1,2581300,2026-02-14T03:45:53Z
DUK,2006-03-28,21.31,21.47,21.29,21.41,3966837,28.93,29.15,28.9,29.06,2921900,2026-02-14T03:45:53Z
DUK,2006-03-29,21.7,21.79,21.3,21.31,6087850,29.46,29.58,28.92,28.93,4484200,2026-02-14T03:45:53Z
DUK,2006-03-30,21.78,21.93,21.7,21.75,5484391,29.57,29.77,29.46,29.53,4039700,2026-02-14T03:45:53Z
DUK,2006-03-31,21.47,21.88,21.42,21.86,17201530,29.15,29.7,29.08,29.68,12670300,2026-02-14T03:45:53Z
DUK,2006-04-03,21.27,21.86,21.26,21.47,7518925,28.87,29.68,28.86,29.15,5538300,2026-02-14T03:45:53Z
DUK,2006-04-04,21.46,21.66,21.28,21.31,9141412,29.14,29.41,28.89,28.93,6733400,2026-02-14T03:45:53Z
DUK,2006-04-05,21.8,21.88,21.54,21.58,8441295,29.6,29.71,29.24,29.3,6217700,2026-02-14T03:45:53Z
DUK,2006-04-06,21.55,21.84,21.44,21.84,6378919,29.26,29.65,29.11,29.65,4698600,2026-02-14T03:45:53Z
DUK,2006-04-07,21.15,21.58,21.1,21.49,5852591,28.71,29.3,28.65,29.18,4310900,2026-02-14T03:45:53Z
DUK,2006-04-10,21.13,21.31,21.04,21.15,6995702,28.69,28.93,28.57,28.71,5152900,2026-02-14T03:45:53Z
DUK,2006-04-11,21.04,21.21,20.96,21.14,4313859,28.56,28.8,28.45,28.7,3177500,2026-02-14T03:45:53Z
DUK,2006-04-12,21.04,21.13,20.99,21.04,3602462,28.56,28.69,28.5,28.56,2653500,2026-02-14T03:45:53Z
DUK,2006-04-13,20.97,21.07,20.96,21.02,3571086,28.47,28.6,28.45,28.53,2630400,2026-02-14T03:45:53Z
DUK,2006-04-17,20.89,21.03,20.84,20.96,3980966,28.36,28.55,28.3,28.46,2932300,2026-02-14T03:45:53Z
DUK,2006-04-18,21.1,21.21,20.82,20.86,6126950,28.64,28.8,28.26,28.32,4513000,2026-02-14T03:45:53Z
DUK,2006-04-19,21.18,21.3,21.06,21.06,4922064,28.75,28.92,28.59,28.59,3625500,2026-02-14T03:45:53Z
DUK,2006-04-20,21.48,21.66,21.29,21.32,8744863,29.16,29.4,28.9,28.95,6441300,2026-02-14T03:45:53Z
DUK,2006-04-21,21.46,21.69,21.38,21.58,4992932,29.13,29.45,29.02,29.3,3677700,2026-02-14T03:45:53Z
DUK,2006-04-24,21.58,21.68,21.28,21.33,3506472,29.3,29.43,28.89,28.96,2582800,2026-02-14T03:45:53Z
DUK,2006-04-25,21.07,21.64,21.02,21.55,6302095,28.6,29.38,28.53,29.25,4642000,2026-02-14T03:45:53Z
DUK,2006-04-26,20.96,21.24,20.86,21.1,4971345,28.46,28.84,28.32,28.65,3661800,2026-02-14T03:45:53Z
DUK,2006-04-27,21.27,21.47,20.88,20.96,5318082,28.87,29.15,28.34,28.46,3917200,2026-02-14T03:45:53Z
DUK,2006-04-28,21.45,21.55,21.18,21.21,6421436,29.12,29.25,28.75,28.8,4729900,2026-02-14T03:45:53Z
DUK,2006-05-01,21.33,21.61,21.18,21.51,7143811,28.96,29.34,28.75,29.2,5262000,2026-02-14T03:45:53Z
DUK,2006-05-02,21.24,21.42,21.23,21.35,4701585,28.84,29.08,28.82,28.98,3463100,2026-02-14T03:45:53Z
DUK,2006-05-03,20.99,21.18,20.92,21.14,5252235,28.49,28.76,28.4,28.7,3868700,2026-02-14T03:45:53Z
DUK,2006-05-04,21.01,21.07,20.93,21.02,4115646,28.53,28.61,28.42,28.53,3031500,2026-02-14T03:45:53Z
DUK,2006-05-05,21.5,21.55,21.26,21.35,6141210,29.19,29.25,28.86,28.99,4523500,2026-02-14T03:45:53Z
DUK,2006-05-08,21.51,21.6,21.36,21.51,5955478,29.2,29.32,29,29.2,4386700,2026-02-14T03:45:53Z
DUK,2006-05-09,21.29,21.42,21.2,21.38,6113784,28.9,29.08,28.78,29.02,4503300,2026-02-14T03:45:53Z
DUK,2006-05-10,21.35,21.38,21.22,21.23,6816034,28.68,28.72,28.5,28.51,5075000,2026-02-14T03:45:53Z
DUK,2006-05-11,21.07,21.35,20.94,21.31,3922268,28.3,28.68,28.12,28.62,2920400,2026-02-14T03:45:53Z
DUK,2006-05-12,20.79,21.11,20.73,21.08,4247571,27.92,28.35,27.84,28.31,3162600,2026-02-14T03:45:53Z
DUK,2006-05-15,20.87,20.89,20.6,20.72,3738013,28.03,28.05,27.67,27.83,2783200,2026-02-14T03:45:53Z
DUK,2006-05-16,20.68,20.91,20.6,20.85,3876877,27.78,28.08,27.67,28,2886600,2026-02-14T03:45:53Z
DUK,2006-05-17,20.28,20.64,20.21,20.33,6209650,27.24,27.72,27.15,27.3,4623500,2026-02-14T03:45:53Z
DUK,2006-05-18,20.35,20.57,20.29,20.29,4909299,27.33,27.63,27.25,27.25,3655300,2026-02-14T03:45:53Z
DUK,2006-05-19,20.51,20.8,20.33,20.45,5713916,27.54,27.94,27.3,27.47,4254400,2026-02-14T03:45:53Z
DUK,2006-05-22,20.83,21.03,20.33,20.33,7134341,27.98,28.25,27.3,27.3,5312000,2026-02-14T03:45:53Z
DUK,2006-05-23,20.32,20.86,20.31,20.81,4332322,27.29,28.01,27.28,27.95,3225700,2026-02-14T03:45:53Z
DUK,2006-05-24,20.36,20.48,20.06,20.29,5240081,27.34,27.5,26.94,27.25,3901600,2026-02-14T03:45:53Z
DUK,2006-05-25,20.51,20.63,20.34,20.48,4402696,27.55,27.71,27.32,27.5,3278100,2026-02-14T03:45:53Z
DUK,2006-05-26,20.85,20.95,20.52,20.62,3706847,28,28.13,27.56,27.7,2760000,2026-02-14T03:45:53Z
DUK,2006-05-30,20.88,21.31,20.87,20.89,5530449,28.04,28.62,28.03,28.05,4117800,2026-02-14T03:45:53Z
DUK,2006-05-31,21.01,21.42,20.84,20.89,8166751,28.22,28.77,27.99,28.05,6080700,2026-02-14T03:45:53Z
DUK,2006-06-01,20.93,21.11,20.8,21.03,6532380,28.11,28.35,27.93,28.25,4863800,2026-02-14T03:45:53Z
DUK,2006-06-02,21.44,21.49,20.98,21,8845825,28.8,28.86,28.18,28.2,6586300,2026-02-14T03:45:53Z
DUK,2006-06-05,21.26,21.59,21.22,21.38,5186645,28.56,29,28.5,28.72,3861800,2026-02-14T03:45:53Z
DUK,2006-06-06,21.36,21.41,21.06,21.34,5368762,28.69,28.75,28.29,28.66,3997400,2026-02-14T03:45:53Z
DUK,2006-06-07,21.12,21.41,21.09,21.32,3877021,28.36,28.75,28.33,28.63,2886700,2026-02-14T03:45:53Z
DUK,2006-06-08,21.39,21.43,20.89,21.15,5730312,28.73,28.78,28.05,28.4,4266600,2026-02-14T03:45:53Z
DUK,2006-06-09,21.54,21.67,21.3,21.37,4426603,28.93,29.1,28.6,28.7,3295900,2026-02-14T03:45:53Z
DUK,2006-06-12,21.67,21.78,21.48,21.63,4860005,29.1,29.25,28.85,29.05,3618600,2026-02-14T03:45:53Z
DUK,2006-06-13,21.34,21.93,21.32,21.78,8530188,28.66,29.46,28.64,29.25,6351300,2026-02-14T03:45:53Z
DUK,2006-06-14,21.18,21.35,20.85,21.22,5113046,28.45,28.67,28,28.5,3807000,2026-02-14T03:45:53Z
DUK,2006-06-15,21.74,21.76,21.21,21.26,5172257,29.2,29.23,28.49,28.55,3851100,2026-02-14T03:45:53Z
DUK,2006-06-16,21.66,21.73,21.47,21.57,4763025,29.09,29.19,28.83,28.97,3546400,2026-02-14T03:45:53Z
DUK,2006-06-19,21.44,21.66,21.34,21.65,6183333,28.8,29.09,28.66,29.08,4603900,2026-02-14T03:45:53Z
DUK,2006-06-20,21.44,21.67,21.32,21.47,3031697,28.8,29.1,28.63,28.83,2257300,2026-02-14T03:45:53Z
DUK,2006-06-21,21.26,21.55,21.23,21.37,4010659,28.56,28.95,28.52,28.7,2986200,2026-02-14T03:45:53Z
DUK,2006-06-22,21.23,21.3,21.06,21.18,3159689,28.51,28.6,28.29,28.45,2352600,2026-02-14T03:45:53Z
DUK,2006-06-23,21.21,21.58,21.2,21.24,2402464,28.48,28.98,28.47,28.53,1788800,2026-02-14T03:45:53Z
DUK,2006-06-26,21.24,21.43,21.19,21.27,2306166,28.52,28.78,28.46,28.57,1717100,2026-02-14T03:45:53Z
DUK,2006-06-27,21.24,21.54,21.09,21.18,4334722,28.52,28.93,28.33,28.45,3227500,2026-02-14T03:45:53Z
DUK,2006-06-28,21.13,21.44,21.11,21.22,5160451,28.38,28.8,28.35,28.5,3842300,2026-02-14T03:45:53Z
DUK,2006-06-29,22.11,22.23,21.84,21.89,14065621,29.69,29.85,29.33,29.4,10472800,2026-02-14T03:45:53Z
DUK,2006-06-30,21.87,22.18,21.82,22.11,4657881,29.37,29.79,29.3,29.69,3468100,2026-02-14T03:45:53Z
DUK,2006-07-03,22.02,22.08,21.82,21.82,1622683,29.57,29.66,29.3,29.3,1208200,2026-02-14T03:45:53Z
DUK,2006-07-05,21.84,22.04,21.82,21.96,3664133,29.33,29.6,29.3,29.5,2728200,2026-02-14T03:45:53Z
DUK,2006-07-06,21.64,21.85,21.47,21.82,4522228,29.06,29.35,28.84,29.3,3367100,2026-02-14T03:45:53Z
DUK,2006-07-07,21.77,21.96,21.55,21.59,4384951,29.24,29.49,28.94,28.99,3264900,2026-02-14T03:45:53Z
DUK,2006-07-10,21.82,21.96,21.78,21.85,4098491,29.3,29.49,29.25,29.35,3051600,2026-02-14T03:45:53Z
DUK,2006-07-11,21.91,21.96,21.82,21.82,5473114,29.43,29.5,29.31,29.31,4075100,2026-02-14T03:45:53Z
DUK,2006-07-12,21.76,22.06,21.73,21.91,3165857,29.22,29.63,29.19,29.43,2357200,2026-02-14T03:45:53Z
DUK,2006-07-13,21.92,22.25,21.82,21.96,6079895,29.44,29.89,29.3,29.5,4526900,2026-02-14T03:45:53Z
DUK,2006-07-14,21.91,21.98,21.56,21.84,3874466,29.43,29.52,28.96,29.33,2884800,2026-02-14T03:45:53Z
DUK,2006-07-17,21.81,22.01,21.74,21.83,3161025,29.29,29.56,29.2,29.32,2353600,2026-02-14T03:45:53Z
DUK,2006-07-18,21.9,21.95,21.7,21.78,3328781,29.41,29.48,29.14,29.25,2478500,2026-02-14T03:45:53Z
DUK,2006-07-19,22.14,22.26,21.99,22.01,4297133,29.74,29.9,29.53,29.56,3199500,2026-02-14T03:45:53Z
DUK,2006-07-20,22.28,22.36,22.12,22.14,4812457,29.93,30.03,29.71,29.74,3583200,2026-02-14T03:45:53Z
DUK,2006-07-21,22.36,22.51,22.3,22.46,5775155,30.03,30.23,29.95,30.17,4300000,2026-02-14T03:45:53Z
DUK,2006-07-24,22.39,22.69,22.32,22.36,4660566,30.07,30.47,29.97,30.03,3470100,2026-02-14T03:45:53Z
DUK,2006-07-25,22.61,22.68,22.3,22.34,2914169,30.36,30.46,29.95,30,2169800,2026-02-14T03:45:53Z
DUK,2006-07-26,22.79,22.88,22.56,22.64,4833007,30.61,30.73,30.3,30.4,3598500,2026-02-14T03:45:53Z
DUK,2006-07-27,22.58,22.89,22.49,22.78,4120786,30.33,30.75,30.21,30.6,3068200,2026-02-14T03:45:53Z
DUK,2006-07-28,22.69,22.89,22.68,22.73,4392617,30.48,30.74,30.46,30.53,3270600,2026-02-14T03:45:53Z
DUK,2006-07-31,22.58,22.69,22.46,22.56,3100588,30.32,30.47,30.17,30.3,2308600,2026-02-14T03:45:53Z
DUK,2006-08-01,22.95,22.99,22.44,22.49,4015345,30.82,30.88,30.14,30.2,2989700,2026-02-14T03:45:53Z
DUK,2006-08-02,22.78,23.05,22.78,22.97,4576474,30.6,30.96,30.59,30.85,3407500,2026-02-14T03:45:53Z
DUK,2006-08-03,22.84,23.05,22.69,23.04,4501411,30.68,30.96,30.48,30.95,3351600,2026-02-14T03:45:53Z
DUK,2006-08-04,22.66,23.07,22.51,23.03,9423452,30.43,30.98,30.23,30.93,7016400,2026-02-14T03:45:53Z
DUK,2006-08-07,22.27,22.68,22.23,22.63,5646636,29.91,30.46,29.86,30.39,4204300,2026-02-14T03:45:53Z
DUK,2006-08-08,22.57,22.71,22.34,22.34,5213504,30.31,30.5,30,30,3881800,2026-02-14T03:45:53Z
DUK,2006-08-09,22.35,22.68,22.34,22.6,4217607,29.7,30.14,29.68,30.03,3173800,2026-02-14T03:45:53Z
DUK,2006-08-10,22.36,22.45,22.14,22.29,4605496,29.72,29.83,29.42,29.62,3465700,2026-02-14T03:45:53Z
DUK,2006-08-11,22.33,22.41,22.25,22.31,2590250,29.68,29.78,29.57,29.65,1949200,2026-02-14T03:45:53Z
DUK,2006-08-14,22.31,22.63,22.31,22.44,4258663,29.65,30.07,29.65,29.82,3204700,2026-02-14T03:45:53Z
DUK,2006-08-15,22.47,22.66,22.4,22.65,4466109,29.86,30.11,29.77,30.1,3360800,2026-02-14T03:45:53Z
DUK,2006-08-16,22.32,22.64,22.32,22.52,4005117,29.66,30.08,29.66,29.92,3013900,2026-02-14T03:45:53Z
DUK,2006-08-17,22.38,22.54,22.2,22.33,4098539,29.74,29.95,29.5,29.67,3084200,2026-02-14T03:45:53Z
DUK,2006-08-18,22.58,22.67,22.35,22.42,3891229,30.01,30.13,29.7,29.79,2928200,2026-02-14T03:45:53Z
DUK,2006-08-21,22.55,22.73,22.48,22.52,3521663,29.96,30.2,29.87,29.92,2650100,2026-02-14T03:45:53Z
DUK,2006-08-22,22.65,22.66,22.51,22.51,2307870,30.1,30.11,29.91,29.91,1736700,2026-02-14T03:45:53Z
DUK,2006-08-23,22.31,22.72,22.3,22.65,3072372,29.65,30.19,29.64,30.1,2312000,2026-02-14T03:45:53Z
DUK,2006-08-24,22.2,22.45,22.14,22.43,4161926,29.5,29.83,29.42,29.8,3131900,2026-02-14T03:45:53Z
DUK,2006-08-25,22.16,22.27,22.07,22.19,4339194,29.45,29.6,29.33,29.49,3265300,2026-02-14T03:45:53Z
DUK,2006-08-28,22.21,22.35,22,22.11,4122849,29.52,29.7,29.24,29.38,3102500,2026-02-14T03:45:53Z
DUK,2006-08-29,22.36,22.44,22.03,22.21,3415630,29.71,29.82,29.28,29.52,2570300,2026-02-14T03:45:53Z
DUK,2006-08-30,22.21,22.39,22.16,22.39,2999679,29.52,29.75,29.45,29.75,2257300,2026-02-14T03:45:53Z
DUK,2006-08-31,22.58,22.64,22.24,22.29,6322811,30,30.09,29.55,29.62,4758000,2026-02-14T03:45:53Z
DUK,2006-09-01,22.68,22.74,22.51,22.69,3819607,30.14,30.22,29.91,30.15,2874300,2026-02-14T03:45:53Z
DUK,2006-09-05,22.31,22.67,22.2,22.66,5934914,29.65,30.12,29.5,30.11,4466100,2026-02-14T03:45:53Z
DUK,2006-09-06,22.39,22.48,22.11,22.3,4353941,29.76,29.87,29.38,29.63,3276400,2026-02-14T03:45:53Z
DUK,2006-09-07,22.49,22.55,22.36,22.48,5471264,29.88,29.97,29.71,29.88,4117200,2026-02-14T03:45:53Z
DUK,2006-09-08,22.76,22.79,22.48,22.63,6190197,30.25,30.29,29.88,30.07,4658200,2026-02-14T03:45:53Z
DUK,2006-09-11,22.7,22.85,22.64,22.76,7044933,30.17,30.36,30.09,30.25,5301400,2026-02-14T03:45:53Z
DUK,2006-09-12,22.76,22.9,22.61,22.84,6623543,30.25,30.43,30.04,30.35,4984300,2026-02-14T03:45:53Z
DUK,2006-09-13,22.73,22.88,22.68,22.82,5687605,30.2,30.4,30.14,30.32,4280000,2026-02-14T03:45:53Z
DUK,2006-09-14,22.72,22.9,22.65,22.65,4519404,30.19,30.43,30.1,30.1,3400900,2026-02-14T03:45:53Z
DUK,2006-09-15,22.85,22.94,22.74,22.76,8382055,30.37,30.49,30.22,30.25,6307600,2026-02-14T03:45:53Z
DUK,2006-09-18,22.74,22.93,22.73,22.91,4634214,30.22,30.47,30.21,30.45,3487300,2026-02-14T03:45:53Z
DUK,2006-09-19,22.81,22.91,22.73,22.8,4156617,30.31,30.45,30.2,30.3,3127900,2026-02-14T03:45:53Z
DUK,2006-09-20,22.64,22.88,22.61,22.82,4458393,30.08,30.41,30.05,30.32,3355000,2026-02-14T03:45:53Z
DUK,2006-09-21,22.67,22.73,22.43,22.6,6641741,30.12,30.21,29.8,30.03,4998000,2026-02-14T03:45:53Z
DUK,2006-09-22,22.63,22.79,22.58,22.67,3013245,30.07,30.28,30.01,30.12,2267500,2026-02-14T03:45:53Z
DUK,2006-09-25,22.87,22.96,22.68,22.8,4365386,30.39,30.51,30.14,30.3,3285000,2026-02-14T03:45:53Z
DUK,2006-09-26,22.83,22.99,22.81,22.94,4348238,30.34,30.55,30.31,30.48,3272100,2026-02-14T03:45:53Z
DUK,2006-09-27,23.05,23.12,22.78,22.83,5240191,30.63,30.73,30.27,30.34,3943300,2026-02-14T03:45:53Z
DUK,2006-09-28,23.07,23.19,23,23,3481807,30.66,30.82,30.56,30.56,2620100,2026-02-14T03:45:53Z
DUK,2006-09-29,22.73,23.1,22.71,23.03,5361898,30.2,30.7,30.18,30.6,4034900,2026-02-14T03:45:53Z
DUK,2006-10-02,23.04,23.29,22.44,22.44,8313359,30.62,30.95,29.82,29.82,6255900,2026-02-14T03:45:53Z
DUK,2006-10-03,23.52,23.58,23.06,23.11,8276014,31.25,31.33,30.65,30.71,6227800,2026-02-14T03:45:53Z
DUK,2006-10-04,23.54,23.66,23.44,23.48,8062453,31.28,31.44,31.15,31.2,6067100,2026-02-14T03:45:53Z
DUK,2006-10-05,23.25,23.51,23.11,23.46,5137462,30.9,31.24,30.71,31.18,3866000,2026-02-14T03:45:53Z
DUK,2006-10-06,23.14,23.27,23.01,23.25,4446846,30.75,30.93,30.58,30.9,3346300,2026-02-14T03:45:53Z
DUK,2006-10-09,23.14,23.16,22.95,23.08,3204737,30.75,30.77,30.5,30.67,2411600,2026-02-14T03:45:53Z
DUK,2006-10-10,23.08,23.12,22.87,23.06,5087503,30.67,30.72,30.39,30.65,3828400,2026-02-14T03:45:53Z
DUK,2006-10-11,23.17,23.2,23.04,23.1,3944793,30.79,30.83,30.62,30.7,2968500,2026-02-14T03:45:53Z
DUK,2006-10-12,23.31,23.34,23.08,23.12,3233572,30.98,31.02,30.67,30.73,2433300,2026-02-14T03:45:53Z
DUK,2006-10-13,23.06,23.27,23,23.24,3684191,30.65,30.92,30.56,30.88,2772400,2026-02-14T03:45:53Z
DUK,2006-10-16,23.01,23.25,22.88,23.07,4032096,30.58,30.89,30.41,30.66,3034200,2026-02-14T03:45:53Z
DUK,2006-10-17,23.31,23.4,22.99,23.02,4021197,30.97,31.1,30.55,30.59,3026000,2026-02-14T03:45:53Z
DUK,2006-10-18,23.47,23.5,23.35,23.4,9150000,31.19,31.23,31.03,31.1,6885500,2026-02-14T03:45:53Z
DUK,2006-10-19,23.74,23.79,23.4,23.46,8002647,31.55,31.62,31.1,31.18,6022100,2026-02-14T03:45:53Z
DUK,2006-10-20,24,24,23.63,23.89,7486925,31.89,31.9,31.4,31.75,5634000,2026-02-14T03:45:53Z
DUK,2006-10-23,23.96,24.09,23.76,24,6790850,31.84,32.02,31.58,31.89,5110200,2026-02-14T03:45:53Z
DUK,2006-10-24,23.76,23.92,23.68,23.91,6023690,31.57,31.79,31.47,31.77,4532900,2026-02-14T03:45:53Z
DUK,2006-10-25,24.08,24.17,23.82,23.83,6119364,32,32.12,31.65,31.67,4604900,2026-02-14T03:45:53Z
DUK,2006-10-26,23.91,24.1,23.86,24.02,3719808,31.77,32.03,31.7,31.92,2799200,2026-02-14T03:45:53Z
DUK,2006-10-27,23.91,24.04,23.76,23.86,4453888,31.78,31.95,31.57,31.71,3351600,2026-02-14T03:45:53Z
DUK,2006-10-30,23.93,24.06,23.8,24.04,4292817,31.8,31.97,31.63,31.95,3230400,2026-02-14T03:45:53Z
DUK,2006-10-31,23.81,24,23.7,23.89,6518559,31.64,31.89,31.5,31.75,4905300,2026-02-14T03:45:53Z
DUK,2006-11-01,23.93,24.06,23.73,23.82,5666748,31.8,31.97,31.54,31.66,4264300,2026-02-14T03:45:53Z
DUK,2006-11-02,23.7,23.96,23.61,23.93,6102228,31.49,31.84,31.38,31.8,4592000,2026-02-14T03:45:53Z
DUK,2006-11-03,23.4,23.78,23.03,23.7,8379001,31.09,31.6,30.61,31.49,6305300,2026-02-14T03:45:53Z
DUK,2006-11-06,23.1,23.3,22.97,23.14,7588055,30.7,30.97,30.53,30.75,5710100,2026-02-14T03:45:53Z
DUK,2006-11-07,23.07,23.25,22.91,23.03,6605347,30.66,30.89,30.45,30.6,4970600,2026-02-14T03:45:53Z
DUK,2006-11-08,23.38,23.5,22.97,23.07,5743282,31.07,31.23,30.52,30.66,4321900,2026-02-14T03:45:53Z
DUK,2006-11-09,23.41,23.48,23.21,23.3,6849044,31.11,31.2,30.85,30.97,5154000,2026-02-14T03:45:53Z
DUK,2006-11-10,23.73,23.73,23.43,23.48,6045883,31.53,31.54,31.14,31.2,4549600,2026-02-14T03:45:53Z
DUK,2006-11-13,23.87,23.91,23.7,23.74,5709672,31.72,31.77,31.5,31.55,4296600,2026-02-14T03:45:53Z
DUK,2006-11-14,23.94,24.01,23.76,23.92,5069686,31.81,31.91,31.58,31.79,3815000,2026-02-14T03:45:53Z
DUK,2006-11-15,23.88,23.99,23.81,23.91,6356824,31.41,31.56,31.32,31.45,4832200,2026-02-14T03:45:53Z
DUK,2006-11-16,23.95,24.16,23.89,23.89,4119796,31.5,31.78,31.43,31.43,3131700,2026-02-14T03:45:53Z
DUK,2006-11-17,24.1,24.11,23.85,23.85,4702708,31.7,31.71,31.38,31.38,3574800,2026-02-14T03:45:53Z
DUK,2006-11-20,23.98,24.11,23.93,24.06,3212223,31.55,31.72,31.48,31.65,2441800,2026-02-14T03:45:53Z
DUK,2006-11-21,23.79,24.1,23.73,23.98,6072405,31.29,31.7,31.21,31.55,4616000,2026-02-14T03:45:53Z
DUK,2006-11-22,23.83,23.91,23.75,23.75,3430594,31.35,31.45,31.25,31.25,2607800,2026-02-14T03:45:53Z
DUK,2006-11-24,23.82,23.95,23.58,23.6,1550462,31.33,31.5,31.02,31.05,1178600,2026-02-14T03:45:53Z
DUK,2006-11-27,23.37,23.81,23.28,23.72,6093853,30.75,31.32,30.62,31.2,4632300,2026-02-14T03:45:53Z
DUK,2006-11-28,23.73,23.83,23.26,23.3,4580349,31.22,31.35,30.6,30.65,3481800,2026-02-14T03:45:53Z
DUK,2006-11-29,24.03,24.11,23.62,23.73,5128273,31.61,31.72,31.07,31.22,3898300,2026-02-14T03:45:53Z
DUK,2006-11-30,24.11,24.16,23.91,24.03,3931815,31.72,31.78,31.45,31.61,2988800,2026-02-14T03:45:53Z
DUK,2006-12-01,24.09,24.25,23.9,24.14,3944049,31.69,31.9,31.44,31.75,2998100,2026-02-14T03:45:53Z
DUK,2006-12-04,24.87,25.06,24.58,24.74,9823207,32.72,32.97,32.34,32.54,7467200,2026-02-14T03:45:53Z
DUK,2006-12-05,24.85,24.93,24.64,24.89,5566334,32.69,32.79,32.41,32.75,4231300,2026-02-14T03:45:53Z
DUK,2006-12-06,24.7,24.86,24.63,24.85,4215294,32.49,32.7,32.4,32.69,3204300,2026-02-14T03:45:53Z
DUK,2006-12-07,24.64,24.92,24.61,24.7,6007941,32.41,32.78,32.37,32.49,4567000,2026-02-14T03:45:53Z
DUK,2006-12-08,24.86,24.86,24.62,24.67,4031260,32.7,32.71,32.39,32.45,3064400,2026-02-14T03:45:53Z
DUK,2006-12-11,25.18,25.2,24.93,25.07,6429566,33.13,33.15,32.8,32.98,4887500,2026-02-14T03:45:53Z
DUK,2006-12-12,25.27,25.41,25.11,25.27,7073252,33.24,33.43,33.03,33.25,5376800,2026-02-14T03:45:53Z
DUK,2006-12-13,25.73,25.81,25.12,25.31,7596563,33.85,33.95,33.04,33.3,5774600,2026-02-14T03:45:53Z
DUK,2006-12-14,25.57,26.23,25.48,25.87,8483732,33.64,34.5,33.52,34.03,6449000,2026-02-14T03:45:53Z
DUK,2006-12-15,25.47,25.71,25.38,25.57,9081267,33.51,33.82,33.39,33.64,6903200,2026-02-14T03:45:53Z
DUK,2006-12-18,25.21,25.77,25.19,25.72,5910466,33.17,33.9,33.14,33.83,4492900,2026-02-14T03:45:53Z
DUK,2006-12-19,25.24,25.33,25.12,25.21,6154364,33.21,33.32,33.05,33.16,4678300,2026-02-14T03:45:53Z
DUK,2006-12-20,24.97,25.29,24.93,25.24,5681184,32.85,33.27,32.79,33.2,4318600,2026-02-14T03:45:53Z
DUK,2006-12-21,25.16,25.2,24.98,25.09,3897071,33.1,33.15,32.86,33,2962400,2026-02-14T03:45:53Z
DUK,2006-12-22,25.1,25.3,25.06,25.13,2660359,33.02,33.28,32.97,33.06,2022300,2026-02-14T03:45:53Z
DUK,2006-12-26,25.23,25.25,25.04,25.19,1843428,33.19,33.22,32.94,33.14,1401300,2026-02-14T03:45:53Z
DUK,2006-12-27,25.21,25.36,25.21,25.27,3162228,33.17,33.36,33.16,33.25,2403800,2026-02-14T03:45:53Z
DUK,2006-12-28,25.1,25.32,25.05,25.23,3982577,33.02,33.31,32.95,33.19,3027400,2026-02-14T03:45:53Z
DUK,2006-12-29,25.24,25.39,25.08,25.09,4691645,33.21,33.4,32.99,33.01,3566400,2026-02-14T03:45:53Z
DUK,2007-01-03,24.25,25.34,23.95,25.34,11438961,19.14,20,18.9,20,14492400,2026-02-14T03:45:53Z
DUK,2007-01-04,24.3,24.39,24.08,24.1,9366151,19.18,19.25,19.01,19.02,11866300,2026-02-14T03:45:53Z
DUK,2007-01-05,23.74,24.35,23.7,24.3,6982539,18.74,19.22,18.71,19.18,8846400,2026-02-14T03:45:53Z
DUK,2007-01-08,23.78,24,23.68,23.97,5403844,18.77,18.94,18.69,18.92,6846300,2026-02-14T03:45:53Z
DUK,2007-01-09,23.67,23.92,23.57,23.84,7020025,18.68,18.88,18.6,18.82,8893900,2026-02-14T03:45:53Z
DUK,2007-01-10,23.56,23.81,23.31,23.65,5538111,18.6,18.79,18.4,18.67,7016400,2026-02-14T03:45:53Z
DUK,2007-01-11,23.63,23.77,23.5,23.69,7570251,18.65,18.76,18.55,18.7,9591000,2026-02-14T03:45:53Z
DUK,2007-01-12,23.51,23.72,23.43,23.69,6850077,18.56,18.72,18.49,18.7,8678600,2026-02-14T03:45:53Z
DUK,2007-01-16,23.59,23.64,23.5,23.54,7879972,18.62,18.66,18.55,18.58,9983400,2026-02-14T03:45:53Z
DUK,2007-01-17,23.55,23.67,23.49,23.67,8312747,18.59,18.68,18.54,18.68,10531700,2026-02-14T03:45:53Z
DUK,2007-01-18,23.67,23.73,23.5,23.5,6835486,18.68,18.73,18.55,18.55,8660100,2026-02-14T03:45:53Z
DUK,2007-01-19,23.74,23.88,23.7,23.81,7469462,18.74,18.85,18.71,18.79,9463300,2026-02-14T03:45:53Z
DUK,2007-01-22,23.62,23.82,23.59,23.74,6285264,18.64,18.8,18.62,18.74,7963000,2026-02-14T03:45:53Z
DUK,2007-01-23,23.65,23.69,23.51,23.62,6736356,18.67,18.7,18.56,18.64,8534500,2026-02-14T03:45:53Z
DUK,2007-01-24,23.75,23.84,23.59,23.67,7787860,18.75,18.82,18.62,18.68,9866700,2026-02-14T03:45:53Z
DUK,2007-01-25,23.97,24.07,23.75,23.79,9059345,18.92,19,18.75,18.78,11477600,2026-02-14T03:45:53Z
DUK,2007-01-26,24.17,24.22,24.01,24.01,10830399,19.08,19.12,18.95,18.95,13721400,2026-02-14T03:45:53Z
DUK,2007-01-29,24.31,24.38,24.16,24.22,8024825,19.19,19.24,19.07,19.12,10166900,2026-02-14T03:45:53Z
DUK,2007-01-30,24.67,24.74,24.34,24.38,7783832,19.47,19.53,19.21,19.24,9861600,2026-02-14T03:45:53Z
DUK,2007-01-31,24.95,25.01,24.64,24.67,8213223,19.69,19.74,19.45,19.47,10405600,2026-02-14T03:45:53Z
DUK,2007-02-01,25.15,25.44,24.96,25.02,11198942,19.85,20.08,19.7,19.75,14188300,2026-02-14T03:45:53Z
DUK,2007-02-02,25.33,25.34,24.95,25.06,7069114,19.99,20,19.69,19.78,8956100,2026-02-14T03:45:53Z
DUK,2007-02-05,25.71,25.88,25.3,25.34,8448614,20.29,20.43,19.97,20,10703800,2026-02-14T03:45:53Z
DUK,2007-02-06,25.41,25.84,25.41,25.57,9748649,20.06,20.4,20.06,20.18,12350900,2026-02-14T03:45:53Z
DUK,2007-02-07,25.33,25.43,25.06,25.41,6794042,19.99,20.07,19.78,20.06,8607600,2026-02-14T03:45:53Z
DUK,2007-02-08,25.54,25.58,25.3,25.34,4721571,20.16,20.19,19.97,20,5981900,2026-02-14T03:45:53Z
DUK,2007-02-09,25.54,25.71,25.34,25.58,3671474,20.16,20.29,20,20.19,4651500,2026-02-14T03:45:53Z
DUK,2007-02-12,25.59,25.71,25.5,25.64,4075044,20.2,20.29,20.13,20.24,5162800,2026-02-14T03:45:53Z
DUK,2007-02-13,25.83,25.84,25.59,25.63,4763640,20.39,20.4,20.2,20.23,6035200,2026-02-14T03:45:53Z
DUK,2007-02-14,25.68,25.96,25.64,25.91,8964117,20.06,20.28,20.03,20.24,11475100,2026-02-14T03:45:53Z
DUK,2007-02-15,25.6,25.88,25.54,25.88,3455548,20,20.22,19.95,20.22,4423500,2026-02-14T03:45:53Z
DUK,2007-02-16,25.55,25.65,25.49,25.59,4815347,19.96,20.04,19.91,19.99,6164200,2026-02-14T03:45:53Z
DUK,2007-02-20,25.54,25.6,25.37,25.55,8446737,19.95,20,19.82,19.96,10812800,2026-02-14T03:45:53Z
DUK,2007-02-21,25.54,25.56,25.35,25.4,4869248,19.95,19.97,19.8,19.84,6233200,2026-02-14T03:45:53Z
DUK,2007-02-22,25.37,25.58,25.31,25.51,4487014,19.82,19.98,19.77,19.93,5743900,2026-02-14T03:45:53Z
DUK,2007-02-23,25.49,25.67,25.31,25.33,5756276,19.91,20.05,19.77,19.79,7368700,2026-02-14T03:45:53Z
DUK,2007-02-26,25.67,26.1,25.56,25.99,6434812,20.05,20.39,19.97,20.3,8237300,2026-02-14T03:45:53Z
DUK,2007-02-27,25.12,25.68,24.98,25.22,6943503,19.62,20.06,19.51,19.7,8888500,2026-02-14T03:45:53Z
DUK,2007-02-28,25.19,25.45,24.87,25.1,8086057,19.68,19.88,19.43,19.61,10351100,2026-02-14T03:45:53Z
DUK,2007-03-01,25.36,25.55,24.78,25.14,6201234,19.81,19.96,19.36,19.64,7938300,2026-02-14T03:45:53Z
DUK,2007-03-02,24.95,25.37,24.94,25.32,4779792,19.49,19.82,19.48,19.78,6118700,2026-02-14T03:45:53Z
DUK,2007-03-05,24.48,24.91,24.41,24.9,4628724,19.12,19.46,19.07,19.45,5925300,2026-02-14T03:45:53Z
DUK,2007-03-06,25.03,25.07,24.51,24.57,7737725,19.55,19.58,19.15,19.19,9905200,2026-02-14T03:45:53Z
DUK,2007-03-07,25.01,25.32,24.83,24.94,6438546,19.54,19.78,19.4,19.48,8242100,2026-02-14T03:45:53Z
DUK,2007-03-08,24.89,25.23,24.85,25.22,4067122,19.44,19.71,19.41,19.7,5206400,2026-02-14T03:45:53Z
DUK,2007-03-09,24.64,25.01,24.58,24.9,4097680,19.25,19.54,19.2,19.45,5245500,2026-02-14T03:45:53Z
DUK,2007-03-12,25.08,25.14,24.64,24.68,4339678,19.59,19.64,19.25,19.28,5555300,2026-02-14T03:45:53Z
DUK,2007-03-13,24.76,25.15,24.68,25.01,5531382,19.34,19.65,19.28,19.54,7080800,2026-02-14T03:45:53Z
DUK,2007-03-14,24.82,25.07,24.4,24.77,7024922,19.39,19.58,19.06,19.35,8992700,2026-02-14T03:45:53Z
DUK,2007-03-15,25.18,25.26,24.71,24.86,5328966,19.67,19.73,19.3,19.42,6821700,2026-02-14T03:45:53Z
DUK,2007-03-16,25.04,25.46,25.01,25.31,7240036,19.56,19.89,19.54,19.77,9268100,2026-02-14T03:45:53Z
DUK,2007-03-19,25.21,25.41,24.72,25.13,5419504,19.69,19.85,19.31,19.63,6937600,2026-02-14T03:45:53Z
DUK,2007-03-20,25.87,25.91,25.1,25.15,7350987,20.21,20.24,19.61,19.65,9410100,2026-02-14T03:45:53Z
DUK,2007-03-21,26.14,26.34,25.77,25.87,9368983,20.42,20.58,20.13,20.21,11993400,2026-02-14T03:45:53Z
DUK,2007-03-22,26.04,26.25,25.93,26.14,7102000,20.34,20.51,20.26,20.42,9091400,2026-02-14T03:45:53Z
DUK,2007-03-23,25.97,26.14,25.9,25.96,7054035,20.29,20.42,20.23,20.28,9030000,2026-02-14T03:45:53Z
DUK,2007-03-26,26.15,26.18,25.91,26.02,4254062,20.43,20.45,20.24,20.33,5445700,2026-02-14T03:45:53Z
DUK,2007-03-27,26,26.19,25.86,26.15,3855347,20.31,20.46,20.2,20.43,4935300,2026-02-14T03:45:53Z
DUK,2007-03-28,26.01,26.33,25.88,25.95,5571203,20.32,20.57,20.22,20.27,7131800,2026-02-14T03:45:53Z
DUK,2007-03-29,26.2,26.29,25.99,26.24,5210224,20.47,20.54,20.3,20.5,6669700,2026-02-14T03:45:53Z
DUK,2007-03-30,25.97,26.4,25.65,26.2,5496600,20.29,20.62,20.04,20.47,7036300,2026-02-14T03:45:53Z
DUK,2007-04-02,26.51,26.68,25.87,26.28,4672154,20.71,20.84,20.21,20.53,5980900,2026-02-14T03:45:53Z
DUK,2007-04-03,26.59,26.65,26.31,26.51,4300001,20.77,20.82,20.55,20.71,5504500,2026-02-14T03:45:53Z
DUK,2007-04-04,26.27,26.59,26.15,26.55,4461700,20.52,20.77,20.43,20.74,5711500,2026-02-14T03:45:53Z
DUK,2007-04-05,26.46,26.47,25.67,26.19,2713971,20.67,20.68,20.05,20.46,3474200,2026-02-14T03:45:53Z
DUK,2007-04-09,26.64,26.69,26.22,26.46,4222508,20.81,20.85,20.48,20.67,5405300,2026-02-14T03:45:53Z
DUK,2007-04-10,26.66,26.77,26.56,26.64,3298765,20.83,20.91,20.75,20.81,4222800,2026-02-14T03:45:53Z
DUK,2007-04-11,26.19,26.78,26.17,26.7,5416613,20.46,20.92,20.44,20.86,6933900,2026-02-14T03:45:53Z
DUK,2007-04-12,26,26.28,25.91,26.19,7475168,20.31,20.53,20.24,20.46,9569100,2026-02-14T03:45:53Z
DUK,2007-04-13,26.08,26.87,25.96,26.87,5020396,20.37,20.99,20.28,20.99,6426700,2026-02-14T03:45:53Z
DUK,2007-04-16,26.4,26.59,26.08,26.59,3136355,20.62,20.77,20.37,20.77,4014900,2026-02-14T03:45:53Z
DUK,2007-04-17,26.43,26.54,26.25,26.41,3640450,20.65,20.73,20.51,20.63,4660200,2026-02-14T03:45:53Z
DUK,2007-04-18,26.81,26.87,26.24,26.24,3847936,20.94,20.99,20.5,20.5,4925800,2026-02-14T03:45:53Z
DUK,2007-04-19,26.46,26.79,26.42,26.79,3698102,20.67,20.93,20.64,20.93,4734000,2026-02-14T03:45:53Z
DUK,2007-04-20,26.79,26.82,26.52,26.66,6297949,20.93,20.95,20.72,20.83,8062100,2026-02-14T03:45:53Z
DUK,2007-04-23,26.74,26.95,26.69,26.74,3890275,20.89,21.05,20.85,20.89,4980000,2026-02-14T03:45:53Z
DUK,2007-04-24,26.81,27.27,26.65,27.27,3338450,20.94,21.3,20.82,21.3,4273600,2026-02-14T03:45:53Z
DUK,2007-04-25,26.88,27.18,26.81,26.93,4552639,21,21.23,20.94,21.04,5827900,2026-02-14T03:45:53Z
DUK,2007-04-26,26.47,27.01,26.43,26.88,6658145,20.68,21.1,20.65,21,8523200,2026-02-14T03:45:53Z
DUK,2007-04-27,26.5,26.66,26.27,26.45,4448423,20.7,20.83,20.52,20.66,5694500,2026-02-14T03:45:53Z
DUK,2007-04-30,26.27,26.69,26.24,26.47,4372021,20.52,20.85,20.5,20.68,5596700,2026-02-14T03:45:53Z
DUK,2007-05-01,26.49,26.82,26.24,26.82,3641700,20.69,20.95,20.5,20.95,4661800,2026-02-14T03:45:53Z
DUK,2007-05-02,26.63,26.79,26.46,26.47,3144011,20.8,20.93,20.67,20.68,4024700,2026-02-14T03:45:53Z
DUK,2007-05-03,26.54,26.74,26.47,26.64,3374694,20.73,20.89,20.68,20.81,4320000,2026-02-14T03:45:53Z
DUK,2007-05-04,26.41,26.65,26.29,26.61,3232829,20.63,20.82,20.54,20.79,4138400,2026-02-14T03:45:53Z
DUK,2007-05-07,26.73,26.84,26.45,26.64,4168139,20.88,20.97,20.66,20.81,5335700,2026-02-14T03:45:53Z
DUK,2007-05-08,26.45,26.81,26.41,26.73,3903395,20.66,20.94,20.63,20.88,4996800,2026-02-14T03:45:53Z
DUK,2007-05-09,26.3,26.71,26.23,26.5,5442063,20.34,20.65,20.28,20.49,7038000,2026-02-14T03:45:53Z
DUK,2007-05-10,26.06,26.37,26.01,26.25,5124178,20.15,20.39,20.11,20.3,6626900,2026-02-14T03:45:53Z
DUK,2007-05-11,26.23,26.29,26.03,26.1,4318003,20.28,20.33,20.13,20.18,5584300,2026-02-14T03:45:53Z
DUK,2007-05-14,26.56,26.64,26.25,26.28,4454934,20.54,20.6,20.3,20.32,5761400,2026-02-14T03:45:53Z
DUK,2007-05-15,26.46,26.96,26.43,26.56,3766913,20.46,20.85,20.44,20.54,4871600,2026-02-14T03:45:53Z
DUK,2007-05-16,26.46,26.75,26.37,26.69,4824241,20.46,20.68,20.39,20.64,6239000,2026-02-14T03:45:53Z
DUK,2007-05-17,26.5,26.6,26.32,26.36,4227532,20.49,20.57,20.35,20.38,5467300,2026-02-14T03:45:53Z
DUK,2007-05-18,26.38,26.81,26.24,26.55,5566243,20.4,20.73,20.29,20.53,7198600,2026-02-14T03:45:53Z
DUK,2007-05-21,26.37,26.45,26.29,26.29,3264226,20.39,20.45,20.33,20.33,4221500,2026-02-14T03:45:53Z
DUK,2007-05-22,26.24,26.41,26.21,26.37,3196334,20.29,20.42,20.27,20.39,4133700,2026-02-14T03:45:53Z
DUK,2007-05-23,25.79,26.39,25.75,26.19,5551784,19.94,20.41,19.91,20.25,7179900,2026-02-14T03:45:53Z
DUK,2007-05-24,25.12,25.98,25.09,25.9,7315777,19.42,20.09,19.4,20.03,9461200,2026-02-14T03:45:53Z
DUK,2007-05-25,24.82,25.35,24.64,25.18,7409015,19.19,19.6,19.05,19.47,9581800,2026-02-14T03:45:53Z
DUK,2007-05-29,25.08,25.13,24.82,24.88,5952323,19.39,19.43,19.19,19.24,7697900,2026-02-14T03:45:53Z
DUK,2007-05-30,25.34,25.45,24.91,24.93,5652992,19.59,19.68,19.26,19.28,7310800,2026-02-14T03:45:53Z
DUK,2007-05-31,25.27,25.5,25.18,25.3,8249153,19.54,19.72,19.47,19.56,10668300,2026-02-14T03:45:53Z
DUK,2007-06-01,25.1,25.41,25.02,25.37,4720081,19.41,19.65,19.35,19.62,6104300,2026-02-14T03:45:53Z
DUK,2007-06-04,25.01,25.41,24.79,25.34,7926232,19.34,19.65,19.17,19.59,10250700,2026-02-14T03:45:53Z
DUK,2007-06-05,24.86,25.27,24.73,24.96,9721847,19.22,19.54,19.12,19.3,12572900,2026-02-14T03:45:53Z
DUK,2007-06-06,24.68,25.05,24.46,25.05,7184015,19.08,19.37,18.91,19.37,9290800,2026-02-14T03:45:53Z
DUK,2007-06-07,23.77,24.69,23.77,24.59,10759870,18.38,19.09,18.38,19.01,13915300,2026-02-14T03:45:53Z
DUK,2007-06-08,23.77,24.03,23.6,23.8,10765592,18.38,18.58,18.25,18.4,13922700,2026-02-14T03:45:53Z
DUK,2007-06-11,24.03,24.21,23.74,23.8,7936367,18.58,18.72,18.36,18.4,10263800,2026-02-14T03:45:53Z
DUK,2007-06-12,23.6,24.04,23.59,23.9,6870464,18.25,18.59,18.24,18.48,8885300,2026-02-14T03:45:53Z
DUK,2007-06-13,24.16,24.2,23.77,23.8,7024261,18.68,18.71,18.38,18.4,9084200,2026-02-14T03:45:53Z
DUK,2007-06-14,24.11,24.42,24,24.12,5118297,18.64,18.88,18.56,18.65,6619300,2026-02-14T03:45:53Z
DUK,2007-06-15,24.55,24.62,24.3,24.39,6776896,18.98,19.04,18.79,18.86,8764300,2026-02-14T03:45:53Z
DUK,2007-06-18,24.16,24.68,24.14,24.68,5715631,18.68,19.08,18.67,19.08,7391800,2026-02-14T03:45:53Z
DUK,2007-06-19,24.43,24.43,24,24.17,4869550,18.89,18.89,18.56,18.69,6297600,2026-02-14T03:45:53Z
DUK,2007-06-20,23.81,24.57,23.8,24.43,6242289,18.41,19,18.4,18.89,8072900,2026-02-14T03:45:53Z
DUK,2007-06-21,24.17,24.18,23.82,24.07,6722062,18.69,18.7,18.42,18.61,8693400,2026-02-14T03:45:53Z
DUK,2007-06-22,23.59,24.13,23.59,23.98,7990183,18.24,18.66,18.24,18.54,10333400,2026-02-14T03:45:53Z
DUK,2007-06-25,23.58,24.11,23.55,23.61,6465114,18.23,18.64,18.21,18.26,8361100,2026-02-14T03:45:53Z
DUK,2007-06-26,23.55,24.11,23.5,23.8,7903735,18.21,18.64,18.17,18.4,10221600,2026-02-14T03:45:53Z
DUK,2007-06-27,23.73,23.8,23.36,23.5,6795544,18.35,18.4,18.06,18.17,8788400,2026-02-14T03:45:53Z
DUK,2007-06-28,23.59,24.08,23.54,23.85,5382744,18.24,18.62,18.2,18.44,6961300,2026-02-14T03:45:53Z
DUK,2007-06-29,23.67,23.86,23.43,23.63,6851742,18.3,18.45,18.12,18.27,8861100,2026-02-14T03:45:53Z
DUK,2007-07-02,23.93,24.03,23.74,23.78,4039868,18.5,18.58,18.36,18.39,5224600,2026-02-14T03:45:53Z
DUK,2007-07-03,23.95,24.07,23.6,23.93,3408512,18.52,18.61,18.25,18.5,4408100,2026-02-14T03:45:53Z
DUK,2007-07-05,23.82,24.03,23.49,23.95,7532420,18.42,18.58,18.16,18.52,9741400,2026-02-14T03:45:53Z
DUK,2007-07-06,23.43,23.78,23.37,23.73,6453063,18.12,18.39,18.07,18.35,8345500,2026-02-14T03:45:53Z
DUK,2007-07-09,23.55,23.64,23.47,23.52,3739766,18.21,18.28,18.15,18.19,4836500,2026-02-14T03:45:53Z
DUK,2007-07-10,23.2,23.64,23.15,23.47,6676379,17.94,18.28,17.9,18.15,8634300,2026-02-14T03:45:53Z
DUK,2007-07-11,23.33,23.49,23.03,23.29,7495400,18.04,18.16,17.81,18.01,9693500,2026-02-14T03:45:53Z
DUK,2007-07-12,23.59,23.6,23.28,23.33,6138199,18.24,18.25,18,18.04,7938300,2026-02-14T03:45:53Z
DUK,2007-07-13,23.67,23.85,23.42,23.47,6805580,18.3,18.44,18.11,18.15,8801400,2026-02-14T03:45:53Z
DUK,2007-07-16,23.3,23.78,23.28,23.52,6340858,18.02,18.39,18,18.19,8200400,2026-02-14T03:45:53Z
DUK,2007-07-17,23.2,23.47,23.18,23.36,6346592,17.94,18.15,17.92,18.06,8207800,2026-02-14T03:45:53Z
DUK,2007-07-18,23.33,23.45,23.12,23.15,10647359,18.04,18.13,17.88,17.9,13769800,2026-02-14T03:45:53Z
DUK,2007-07-19,23.34,23.52,23.14,23.33,10270221,18.05,18.19,17.89,18.04,13282100,2026-02-14T03:45:53Z
DUK,2007-07-20,23.23,23.52,23.18,23.33,9592095,17.96,18.19,17.92,18.04,12405100,2026-02-14T03:45:53Z
DUK,2007-07-23,23.29,23.52,23.27,23.34,5648363,18.01,18.19,17.99,18.05,7304800,2026-02-14T03:45:53Z
DUK,2007-07-24,22.75,23.41,22.71,23.23,9782463,17.59,18.1,17.56,17.96,12651300,2026-02-14T03:45:53Z
DUK,2007-07-25,22.85,23.1,22.46,22.85,8333900,17.67,17.86,17.37,17.67,10777900,2026-02-14T03:45:53Z
DUK,2007-07-26,22.71,23.27,22.57,22.67,14788870,17.56,17.99,17.45,17.53,19125900,2026-02-14T03:45:53Z
DUK,2007-07-27,22.26,22.92,22.26,22.68,8244669,17.21,17.72,17.21,17.54,10662500,2026-02-14T03:45:53Z
DUK,2007-07-30,22.23,22.54,22.06,22.54,9244672,17.19,17.43,17.06,17.43,11955800,2026-02-14T03:45:53Z
DUK,2007-07-31,22.02,22.58,21.98,22.44,12100824,17.03,17.46,17,17.35,15649500,2026-02-14T03:45:53Z
DUK,2007-08-01,22.79,22.86,21.95,22.11,9146628,17.62,17.68,16.97,17.1,11829000,2026-02-14T03:45:53Z
DUK,2007-08-02,23.25,23.28,22.63,22.76,10331107,17.98,18,17.5,17.6,13360800,2026-02-14T03:45:53Z
DUK,2007-08-03,22.13,23.32,22.11,23.19,10853955,17.11,18.03,17.1,17.93,14037000,2026-02-14T03:45:53Z
DUK,2007-08-06,23.15,23.21,21.87,22.37,8813059,17.9,17.95,16.91,17.3,11397600,2026-02-14T03:45:53Z
DUK,2007-08-07,24.39,24.6,22.8,22.94,14955451,18.86,19.02,17.63,17.74,19341300,2026-02-14T03:45:53Z
DUK,2007-08-08,25.27,25.67,24.26,24.27,12138162,19.54,19.85,18.76,18.77,15697800,2026-02-14T03:45:53Z
DUK,2007-08-09,25.09,25.74,24.42,24.61,12263632,19.4,19.9,18.88,19.03,15860100,2026-02-14T03:45:53Z
DUK,2007-08-10,25.23,25.74,24.61,24.78,11009232,19.51,19.9,19.03,19.16,14237800,2026-02-14T03:45:53Z
DUK,2007-08-13,24.57,25.5,24.16,25.5,9807437,19,19.72,18.68,19.72,12683600,2026-02-14T03:45:53Z
DUK,2007-08-14,23.99,24.75,23.94,24.47,6644285,18.55,19.14,18.51,18.92,8592800,2026-02-14T03:45:53Z
DUK,2007-08-15,23.61,24.37,23.56,23.83,7338021,18.04,18.62,18,18.21,9603900,2026-02-14T03:45:53Z
DUK,2007-08-16,23.86,24.02,23.01,23.51,11759709,18.23,18.35,17.58,17.96,15390900,2026-02-14T03:45:53Z
DUK,2007-08-17,24.03,24.62,23.43,24.57,11016321,18.36,18.81,17.9,18.77,14418000,2026-02-14T03:45:53Z
DUK,2007-08-20,23.95,24.2,23.56,23.96,5124078,18.3,18.49,18,18.31,6706300,2026-02-14T03:45:53Z
DUK,2007-08-21,24.06,24.3,23.77,23.77,6399768,18.38,18.57,18.16,18.16,8375900,2026-02-14T03:45:53Z
DUK,2007-08-22,24.2,24.36,23.87,24.12,4070116,18.49,18.61,18.24,18.43,5326900,2026-02-14T03:45:53Z
DUK,2007-08-23,24.19,24.47,23.91,24.36,4497080,18.48,18.7,18.27,18.61,5885700,2026-02-14T03:45:53Z
DUK,2007-08-24,24.26,24.33,23.95,24.03,3185712,18.54,18.59,18.3,18.36,4169400,2026-02-14T03:45:53Z
DUK,2007-08-27,23.32,23.94,23.32,23.9,8197542,17.82,18.29,17.82,18.26,10728800,2026-02-14T03:45:53Z
DUK,2007-08-28,23.18,23.68,23.11,23.32,5762438,17.71,18.09,17.66,17.82,7541800,2026-02-14T03:45:53Z
DUK,2007-08-29,24,24.04,23.34,23.35,6516582,18.34,18.37,17.83,17.84,8528800,2026-02-14T03:45:53Z
DUK,2007-08-30,23.65,24.08,23.56,23.69,4255252,18.07,18.4,18,18.1,5569200,2026-02-14T03:45:53Z
DUK,2007-08-31,24,24.16,23.56,23.93,4836701,18.34,18.46,18,18.28,6330200,2026-02-14T03:45:53Z
DUK,2007-09-04,24.49,24.54,23.9,24.04,5320596,18.71,18.75,18.26,18.37,6963500,2026-02-14T03:45:53Z
DUK,2007-09-05,24.07,24.36,23.86,24.34,5715312,18.39,18.61,18.23,18.6,7480100,2026-02-14T03:45:53Z
DUK,2007-09-06,24.54,24.58,23.85,23.96,6319529,18.75,18.78,18.22,18.31,8270900,2026-02-14T03:45:53Z
DUK,2007-09-07,24.58,24.81,24.21,24.21,7771018,18.78,18.96,18.5,18.5,10170600,2026-02-14T03:45:53Z
DUK,2007-09-10,24.49,24.75,24.21,24.61,4437333,18.71,18.91,18.5,18.8,5807500,2026-02-14T03:45:53Z
DUK,2007-09-11,24.34,24.53,23.73,24.53,8469380,18.6,18.74,18.13,18.74,11084600,2026-02-14T03:45:53Z
DUK,2007-09-12,24.42,24.58,24.3,24.32,5469276,18.66,18.78,18.57,18.58,7158100,2026-02-14T03:45:53Z
DUK,2007-09-13,24.45,24.68,24.37,24.64,3497060,18.68,18.86,18.62,18.83,4576900,2026-02-14T03:45:53Z
DUK,2007-09-14,24.42,24.49,24.25,24.32,3451219,18.66,18.71,18.53,18.58,4516900,2026-02-14T03:45:53Z
DUK,2007-09-17,24.28,24.58,24.23,24.46,3302689,18.55,18.78,18.51,18.69,4322500,2026-02-14T03:45:53Z
DUK,2007-09-18,24.76,24.79,24.25,24.34,5305838,18.92,18.94,18.53,18.6,6944200,2026-02-14T03:45:53Z
DUK,2007-09-19,24.98,25.09,24.74,24.74,7193542,19.09,19.17,18.9,18.9,9414800,2026-02-14T03:45:53Z
DUK,2007-09-20,24.46,25,24.42,24.84,4121988,18.69,19.1,18.66,18.98,5394800,2026-02-14T03:45:53Z
DUK,2007-09-21,24.55,24.81,24.46,24.75,6026581,18.76,18.96,18.69,18.91,7887500,2026-02-14T03:45:53Z
DUK,2007-09-24,24.46,24.7,24.38,24.47,5109392,18.69,18.87,18.63,18.7,6687100,2026-02-14T03:45:53Z
DUK,2007-09-25,24.67,24.71,24.3,24.3,4211767,18.85,18.88,18.57,18.57,5512300,2026-02-14T03:45:53Z
DUK,2007-09-26,24.87,25,24.61,24.74,4628034,19,19.1,18.8,18.9,6057100,2026-02-14T03:45:53Z
DUK,2007-09-27,24.76,24.96,24.67,24.92,3195024,18.92,19.07,18.85,19.04,4181600,2026-02-14T03:45:53Z
DUK,2007-09-28,24.46,25.05,24.42,24.64,4456649,18.69,19.14,18.66,18.83,5832800,2026-02-14T03:45:53Z
DUK,2007-10-01,24.91,24.95,24.47,24.58,4244865,19.03,19.06,18.7,18.78,5555600,2026-02-14T03:45:53Z
DUK,2007-10-02,25,25.01,24.75,24.85,3902244,19.1,19.11,18.91,18.99,5107200,2026-02-14T03:45:53Z
DUK,2007-10-03,25.14,25.26,24.87,24.91,3745389,19.21,19.3,19,19.03,4901900,2026-02-14T03:45:53Z
DUK,2007-10-04,25.26,25.29,24.98,25.13,3540847,19.3,19.32,19.09,19.2,4634200,2026-02-14T03:45:53Z
DUK,2007-10-05,25.43,25.57,25.3,25.42,3447700,19.43,19.54,19.33,19.42,4512300,2026-02-14T03:45:53Z
DUK,2007-10-08,25.18,25.5,25.12,25.4,2425074,19.24,19.48,19.19,19.41,3173900,2026-02-14T03:45:53Z
DUK,2007-10-09,25.29,25.32,24.93,25.26,5746786,19.32,19.35,19.05,19.3,7521300,2026-02-14T03:45:53Z
DUK,2007-10-10,25.08,25.42,25.08,25.21,3042442,19.16,19.42,19.16,19.26,3981900,2026-02-14T03:45:53Z
DUK,2007-10-11,24.74,25.34,24.57,25.21,6541725,18.9,19.36,18.77,19.26,8561700,2026-02-14T03:45:53Z
DUK,2007-10-12,24.97,25.12,24.68,24.71,3996379,19.08,19.19,18.86,18.88,5230400,2026-02-14T03:45:53Z
DUK,2007-10-15,24.72,25.22,24.62,24.87,7310610,18.89,19.27,18.81,19,9568000,2026-02-14T03:45:53Z
DUK,2007-10-16,24.81,24.88,24.67,24.76,5268028,18.96,19.01,18.85,18.92,6894700,2026-02-14T03:45:53Z
DUK,2007-10-17,24.57,25.12,24.36,25.12,5860623,18.77,19.19,18.61,19.19,7670300,2026-02-14T03:45:53Z
DUK,2007-10-18,24.62,24.83,24.41,24.54,4240582,18.81,18.97,18.65,18.75,5550000,2026-02-14T03:45:53Z
DUK,2007-10-19,24.09,24.72,24.09,24.53,5051332,18.41,18.89,18.41,18.74,6611100,2026-02-14T03:45:53Z
DUK,2007-10-22,24.29,24.42,23.89,24.07,3282211,18.56,18.66,18.25,18.39,4295700,2026-02-14T03:45:53Z
DUK,2007-10-23,24.26,24.53,24.09,24.4,3904549,18.54,18.74,18.41,18.64,5110200,2026-02-14T03:45:53Z
DUK,2007-10-24,24.41,24.45,24.08,24.09,3973002,18.65,18.68,18.4,18.41,5199800,2026-02-14T03:45:53Z
DUK,2007-10-25,24.49,24.61,24.29,24.41,5355591,18.71,18.8,18.56,18.65,7009300,2026-02-14T03:45:53Z
DUK,2007-10-26,24.61,24.67,24.34,24.55,5206825,18.8,18.85,18.6,18.76,6814600,2026-02-14T03:45:53Z
DUK,2007-10-29,24.92,24.97,24.67,24.71,4330132,19.04,19.08,18.85,18.88,5667200,2026-02-14T03:45:53Z
DUK,2007-10-30,24.83,25.13,24.76,24.77,3586845,18.97,19.2,18.92,18.93,4694400,2026-02-14T03:45:53Z
DUK,2007-10-31,25.09,25.19,24.87,25.04,5491201,19.17,19.25,19,19.13,7186800,2026-02-14T03:45:53Z
DUK,2007-11-01,24.63,25.19,24.61,24.98,6188954,18.82,19.25,18.8,19.09,8100000,2026-02-14T03:45:53Z
DUK,2007-11-02,24.91,25.32,24.36,24.87,7502477,19.03,19.35,18.61,19,9819100,2026-02-14T03:45:53Z
DUK,2007-11-05,25.34,25.5,24.68,24.8,5630047,19.36,19.48,18.86,18.95,7368500,2026-02-14T03:45:53Z
DUK,2007-11-06,25.43,25.47,24.85,25.36,5355346,19.43,19.46,18.99,19.38,7009000,2026-02-14T03:45:53Z
DUK,2007-11-07,24.91,25.36,24.87,25.36,6720909,19.03,19.38,19,19.38,8796200,2026-02-14T03:45:53Z
DUK,2007-11-08,25.52,25.59,24.97,25.02,8517595,19.5,19.55,19.08,19.12,11147700,2026-02-14T03:45:53Z
DUK,2007-11-09,25.46,25.82,25.14,25.19,6256275,19.45,19.73,19.21,19.25,8188100,2026-02-14T03:45:53Z
DUK,2007-11-12,25.35,25.7,25.32,25.46,4263965,19.37,19.64,19.35,19.45,5580600,2026-02-14T03:45:53Z
DUK,2007-11-13,25.68,25.73,25.18,25.52,4350685,19.62,19.66,19.24,19.5,5694100,2026-02-14T03:45:53Z
DUK,2007-11-14,25.39,25.81,25.29,25.8,4583703,19.18,19.5,19.11,19.49,6067100,2026-02-14T03:45:53Z
DUK,2007-11-15,25.51,25.78,25.31,25.33,4163406,19.27,19.48,19.12,19.14,5510800,2026-02-14T03:45:53Z
DUK,2007-11-16,25.73,25.78,25.31,25.62,5097433,19.44,19.48,19.12,19.36,6747100,2026-02-14T03:45:53Z
DUK,2007-11-19,25.92,26.02,25.57,25.62,6393194,19.58,19.66,19.32,19.36,8462200,2026-02-14T03:45:53Z
DUK,2007-11-20,26.34,26.41,25.89,25.94,7726293,19.9,19.95,19.56,19.6,10226700,2026-02-14T03:45:53Z
DUK,2007-11-21,26.25,26.59,26.13,26.18,6660189,19.83,20.09,19.74,19.78,8815600,2026-02-14T03:45:53Z
DUK,2007-11-23,26.35,26.49,26.07,26.47,2761504,19.91,20.01,19.7,20,3655200,2026-02-14T03:45:53Z
DUK,2007-11-26,26.04,26.57,26.02,26.34,5595239,19.67,20.07,19.66,19.9,7406000,2026-02-14T03:45:53Z
DUK,2007-11-27,26.06,26.31,25.81,26.13,5875903,19.69,19.88,19.5,19.74,7777500,2026-02-14T03:45:53Z
DUK,2007-11-28,26.39,26.43,25.85,26.21,4625702,19.94,19.97,19.53,19.8,6122700,2026-02-14T03:45:53Z
DUK,2007-11-29,26.17,26.43,26,26.3,4805961,19.77,19.97,19.64,19.87,6361300,2026-02-14T03:45:53Z
DUK,2007-11-30,26.19,26.43,26.06,26.43,5142399,19.79,19.97,19.69,19.97,6806600,2026-02-14T03:45:53Z
DUK,2007-12-03,26.25,26.45,26.1,26.2,3901177,19.83,19.98,19.72,19.79,5163700,2026-02-14T03:45:53Z
DUK,2007-12-04,26.75,26.94,26.07,26.14,6245340,20.21,20.35,19.7,19.75,8266500,2026-02-14T03:45:53Z
DUK,2007-12-05,27.07,27.11,26.8,26.95,4976867,20.45,20.48,20.25,20.36,6587500,2026-02-14T03:45:53Z
DUK,2007-12-06,27.17,27.23,26.82,27.05,3766627,20.53,20.57,20.26,20.44,4985600,2026-02-14T03:45:53Z
DUK,2007-12-07,27.21,27.32,26.99,27.19,4017757,20.56,20.64,20.39,20.54,5318000,2026-02-14T03:45:53Z
DUK,2007-12-10,27.27,27.5,27.07,27.32,4455034,20.6,20.78,20.45,20.64,5896800,2026-02-14T03:45:53Z
DUK,2007-12-11,26.7,27.37,26.7,27.25,5570614,20.17,20.68,20.17,20.59,7373400,2026-02-14T03:45:53Z
DUK,2007-12-12,27.04,27.29,26.75,27.29,6057596,20.43,20.62,20.21,20.62,8018000,2026-02-14T03:45:53Z
DUK,2007-12-13,27.35,27.4,26.83,26.96,6413974,20.66,20.7,20.27,20.37,8489700,2026-02-14T03:45:53Z
DUK,2007-12-14,27.08,27.39,26.87,26.87,6288327,20.46,20.69,20.3,20.3,8323400,2026-02-14T03:45:53Z
DUK,2007-12-17,26.68,27.13,26.54,26.91,3953607,20.16,20.5,20.05,20.33,5233100,2026-02-14T03:45:53Z
DUK,2007-12-18,27,27.09,26.76,26.92,4648965,20.4,20.47,20.22,20.34,6153500,2026-02-14T03:45:53Z
DUK,2007-12-19,26.75,27.2,26.57,27,5458259,20.21,20.55,20.07,20.4,7224700,2026-02-14T03:45:53Z
DUK,2007-12-20,26.92,27.2,26.67,26.99,3879879,20.34,20.55,20.15,20.39,5135500,2026-02-14T03:45:53Z
DUK,2007-12-21,27.12,27.36,27.04,27.24,6682098,20.49,20.67,20.43,20.58,8844600,2026-02-14T03:45:53Z
DUK,2007-12-24,27.16,27.29,27.07,27.12,1567285,20.52,20.62,20.45,20.49,2074500,2026-02-14T03:45:53Z
DUK,2007-12-26,27.21,27.31,26.99,27.13,2432488,20.56,20.63,20.39,20.5,3219700,2026-02-14T03:45:53Z
DUK,2007-12-27,26.79,27.21,26.76,27,2867952,20.24,20.56,20.22,20.4,3796100,2026-02-14T03:45:53Z
DUK,2007-12-28,26.9,27.12,26.79,26.82,3570113,20.32,20.49,20.24,20.26,4725500,2026-02-14T03:45:53Z
DUK,2007-12-31,26.7,26.92,26.63,26.86,2249126,20.17,20.34,20.12,20.29,2977000,2026-02-14T03:45:53Z
DUK,2008-01-02,26.14,26.78,25.98,26.64,5455772,19.75,20.23,19.63,20.13,7221400,2026-02-14T03:45:53Z
DUK,2008-01-03,26.22,26.47,26.14,26.18,3749477,19.81,20,19.75,19.78,4962900,2026-02-14T03:45:53Z
DUK,2008-01-04,26.21,26.45,26,26.05,4779898,19.8,19.98,19.64,19.68,6326800,2026-02-14T03:45:53Z
DUK,2008-01-07,26.88,26.94,26.27,26.41,5267584,20.31,20.35,19.85,19.95,6972300,2026-02-14T03:45:53Z
DUK,2008-01-08,26.8,27.27,26.74,26.96,6417831,20.25,20.6,20.2,20.37,8494800,2026-02-14T03:45:53Z
DUK,2008-01-09,27.09,27.17,26.76,26.83,5176768,20.47,20.53,20.22,20.27,6852100,2026-02-14T03:45:53Z
DUK,2008-01-10,27.05,27.24,26.84,26.95,5015466,20.44,20.58,20.28,20.36,6638600,2026-02-14T03:45:53Z
DUK,2008-01-11,26.71,27.04,26.61,26.86,4557473,20.18,20.43,20.1,20.29,6032400,2026-02-14T03:45:53Z
DUK,2008-01-14,26.8,26.94,26.61,26.87,4165756,20.25,20.35,20.1,20.3,5513900,2026-02-14T03:45:53Z
DUK,2008-01-15,26.35,26.96,26.31,26.54,6448269,19.91,20.37,19.88,20.05,8535100,2026-02-14T03:45:53Z
DUK,2008-01-16,26.41,26.67,26.13,26.26,6842878,19.95,20.15,19.74,19.84,9057400,2026-02-14T03:45:53Z
DUK,2008-01-17,25.64,26.47,25.56,26.43,7580852,19.37,20,19.31,19.97,10034200,2026-02-14T03:45:53Z
DUK,2008-01-18,25.36,26.13,25.21,25.77,8252095,19.16,19.74,19.05,19.47,10922700,2026-02-14T03:45:53Z
DUK,2008-01-22,24.5,25.08,23.97,24.09,9968533,18.51,18.95,18.11,18.2,13194600,2026-02-14T03:45:53Z
DUK,2008-01-23,25.14,25.15,23.93,24.17,11531380,18.99,19,18.08,18.26,15263200,2026-02-14T03:45:53Z
DUK,2008-01-24,24.35,25.15,24.22,25.14,7666822,18.4,19,18.3,18.99,10148000,2026-02-14T03:45:53Z
DUK,2008-01-25,23.76,24.62,23.67,24.62,8827713,17.95,18.6,17.88,18.6,11684600,2026-02-14T03:45:53Z
DUK,2008-01-28,24.26,24.29,23.71,23.84,5223219,18.33,18.35,17.91,18.01,6913600,2026-02-14T03:45:53Z
DUK,2008-01-29,24.29,24.49,24.17,24.42,5254814,18.35,18.5,18.26,18.45,6955400,2026-02-14T03:45:53Z
DUK,2008-01-30,24.35,24.84,24.09,24.24,6250410,18.4,18.77,18.2,18.31,8273200,2026-02-14T03:45:53Z
DUK,2008-01-31,24.69,24.86,24.02,24.45,8825538,18.65,18.78,18.15,18.47,11681700,2026-02-14T03:45:53Z
DUK,2008-02-01,25,25,24.37,24.66,4823641,18.89,18.89,18.41,18.63,6384700,2026-02-14T03:45:53Z
DUK,2008-02-04,25.47,25.7,24.99,25.06,5849301,19.24,19.42,18.88,18.93,7742300,2026-02-14T03:45:53Z
DUK,2008-02-05,24.51,25.35,24.46,25.02,7173188,18.52,19.15,18.48,18.9,9494600,2026-02-14T03:45:53Z
DUK,2008-02-06,24.94,25.21,24.71,24.78,7407760,18.84,19.05,18.67,18.72,9805100,2026-02-14T03:45:53Z
DUK,2008-02-07,24.34,24.98,24.13,24.84,11309379,18.39,18.87,18.23,18.77,14969400,2026-02-14T03:45:53Z
DUK,2008-02-08,24.34,24.51,24.13,24.36,5476844,18.39,18.52,18.23,18.4,7249300,2026-02-14T03:45:53Z
DUK,2008-02-11,24.49,24.55,24.21,24.29,7425732,18.5,18.55,18.29,18.35,9828900,2026-02-14T03:45:53Z
DUK,2008-02-12,24.75,24.91,24.51,24.59,6340839,18.7,18.82,18.52,18.58,8392900,2026-02-14T03:45:53Z
DUK,2008-02-13,24.67,25.02,24.47,24.95,5658656,18.42,18.68,18.27,18.63,7579100,2026-02-14T03:45:53Z
DUK,2008-02-14,24.32,24.97,24.22,24.73,5026865,18.16,18.64,18.08,18.46,6732900,2026-02-14T03:45:53Z
DUK,2008-02-15,24.22,24.43,24.08,24.39,5116917,18.08,18.24,17.98,18.21,6853500,2026-02-14T03:45:53Z
DUK,2008-02-19,24.34,24.5,24.22,24.43,4400082,18.17,18.29,18.08,18.24,5893400,2026-02-14T03:45:53Z
DUK,2008-02-20,24.48,24.58,24.08,24.18,5790432,18.28,18.35,17.98,18.05,7755600,2026-02-14T03:45:53Z
DUK,2008-02-21,23.99,24.56,23.95,24.52,5706445,17.91,18.34,17.88,18.31,7643100,2026-02-14T03:45:53Z
DUK,2008-02-22,24.4,24.43,23.87,24,5174088,18.22,18.24,17.82,17.92,6930100,2026-02-14T03:45:53Z
DUK,2008-02-25,24.64,24.71,24.38,24.38,6089083,18.4,18.45,18.2,18.2,8155600,2026-02-14T03:45:53Z
DUK,2008-02-26,24.66,24.67,24.24,24.48,8041102,18.41,18.42,18.1,18.28,10770100,2026-02-14T03:45:53Z
DUK,2008-02-27,24.44,24.8,24.4,24.55,5130279,18.25,18.52,18.22,18.33,6871400,2026-02-14T03:45:53Z
DUK,2008-02-28,24.02,24.48,23.99,24.47,9438240,17.93,18.28,17.91,18.27,12641400,2026-02-14T03:45:53Z
DUK,2008-02-29,23.49,23.96,23.4,23.96,10454056,17.54,17.89,17.47,17.89,14002000,2026-02-14T03:45:53Z
DUK,2008-03-03,23.69,23.83,23.41,23.51,5832830,17.69,17.79,17.48,17.55,7812400,2026-02-14T03:45:53Z
DUK,2008-03-04,23.71,23.83,23.4,23.53,7840917,17.7,17.79,17.47,17.57,10502000,2026-02-14T03:45:53Z
DUK,2008-03-05,23.6,23.83,23.25,23.83,6240118,17.62,17.79,17.36,17.79,8357900,2026-02-14T03:45:53Z
DUK,2008-03-06,23.12,23.6,23.1,23.53,6130672,17.26,17.62,17.25,17.57,8211300,2026-02-14T03:45:53Z
DUK,2008-03-07,22.96,23.17,22.78,23.17,6637016,17.14,17.3,17.01,17.3,8889500,2026-02-14T03:45:53Z
DUK,2008-03-10,22.93,23.16,22.77,23.02,5210541,17.12,17.29,17,17.19,6978900,2026-02-14T03:45:53Z
DUK,2008-03-11,23.83,23.83,23.2,23.4,7490394,17.79,17.79,17.32,17.47,10032500,2026-02-14T03:45:53Z
DUK,2008-03-12,23.48,24.11,23.47,23.83,6312602,17.53,18,17.52,17.79,8455000,2026-02-14T03:45:53Z
DUK,2008-03-13,23.77,23.92,23.23,23.43,7987647,17.75,17.86,17.34,17.49,10698500,2026-02-14T03:45:53Z
DUK,2008-03-14,23.44,24.02,23.14,23.99,9761360,17.5,17.93,17.28,17.91,13074200,2026-02-14T03:45:53Z
DUK,2008-03-17,24.03,24.23,23.24,23.43,9752712,17.94,18.09,17.35,17.49,13062600,2026-02-14T03:45:53Z
DUK,2008-03-18,24.3,24.35,23.84,24.12,8043779,18.14,18.18,17.8,18.01,10773700,2026-02-14T03:45:53Z
DUK,2008-03-19,23.77,24.68,23.76,24.34,7969431,17.75,18.43,17.74,18.17,10674100,2026-02-14T03:45:53Z
DUK,2008-03-20,24.43,24.5,23.64,23.8,8501916,18.24,18.29,17.65,17.77,11387300,2026-02-14T03:45:53Z
DUK,2008-03-24,24.12,24.54,23.95,24.48,4827295,18.01,18.32,17.88,18.28,6465600,2026-02-14T03:45:53Z
DUK,2008-03-25,23.84,24.36,23.84,24.11,7731550,17.8,18.19,17.8,18,10355500,2026-02-14T03:45:53Z
DUK,2008-03-26,24.03,24.18,23.65,23.76,4850373,17.94,18.05,17.66,17.74,6496500,2026-02-14T03:45:53Z
DUK,2008-03-27,23.84,24.3,23.8,24.03,5449528,17.8,18.14,17.77,17.94,7299000,2026-02-14T03:45:53Z
DUK,2008-03-28,23.72,24.11,23.68,24.05,4350952,17.71,18,17.68,17.96,5827600,2026-02-14T03:45:53Z
DUK,2008-03-31,23.91,23.99,23.6,23.76,5080619,17.85,17.91,17.62,17.74,6804900,2026-02-14T03:45:53Z
DUK,2008-04-01,24.28,24.4,23.92,24.08,4918535,18.13,18.22,17.86,17.98,6587800,2026-02-14T03:45:53Z
DUK,2008-04-02,24.51,24.67,24.15,24.31,5647900,18.3,18.42,18.03,18.15,7564700,2026-02-14T03:45:53Z
DUK,2008-04-03,24.36,24.67,24.32,24.38,4022593,18.19,18.42,18.16,18.2,5387800,2026-02-14T03:45:53Z
DUK,2008-04-04,24.27,24.63,24.22,24.44,4665809,18.12,18.39,18.08,18.25,6249300,2026-02-14T03:45:53Z
DUK,2008-04-07,24.47,24.52,24.11,24.38,4390309,18.27,18.31,18,18.2,5880300,2026-02-14T03:45:53Z
DUK,2008-04-08,24.66,24.78,24.38,24.38,5279452,18.41,18.5,18.2,18.2,7071200,2026-02-14T03:45:53Z
DUK,2008-04-09,24.6,24.77,24.5,24.71,3492199,18.37,18.49,18.29,18.45,4677400,2026-02-14T03:45:53Z
DUK,2008-04-10,24.58,24.77,24.46,24.63,4287864,18.35,18.49,18.26,18.39,5743100,2026-02-14T03:45:53Z
DUK,2008-04-11,24.35,24.61,24.31,24.56,4081128,18.18,18.37,18.15,18.34,5466200,2026-02-14T03:45:53Z
DUK,2008-04-14,24.16,24.47,24.08,24.39,7108114,18.04,18.27,17.98,18.21,9520500,2026-02-14T03:45:53Z
DUK,2008-04-15,24.16,24.3,24.04,24.27,5093307,18.04,18.14,17.95,18.12,6821900,2026-02-14T03:45:53Z
DUK,2008-04-16,24.71,24.74,24.11,24.32,6537341,18.45,18.47,18,18.16,8756000,2026-02-14T03:45:53Z
DUK,2008-04-17,24.54,24.91,24.46,24.68,5761532,18.32,18.6,18.26,18.43,7716900,2026-02-14T03:45:53Z
DUK,2008-04-18,24.63,24.89,24.39,24.89,5420193,18.39,18.58,18.21,18.58,7259700,2026-02-14T03:45:53Z
DUK,2008-04-21,24.47,24.68,24.31,24.64,5715024,18.27,18.43,18.15,18.4,7654600,2026-02-14T03:45:53Z
DUK,2008-04-22,24.22,24.39,24.05,24.38,5604083,18.08,18.21,17.96,18.2,7506000,2026-02-14T03:45:53Z
DUK,2008-04-23,24.63,24.64,23.98,24.26,6410054,18.39,18.4,17.9,18.11,8585500,2026-02-14T03:45:53Z
DUK,2008-04-24,24.4,24.71,24.18,24.54,6617287,18.22,18.45,18.05,18.32,8863100,2026-02-14T03:45:53Z
DUK,2008-04-25,24.74,24.74,24.46,24.56,4607343,18.47,18.47,18.26,18.34,6171000,2026-02-14T03:45:53Z
DUK,2008-04-28,24.48,24.78,24.36,24.78,4951686,18.28,18.5,18.19,18.5,6632200,2026-02-14T03:45:53Z
DUK,2008-04-29,24.38,24.58,24.35,24.5,4202973,18.2,18.35,18.18,18.29,5629400,2026-02-14T03:45:53Z
DUK,2008-04-30,24.52,24.86,24.39,24.47,4543510,18.31,18.56,18.21,18.27,6085500,2026-02-14T03:45:53Z
DUK,2008-05-01,25.01,25.15,24.42,24.61,5242706,18.67,18.78,18.23,18.37,7022000,2026-02-14T03:45:53Z
DUK,2008-05-02,25.43,25.72,25.18,25.45,6744891,18.99,19.2,18.8,19,9034000,2026-02-14T03:45:53Z
DUK,2008-05-05,25.09,25.57,24.78,25.57,5704651,18.73,19.09,18.5,19.09,7640700,2026-02-14T03:45:53Z
DUK,2008-05-06,25.13,25.25,24.91,24.98,6221154,18.76,18.85,18.6,18.65,8332500,2026-02-14T03:45:53Z
DUK,2008-05-07,24.74,25.26,24.7,25.19,4345432,18.47,18.86,18.44,18.81,5820200,2026-02-14T03:45:53Z
DUK,2008-05-08,24.85,24.93,24.64,24.91,3964130,18.55,18.61,18.4,18.6,5309500,2026-02-14T03:45:53Z
DUK,2008-05-09,24.73,25.17,24.59,25.14,5190601,18.46,18.79,18.36,18.77,6952200,2026-02-14T03:45:53Z
DUK,2008-05-12,25.06,25.06,24.67,24.83,3214756,18.71,18.71,18.42,18.54,4305800,2026-02-14T03:45:53Z
DUK,2008-05-13,24.9,25.18,24.7,25.18,4209031,18.59,18.8,18.44,18.8,5637500,2026-02-14T03:45:53Z
DUK,2008-05-14,25.3,25.34,24.9,24.99,5680535,18.89,18.92,18.59,18.66,7608400,2026-02-14T03:45:53Z
DUK,2008-05-15,25.1,25.41,24.93,25.41,4883824,18.52,18.75,18.4,18.75,6618400,2026-02-14T03:45:53Z
DUK,2008-05-16,25.12,25.23,24.93,25.18,3596308,18.54,18.62,18.4,18.58,4873600,2026-02-14T03:45:53Z
DUK,2008-05-19,25.38,25.41,25.14,25.15,3303882,18.73,18.75,18.55,18.56,4477300,2026-02-14T03:45:53Z
DUK,2008-05-20,25.19,25.49,25.08,25.18,4236755,18.59,18.81,18.51,18.58,5741500,2026-02-14T03:45:53Z
DUK,2008-05-21,25.12,25.48,25.07,25.31,4781476,18.54,18.8,18.5,18.68,6479700,2026-02-14T03:45:53Z
DUK,2008-05-22,25.25,25.4,25.07,25.11,3129806,18.63,18.74,18.5,18.53,4241400,2026-02-14T03:45:53Z
DUK,2008-05-23,24.68,25.22,24.62,25.08,3781525,18.21,18.61,18.17,18.51,5124600,2026-02-14T03:45:53Z
DUK,2008-05-27,24.8,24.88,24.45,24.45,3912957,18.3,18.36,18.04,18.04,5302700,2026-02-14T03:45:53Z
DUK,2008-05-28,24.93,24.93,24.7,24.87,4159277,18.4,18.4,18.23,18.35,5636500,2026-02-14T03:45:53Z
DUK,2008-05-29,24.96,25.12,24.04,24.61,3996639,18.42,18.54,17.74,18.16,5416100,2026-02-14T03:45:53Z
DUK,2008-05-30,25.04,25.16,24.85,25.07,5209464,18.48,18.57,18.34,18.5,7059700,2026-02-14T03:45:53Z
DUK,2008-06-02,24.54,25.03,24.41,25,5602131,18.11,18.47,18.01,18.45,7591800,2026-02-14T03:45:53Z
DUK,2008-06-03,24.35,24.77,24.24,24.7,6416196,17.97,18.28,17.89,18.23,8695000,2026-02-14T03:45:53Z
DUK,2008-06-04,24.6,24.62,24.26,24.32,5620483,18.15,18.17,17.9,17.95,7616700,2026-02-14T03:45:53Z
DUK,2008-06-05,24.62,24.64,24.34,24.64,7071890,18.17,18.18,17.96,18.18,9583600,2026-02-14T03:45:53Z
DUK,2008-06-06,23.97,24.54,23.95,24.46,6063975,17.69,18.11,17.67,18.05,8217700,2026-02-14T03:45:53Z
DUK,2008-06-09,24.53,24.6,24.05,24.12,5003666,18.1,18.15,17.75,17.8,6780800,2026-02-14T03:45:53Z
DUK,2008-06-10,24.27,24.52,24.05,24.43,5057243,17.91,18.09,17.75,18.03,6853400,2026-02-14T03:45:53Z
DUK,2008-06-11,24.31,24.43,24.03,24.27,7791435,17.94,18.03,17.73,17.91,10558700,2026-02-14T03:45:53Z
DUK,2008-06-12,24.18,24.46,24.07,24.35,4843309,17.84,18.05,17.76,17.97,6563500,2026-02-14T03:45:53Z
DUK,2008-06-13,24.6,24.61,24.22,24.27,5219425,18.15,18.16,17.87,17.91,7073200,2026-02-14T03:45:53Z
DUK,2008-06-16,24.66,24.7,24.23,24.58,4712194,18.2,18.23,17.88,18.14,6385800,2026-02-14T03:45:53Z
DUK,2008-06-17,24.66,24.75,24.52,24.68,4004824,18.2,18.26,18.09,18.21,5427200,2026-02-14T03:45:53Z
DUK,2008-06-18,24.53,24.79,24.37,24.42,4687986,18.1,18.29,17.98,18.02,6353000,2026-02-14T03:45:53Z
DUK,2008-06-19,24.56,24.57,24.31,24.42,5750808,18.12,18.13,17.94,18.02,7793300,2026-02-14T03:45:53Z
DUK,2008-06-20,23.95,24.47,23.82,24.32,9123154,17.67,18.06,17.58,17.95,12363400,2026-02-14T03:45:53Z
DUK,2008-06-23,24.04,24.38,23.99,24,5036217,17.74,17.99,17.7,17.71,6824900,2026-02-14T03:45:53Z
DUK,2008-06-24,23.8,24.01,23.71,24,6060293,17.56,17.72,17.5,17.71,8212700,2026-02-14T03:45:53Z
DUK,2008-06-25,24.04,24.2,23.78,23.92,5311165,17.74,17.86,17.55,17.65,7197500,2026-02-14T03:45:53Z
DUK,2008-06-26,23.35,23.89,23.35,23.8,6925647,17.23,17.63,17.23,17.56,9385400,2026-02-14T03:45:53Z
DUK,2008-06-27,23.13,23.59,23.07,23.38,8417633,17.07,17.41,17.02,17.25,11407300,2026-02-14T03:45:53Z
DUK,2008-06-30,23.55,23.71,23.08,23.24,10543350,17.38,17.5,17.03,17.15,14288000,2026-02-14T03:45:53Z
DUK,2008-07-01,23.4,23.61,23.17,23.3,7039511,17.27,17.42,17.1,17.19,9539700,2026-02-14T03:45:53Z
DUK,2008-07-02,23.39,23.71,23.35,23.35,5359998,17.26,17.5,17.23,17.23,7263700,2026-02-14T03:45:53Z
DUK,2008-07-03,23.19,23.69,23.16,23.54,3898708,17.11,17.48,17.09,17.37,5283400,2026-02-14T03:45:53Z
DUK,2008-07-07,23.28,23.57,23.11,23.24,7141943,17.18,17.39,17.05,17.15,9678500,2026-02-14T03:45:53Z
DUK,2008-07-08,23.69,23.73,23.24,23.31,8146013,17.48,17.51,17.15,17.2,11039200,2026-02-14T03:45:53Z
DUK,2008-07-09,23.73,24.04,23.58,23.68,6497004,17.51,17.74,17.4,17.47,8804500,2026-02-14T03:45:53Z
DUK,2008-07-10,23.65,23.85,23.46,23.69,6360119,17.45,17.6,17.31,17.48,8619000,2026-02-14T03:45:53Z
DUK,2008-07-11,23.58,23.85,23.19,23.43,5352477,17.4,17.6,17.11,17.29,7253500,2026-02-14T03:45:53Z
DUK,2008-07-14,23.31,23.78,23.27,23.78,5163143,17.2,17.55,17.17,17.55,6996900,2026-02-14T03:45:53Z
DUK,2008-07-15,23.39,23.55,23.12,23.31,7094691,17.26,17.38,17.06,17.2,9614500,2026-02-14T03:45:53Z
DUK,2008-07-16,23.15,23.48,23.01,23.44,5518519,17.08,17.33,16.98,17.3,7478500,2026-02-14T03:45:53Z
DUK,2008-07-17,23.28,23.4,22.73,23.23,7860750,17.18,17.27,16.77,17.14,10652600,2026-02-14T03:45:53Z
DUK,2008-07-18,23.55,23.65,23.21,23.3,7531986,17.38,17.45,17.13,17.19,10207100,2026-02-14T03:45:53Z
DUK,2008-07-21,23.53,23.73,23.44,23.61,5504045,17.36,17.51,17.3,17.42,7458900,2026-02-14T03:45:53Z
DUK,2008-07-22,23.53,23.84,23.44,23.59,5206074,17.36,17.59,17.3,17.41,7055100,2026-02-14T03:45:53Z
DUK,2008-07-23,23.34,23.58,23.09,23.51,4505583,17.22,17.4,17.04,17.35,6105800,2026-02-14T03:45:53Z
DUK,2008-07-24,23.47,23.54,23.19,23.39,5945537,17.32,17.37,17.11,17.26,8057200,2026-02-14T03:45:53Z
DUK,2008-07-25,23.3,23.65,23.27,23.62,3945126,17.19,17.45,17.17,17.43,5346300,2026-02-14T03:45:53Z
DUK,2008-07-28,23.17,23.42,23.05,23.24,5882019,17.1,17.28,17.01,17.15,7971100,2026-02-14T03:45:53Z
DUK,2008-07-29,23.4,23.47,23.15,23.17,5024405,17.27,17.32,17.08,17.1,6808900,2026-02-14T03:45:53Z
DUK,2008-07-30,23.74,23.96,23.32,23.5,6675714,17.52,17.68,17.21,17.34,9046700,2026-02-14T03:45:53Z
DUK,2008-07-31,23.82,24.07,23.55,23.74,5573490,17.58,17.76,17.38,17.52,7553000,2026-02-14T03:45:53Z
DUK,2008-08-01,23.27,23.96,23.25,23.71,5833233,17.17,17.68,17.16,17.5,7905000,2026-02-14T03:45:53Z
DUK,2008-08-04,23.54,23.71,23.24,23.24,5412480,17.37,17.5,17.15,17.15,7334800,2026-02-14T03:45:53Z
DUK,2008-08-05,23.93,23.93,23.4,23.8,6153275,17.66,17.66,17.27,17.56,8338700,2026-02-14T03:45:53Z
DUK,2008-08-06,23.63,24.22,23.61,24.12,6708252,17.44,17.87,17.42,17.8,9090800,2026-02-14T03:45:53Z
DUK,2008-08-07,23.61,23.92,23.4,23.58,4706211,17.42,17.65,17.27,17.4,6377700,2026-02-14T03:45:53Z
DUK,2008-08-08,24.64,24.68,23.47,23.61,8585669,18.18,18.21,17.32,17.42,11635000,2026-02-14T03:45:53Z
DUK,2008-08-11,25.12,25.37,24.05,24.16,8218024,18.54,18.72,17.75,17.83,11136800,2026-02-14T03:45:53Z
DUK,2008-08-12,24.19,25.04,24.07,25.04,8180624,17.85,18.48,17.76,18.48,11086100,2026-02-14T03:45:53Z
DUK,2008-08-13,24.38,24.57,24.05,24.05,6186304,17.76,17.9,17.52,17.52,8492900,2026-02-14T03:45:53Z
DUK,2008-08-14,24.12,24.46,24.05,24.46,5005108,17.57,17.82,17.52,17.82,6871300,2026-02-14T03:45:53Z
DUK,2008-08-15,24.41,24.46,24.12,24.12,3565336,17.78,17.82,17.57,17.57,4894700,2026-02-14T03:45:53Z
DUK,2008-08-18,24.56,24.66,24.35,24.42,4062405,17.89,17.96,17.74,17.79,5577100,2026-02-14T03:45:53Z
DUK,2008-08-19,24.29,24.59,24.23,24.49,3713938,17.69,17.91,17.65,17.84,5098700,2026-02-14T03:45:53Z
DUK,2008-08-20,24.3,24.38,24.11,24.38,5002135,17.7,17.76,17.56,17.76,6867200,2026-02-14T03:45:53Z
DUK,2008-08-21,24.24,24.37,24.09,24.18,4456337,17.66,17.75,17.55,17.61,6117900,2026-02-14T03:45:53Z
DUK,2008-08-22,24.48,24.55,24.25,24.41,2446215,17.83,17.88,17.66,17.78,3358300,2026-02-14T03:45:53Z
DUK,2008-08-25,24.15,24.49,24.07,24.41,3702942,17.59,17.84,17.53,17.78,5083600,2026-02-14T03:45:53Z
DUK,2008-08-26,24.3,24.44,24.08,24.09,4883333,17.7,17.8,17.54,17.55,6704100,2026-02-14T03:45:53Z
DUK,2008-08-27,24.34,24.44,24.18,24.18,3029236,17.73,17.8,17.61,17.61,4158700,2026-02-14T03:45:53Z
DUK,2008-08-28,24.49,24.51,24.29,24.44,2798987,17.84,17.85,17.69,17.8,3842600,2026-02-14T03:45:53Z
DUK,2008-08-29,23.94,24.49,23.91,24.44,4500982,17.44,17.84,17.42,17.8,6179200,2026-02-14T03:45:53Z
DUK,2008-09-02,23.81,24.26,23.76,24.05,6097731,17.34,17.67,17.31,17.52,8371300,2026-02-14T03:45:53Z
DUK,2008-09-03,23.5,23.87,23.38,23.82,7094477,17.12,17.39,17.03,17.35,9739700,2026-02-14T03:45:53Z
DUK,2008-09-04,23.74,23.8,23.43,23.54,8167564,17.29,17.34,17.07,17.15,11212900,2026-02-14T03:45:53Z
DUK,2008-09-05,23.76,23.91,23.39,23.7,7307187,17.31,17.42,17.04,17.26,10031700,2026-02-14T03:45:53Z
DUK,2008-09-08,24.53,24.53,23.9,24,8231901,17.87,17.87,17.41,17.48,11301200,2026-02-14T03:45:53Z
DUK,2008-09-09,24.85,25.04,24.44,24.44,13429007,18.1,18.24,17.8,17.8,18436100,2026-02-14T03:45:53Z
DUK,2008-09-10,24.53,25.01,24.49,24.88,7023178,17.87,18.22,17.84,18.12,9641800,2026-02-14T03:45:53Z
DUK,2008-09-11,25.01,25.05,24.38,24.49,6230087,18.22,18.25,17.76,17.84,8553000,2026-02-14T03:45:53Z
DUK,2008-09-12,25.12,25.25,24.77,24.88,5410632,18.3,18.39,18.04,18.12,7428000,2026-02-14T03:45:53Z
DUK,2008-09-15,24.52,25.27,24.25,24.82,7554108,17.86,18.41,17.66,18.08,10370700,2026-02-14T03:45:53Z
DUK,2008-09-16,24.77,25,23.97,24.79,11155876,18.04,18.21,17.46,18.06,15315400,2026-02-14T03:45:53Z
DUK,2008-09-17,23.86,24.6,23.85,24.4,9091863,17.38,17.92,17.37,17.77,12481800,2026-02-14T03:45:53Z
DUK,2008-09-18,25.52,25.73,23.94,24.05,14321817,18.59,18.74,17.44,17.52,19661800,2026-02-14T03:45:53Z
DUK,2008-09-19,24.67,26.22,24.64,25.64,12596816,17.97,19.1,17.95,18.68,17293600,2026-02-14T03:45:53Z
DUK,2008-09-22,24.67,25,24.45,24.75,7659803,17.97,18.21,17.81,18.03,10515800,2026-02-14T03:45:53Z
DUK,2008-09-23,24.26,25.04,24.2,24.77,6542289,17.67,18.24,17.63,18.04,8981600,2026-02-14T03:45:53Z
DUK,2008-09-24,24.51,24.55,24.09,24.38,5764838,17.85,17.88,17.55,17.76,7914300,2026-02-14T03:45:53Z
DUK,2008-09-25,24.67,24.96,24.51,24.59,5128801,17.97,18.18,17.85,17.91,7041100,2026-02-14T03:45:53Z
DUK,2008-09-26,24.75,24.81,24.27,24.42,4341605,18.03,18.07,17.68,17.79,5960400,2026-02-14T03:45:53Z
DUK,2008-09-29,24.18,24.85,24.09,24.49,9311752,17.61,18.1,17.55,17.84,12783700,2026-02-14T03:45:53Z
DUK,2008-09-30,23.93,24.71,23.57,24.59,8742497,17.43,18,17.17,17.91,12002200,2026-02-14T03:45:53Z
DUK,2008-10-01,24.45,24.6,23.61,23.93,6728764,17.81,17.92,17.2,17.43,9237600,2026-02-14T03:45:53Z
DUK,2008-10-02,24.08,24.44,23.9,24.34,10032002,17.54,17.8,17.41,17.73,13772500,2026-02-14T03:45:53Z
DUK,2008-10-03,23.83,24.7,23.76,24.34,7497138,17.36,17.99,17.31,17.73,10292500,2026-02-14T03:45:53Z
DUK,2008-10-06,23.49,24.02,22.65,23.83,12622117,17.11,17.5,16.5,17.36,17328300,2026-02-14T03:45:53Z
DUK,2008-10-07,23.3,23.91,23.2,23.85,12142676,16.97,17.42,16.9,17.37,16670100,2026-02-14T03:45:53Z
DUK,2008-10-08,23.24,23.89,22.8,22.87,13812767,16.93,17.4,16.61,16.66,18962900,2026-02-14T03:45:53Z
DUK,2008-10-09,20.8,23.38,20.8,23.15,14306285,15.15,17.03,15.15,16.86,19640500,2026-02-14T03:45:53Z
DUK,2008-10-10,19.81,21.13,18.53,19.73,18096592,14.43,15.39,13.5,14.37,24844000,2026-02-14T03:45:53Z
DUK,2008-10-13,22.45,22.64,21.17,22.64,9639391,16.35,16.49,15.42,16.49,13233500,2026-02-14T03:45:53Z
DUK,2008-10-14,21.58,23.82,20.87,23.75,15468260,15.72,17.35,15.2,17.3,21235700,2026-02-14T03:45:53Z
DUK,2008-10-15,20.33,21.51,20.25,21.47,9820983,14.81,15.67,14.75,15.64,13482800,2026-02-14T03:45:53Z
DUK,2008-10-16,21.32,21.35,19.77,21.17,12748563,15.53,15.55,14.4,15.42,17501900,2026-02-14T03:45:53Z
DUK,2008-10-17,20.8,21.87,20.62,21,11860147,15.15,15.93,15.02,15.3,16282300,2026-02-14T03:45:53Z
DUK,2008-10-20,22.9,22.93,20.94,21.29,8273277,16.68,16.7,15.25,15.51,11358000,2026-02-14T03:45:53Z
DUK,2008-10-21,21.55,22.62,21.44,22.45,7521266,15.7,16.48,15.62,16.35,10325600,2026-02-14T03:45:53Z
DUK,2008-10-22,21.21,21.88,20.58,21.53,14408591,15.45,15.94,14.99,15.68,19780900,2026-02-14T03:45:53Z
DUK,2008-10-23,22.51,22.6,21.07,21.55,14371597,16.4,16.46,15.35,15.7,19730100,2026-02-14T03:45:53Z
DUK,2008-10-24,21.46,21.99,20.84,21.13,11177155,15.63,16.02,15.18,15.39,15344600,2026-02-14T03:45:53Z
DUK,2008-10-27,21.58,22.43,21.07,21.18,10729673,15.72,16.34,15.35,15.43,14730300,2026-02-14T03:45:53Z
DUK,2008-10-28,22.9,22.91,21.29,22.12,11985470,16.68,16.69,15.51,16.11,16454300,2026-02-14T03:45:53Z
DUK,2008-10-29,22.3,23.2,22.1,22.76,10232819,16.24,16.9,16.1,16.58,14048200,2026-02-14T03:45:53Z
DUK,2008-10-30,23.11,23.3,22.46,22.97,7527758,16.83,16.97,16.36,16.73,10334500,2026-02-14T03:45:53Z
DUK,2008-10-31,22.49,23.28,22.24,22.86,9265130,16.38,16.96,16.2,16.65,12719700,2026-02-14T03:45:53Z
DUK,2008-11-03,22.89,22.95,22.31,22.31,7802569,16.67,16.72,16.25,16.25,10711800,2026-02-14T03:45:53Z
DUK,2008-11-04,23.23,23.61,22.79,23.37,8861535,16.92,17.2,16.6,17.02,12165600,2026-02-14T03:45:53Z
DUK,2008-11-05,21.44,22.67,21.42,22.49,12980246,15.62,16.51,15.6,16.38,17820000,2026-02-14T03:45:53Z
DUK,2008-11-06,21.5,21.77,21.31,21.51,11201916,15.66,15.86,15.52,15.67,15378600,2026-02-14T03:45:53Z
DUK,2008-11-07,22.31,22.46,21.64,21.7,5986353,16.25,16.36,15.76,15.81,8218400,2026-02-14T03:45:53Z
DUK,2008-11-10,21.86,22.72,21.57,22.67,6493124,15.92,16.55,15.71,16.51,8914100,2026-02-14T03:45:53Z
DUK,2008-11-11,21.75,22.3,21.57,21.64,9665851,15.84,16.24,15.71,15.76,13269800,2026-02-14T03:45:53Z
DUK,2008-11-12,21.31,21.75,21.18,21.73,7205733,15.3,15.61,15.2,15.6,10038200,2026-02-14T03:45:53Z
DUK,2008-11-13,22.44,22.5,21.16,21.37,11941553,16.11,16.15,15.19,15.34,16635600,2026-02-14T03:45:53Z
DUK,2008-11-14,21.79,22.69,21.3,22.01,13334678,15.64,16.29,15.29,15.8,18576300,2026-02-14T03:45:53Z
DUK,2008-11-17,21.44,21.97,21.31,21.76,9513523,15.39,15.77,15.3,15.62,13253100,2026-02-14T03:45:53Z
DUK,2008-11-18,21.84,21.86,21.2,21.48,9612509,15.68,15.69,15.22,15.42,13391000,2026-02-14T03:45:53Z
DUK,2008-11-19,20.77,21.94,20.76,21.66,10835803,14.91,15.75,14.9,15.55,15095200,2026-02-14T03:45:53Z
DUK,2008-11-20,20.38,21.51,20.2,20.85,15569352,14.63,15.44,14.5,14.97,21689400,2026-02-14T03:45:53Z
DUK,2008-11-21,20.95,20.97,19.74,20.79,17841049,15.04,15.05,14.17,14.92,24854100,2026-02-14T03:45:53Z
DUK,2008-11-24,21.52,21.94,20.67,21.2,11812520,15.45,15.75,14.84,15.22,16455800,2026-02-14T03:45:53Z
DUK,2008-11-25,21.36,22.05,20.98,21.76,11052874,15.33,15.83,15.06,15.62,15397600,2026-02-14T03:45:53Z
DUK,2008-11-26,21.09,21.27,20.84,20.99,8302079,15.14,15.27,14.96,15.07,11565500,2026-02-14T03:45:53Z
DUK,2008-11-28,21.68,21.68,20.85,21.04,3585709,15.56,15.56,14.97,15.1,4995200,2026-02-14T03:45:53Z
DUK,2008-12-01,20.53,21.4,20.49,21.2,8002627,14.74,15.36,14.71,15.22,11148300,2026-02-14T03:45:53Z
DUK,2008-12-02,20.2,20.9,19.92,20.85,10931079,14.5,15,14.3,14.97,15227900,2026-02-14T03:45:53Z
DUK,2008-12-03,20.56,20.64,19.85,20.2,9820163,14.76,14.82,14.25,14.5,13680300,2026-02-14T03:45:53Z
DUK,2008-12-04,20.33,20.77,19.99,20.52,9778086,14.59,14.91,14.35,14.73,13621700,2026-02-14T03:45:53Z
DUK,2008-12-05,20.81,20.87,19.68,20.05,8042935,14.94,14.98,14.13,14.39,11204500,2026-02-14T03:45:53Z
DUK,2008-12-08,20.81,21.2,20.52,21.2,7419069,14.94,15.22,14.73,15.22,10335400,2026-02-14T03:45:53Z
DUK,2008-12-09,20.21,20.79,20.14,20.79,7676798,14.51,14.92,14.46,14.92,10694400,2026-02-14T03:45:53Z
DUK,2008-12-10,20.51,20.56,20.28,20.34,4760156,14.72,14.76,14.56,14.6,6631300,2026-02-14T03:45:53Z
DUK,2008-12-11,20.28,20.87,20.05,20.41,8280117,14.56,14.98,14.39,14.65,11534900,2026-02-14T03:45:53Z
DUK,2008-12-12,20.37,20.44,19.85,20.03,6915227,14.62,14.67,14.25,14.38,9633500,2026-02-14T03:45:53Z
DUK,2008-12-15,20.21,20.58,20.02,20.44,5511669,14.51,14.77,14.37,14.67,7678200,2026-02-14T03:45:53Z
DUK,2008-12-16,20.81,20.83,20.35,20.39,6759094,14.94,14.95,14.61,14.64,9416000,2026-02-14T03:45:53Z
DUK,2008-12-17,20.35,20.81,20.32,20.67,5863409,14.61,14.94,14.59,14.84,8168200,2026-02-14T03:45:53Z
DUK,2008-12-18,20.58,20.99,20.17,20.59,7311206,14.77,15.07,14.48,14.78,10185100,2026-02-14T03:45:53Z
DUK,2008-12-19,20.45,20.99,20.41,20.8,7172924,14.68,15.07,14.65,14.93,9992500,2026-02-14T03:45:53Z
DUK,2008-12-22,20.67,20.84,20.35,20.49,3923446,14.84,14.96,14.61,14.71,5465700,2026-02-14T03:45:53Z
DUK,2008-12-23,20.12,20.8,20.03,20.74,4721257,14.44,14.93,14.38,14.89,6577100,2026-02-14T03:45:53Z
DUK,2008-12-24,20.35,20.39,20.13,20.13,1304087,14.61,14.64,14.45,14.45,1816700,2026-02-14T03:45:53Z
DUK,2008-12-26,20.27,20.55,20.2,20.44,1967000,14.55,14.75,14.5,14.67,2740200,2026-02-14T03:45:53Z
DUK,2008-12-29,20.41,20.41,20.19,20.32,2742258,14.65,14.65,14.49,14.59,3820200,2026-02-14T03:45:53Z
DUK,2008-12-30,20.81,20.81,20.41,20.48,3525483,14.94,14.94,14.65,14.7,4911300,2026-02-14T03:45:53Z
DUK,2008-12-31,20.91,21.02,20.64,20.79,4832943,15.01,15.09,14.82,14.92,6732700,2026-02-14T03:45:53Z
DUK,2009-01-02,21.45,21.57,20.88,20.97,3494331,15.4,15.48,14.99,15.05,4867900,2026-02-14T03:45:53Z
DUK,2009-01-05,21.97,22,21.45,21.68,6386702,15.77,15.79,15.4,15.56,8897200,2026-02-14T03:45:53Z
DUK,2009-01-06,21.37,22.23,21.3,22.01,8074605,15.34,15.96,15.29,15.8,11248600,2026-02-14T03:45:53Z
DUK,2009-01-07,21.43,21.72,21.22,21.29,5017076,15.38,15.59,15.23,15.28,6989200,2026-02-14T03:45:53Z
DUK,2009-01-08,21.47,21.61,21.31,21.43,4579053,15.41,15.51,15.3,15.38,6379000,2026-02-14T03:45:53Z
DUK,2009-01-09,21.27,21.59,21.19,21.48,3808095,15.27,15.5,15.21,15.42,5305000,2026-02-14T03:45:53Z
DUK,2009-01-12,21.41,21.59,21.29,21.31,4196732,15.37,15.5,15.28,15.3,5846400,2026-02-14T03:45:53Z
DUK,2009-01-13,21.12,21.52,20.91,21.44,5919973,15.16,15.45,15.01,15.39,8247000,2026-02-14T03:45:53Z
DUK,2009-01-14,20.88,21.11,20.6,21.08,6623442,14.99,15.15,14.79,15.13,9227000,2026-02-14T03:45:53Z
DUK,2009-01-15,20.7,20.94,20.3,20.9,6439317,14.86,15.03,14.57,15,8970500,2026-02-14T03:45:53Z
DUK,2009-01-16,20.92,21.09,20.62,20.9,5619263,15.02,15.14,14.8,15,7828100,2026-02-14T03:45:53Z
DUK,2009-01-20,20.73,21.27,20.64,20.9,7518852,14.88,15.27,14.82,15,10474400,2026-02-14T03:45:53Z
DUK,2009-01-21,20.69,21.04,20.2,21.04,8949350,14.85,15.1,14.5,15.1,12467200,2026-02-14T03:45:53Z
DUK,2009-01-22,20.7,20.85,20.39,20.62,6175012,14.86,14.97,14.64,14.8,8602300,2026-02-14T03:45:53Z
DUK,2009-01-23,20.76,20.8,20.28,20.45,4569082,14.9,14.93,14.56,14.68,6365100,2026-02-14T03:45:53Z
DUK,2009-01-26,21.12,21.26,20.71,20.92,5108174,15.16,15.26,14.87,15.02,7116100,2026-02-14T03:45:53Z
DUK,2009-01-27,21.31,21.43,21.04,21.23,5730734,15.3,15.38,15.1,15.24,7983400,2026-02-14T03:45:53Z
DUK,2009-01-28,21.45,21.58,21.13,21.5,6271764,15.4,15.49,15.17,15.43,8737100,2026-02-14T03:45:53Z
DUK,2009-01-29,21.47,21.79,21.3,21.31,5986508,15.41,15.64,15.29,15.3,8339700,2026-02-14T03:45:53Z
DUK,2009-01-30,21.11,21.73,20.95,21.4,8124070,15.15,15.6,15.04,15.36,11317500,2026-02-14T03:45:53Z
DUK,2009-02-02,20.91,21.12,20.76,20.9,5981257,15.01,15.16,14.9,15,8332400,2026-02-14T03:45:53Z
DUK,2009-02-03,20.97,21.15,20.71,21.15,7077394,15.05,15.18,14.87,15.18,9859400,2026-02-14T03:45:53Z
DUK,2009-02-04,21.4,21.59,21.23,21.44,8371557,15.36,15.5,15.24,15.39,11662300,2026-02-14T03:45:53Z
DUK,2009-02-05,21.55,22.09,21.47,21.94,9395775,15.47,15.86,15.41,15.75,13089100,2026-02-14T03:45:53Z
DUK,2009-02-06,21.84,22.09,21.47,21.7,7824457,15.68,15.86,15.41,15.58,10900100,2026-02-14T03:45:53Z
DUK,2009-02-09,21.82,21.94,21.43,21.87,5786296,15.66,15.75,15.38,15.7,8060800,2026-02-14T03:45:53Z
DUK,2009-02-10,21.19,21.82,21.05,21.66,9001325,15.21,15.66,15.11,15.55,12539600,2026-02-14T03:45:53Z
DUK,2009-02-11,21.13,21.64,21,21.64,5300920,14.94,15.3,14.85,15.3,7498000,2026-02-14T03:45:53Z
DUK,2009-02-12,21.05,21.09,20.59,20.99,5766755,14.88,14.91,14.56,14.84,8156900,2026-02-14T03:45:53Z
DUK,2009-02-13,20.85,21.25,20.82,21.03,4706848,14.74,15.02,14.72,14.87,6657700,2026-02-14T03:45:53Z
DUK,2009-02-17,19.96,20.59,19.94,20.59,7182114,14.11,14.56,14.1,14.56,10158900,2026-02-14T03:45:53Z
DUK,2009-02-18,20.38,20.45,19.84,20.13,10718438,14.41,14.46,14.03,14.23,15160900,2026-02-14T03:45:53Z
DUK,2009-02-19,20.51,20.68,20.21,20.44,8451935,14.5,14.62,14.29,14.45,11955000,2026-02-14T03:45:53Z
DUK,2009-02-20,20.03,20.54,19.84,20.43,10035699,14.16,14.52,14.03,14.44,14195200,2026-02-14T03:45:53Z
DUK,2009-02-23,19.68,20.3,19.59,20.23,6532050,13.91,14.35,13.85,14.3,9239400,2026-02-14T03:45:53Z
DUK,2009-02-24,20.24,20.31,19.76,19.79,6071308,14.31,14.36,13.97,13.99,8587700,2026-02-14T03:45:53Z
DUK,2009-02-25,20.04,20.51,19.84,20.51,7314660,14.17,14.5,14.03,14.5,10346400,2026-02-14T03:45:53Z
DUK,2009-02-26,19.49,20.27,19.48,20.2,5493292,13.78,14.33,13.77,14.28,7770100,2026-02-14T03:45:53Z
DUK,2009-02-27,19.05,19.46,18.91,19.38,8002719,13.47,13.76,13.37,13.7,11319600,2026-02-14T03:45:53Z
DUK,2009-03-02,18.27,19.02,18.26,18.74,8002339,12.92,13.45,12.91,13.25,11319100,2026-02-14T03:45:53Z
DUK,2009-03-03,17.28,18.45,17.26,18.45,8536493,12.22,13.04,12.2,13.04,12074600,2026-02-14T03:45:53Z
DUK,2009-03-04,17.57,17.77,17.03,17.54,7541770,12.42,12.56,12.04,12.4,10667600,2026-02-14T03:45:53Z
DUK,2009-03-05,17.03,17.27,16.73,17.27,9263197,12.04,12.21,11.83,12.21,13102500,2026-02-14T03:45:53Z
DUK,2009-03-06,17.19,17.67,16.76,17.38,6842425,12.15,12.49,11.85,12.29,9678400,2026-02-14T03:45:53Z
DUK,2009-03-09,16.7,17.17,16.58,17,6783596,11.81,12.14,11.72,12.02,9595200,2026-02-14T03:45:53Z
DUK,2009-03-10,17.53,17.6,16.97,17.31,9986344,12.39,12.44,12,12.24,14125400,2026-02-14T03:45:53Z
DUK,2009-03-11,17.75,18.01,17.58,17.77,7121959,12.55,12.73,12.43,12.56,10073800,2026-02-14T03:45:53Z
DUK,2009-03-12,17.89,17.94,17.57,17.68,4807792,12.65,12.68,12.42,12.5,6800500,2026-02-14T03:45:53Z
DUK,2009-03-13,18.19,18.29,17.88,18.04,5162141,12.86,12.93,12.64,12.75,7301700,2026-02-14T03:45:53Z
DUK,2009-03-16,18.61,18.95,18.32,18.6,5933221,13.16,13.4,12.95,13.15,8392400,2026-02-14T03:45:53Z
DUK,2009-03-17,19.12,19.12,18.49,18.67,7580339,13.52,13.52,13.07,13.2,10722200,2026-02-14T03:45:53Z
DUK,2009-03-18,19.79,19.86,18.81,19.04,10111668,13.99,14.04,13.3,13.46,14302700,2026-02-14T03:45:53Z
DUK,2009-03-19,20.04,20.13,19.68,19.84,6878737,14.17,14.23,13.91,14.03,9729800,2026-02-14T03:45:53Z
DUK,2009-03-20,20.11,20.68,20.09,20.21,11183956,14.22,14.62,14.2,14.29,15819400,2026-02-14T03:45:53Z
DUK,2009-03-23,20.78,20.79,20.21,20.51,6883836,14.69,14.7,14.29,14.5,9737000,2026-02-14T03:45:53Z
DUK,2009-03-24,20.09,20.75,19.99,20.59,7128383,14.2,14.67,14.13,14.56,10082900,2026-02-14T03:45:53Z
DUK,2009-03-25,20.14,20.48,19.82,20.18,5072206,14.24,14.48,14.01,14.27,7174500,2026-02-14T03:45:53Z
DUK,2009-03-26,20.45,20.47,19.83,20.33,6415950,14.46,14.47,14.02,14.37,9075200,2026-02-14T03:45:53Z
DUK,2009-03-27,20.21,20.33,19.97,20.18,4726075,14.29,14.37,14.12,14.27,6684900,2026-02-14T03:45:53Z
DUK,2009-03-30,19.96,20.09,19.73,19.9,5753100,14.11,14.2,13.95,14.07,8137600,2026-02-14T03:45:53Z
DUK,2009-03-31,20.26,20.44,19.9,20.09,8053479,14.32,14.45,14.07,14.2,11391400,2026-02-14T03:45:53Z
DUK,2009-04-01,20.17,20.28,19.94,20.07,8130229,14.26,14.34,14.1,14.19,11500000,2026-02-14T03:45:53Z
DUK,2009-04-02,20.06,20.47,19.8,20.43,7415846,14.18,14.47,14,14.44,10489500,2026-02-14T03:45:53Z
DUK,2009-04-03,20.07,20.28,19.92,20.11,3743438,14.19,14.34,14.08,14.22,5295000,2026-02-14T03:45:53Z
DUK,2009-04-06,19.89,20.3,19.8,19.96,4788918,14.06,14.35,14,14.11,6773800,2026-02-14T03:45:53Z
DUK,2009-04-07,19.46,19.73,19.27,19.65,7321896,13.76,13.95,13.62,13.89,10356600,2026-02-14T03:45:53Z
DUK,2009-04-08,19.79,19.79,19.41,19.56,4412026,13.99,13.99,13.72,13.83,6240700,2026-02-14T03:45:53Z
DUK,2009-04-09,19.75,20.03,19.49,19.89,6592644,13.96,14.16,13.78,14.06,9325100,2026-02-14T03:45:53Z
DUK,2009-04-13,19.69,19.8,19.56,19.73,4948573,13.92,14,13.83,13.95,6999600,2026-02-14T03:45:53Z
DUK,2009-04-14,19.41,19.65,19.31,19.63,5039040,13.72,13.89,13.65,13.88,7127600,2026-02-14T03:45:53Z
DUK,2009-04-15,19.8,19.8,19.34,19.41,7826456,14,14,13.67,13.72,11070300,2026-02-14T03:45:53Z
DUK,2009-04-16,19.62,19.87,19.46,19.87,9491187,13.87,14.05,13.76,14.05,13425000,2026-02-14T03:45:53Z
DUK,2009-04-17,19.43,19.7,19.31,19.62,9175034,13.74,13.93,13.65,13.87,12977800,2026-02-14T03:45:53Z
DUK,2009-04-20,19.41,19.59,19.24,19.32,4866680,13.72,13.85,13.6,13.66,6883800,2026-02-14T03:45:53Z
DUK,2009-04-21,19.56,19.63,19.35,19.45,4615089,13.83,13.88,13.68,13.75,6527900,2026-02-14T03:45:53Z
DUK,2009-04-22,19.41,19.59,19.24,19.35,10569359,13.72,13.85,13.6,13.68,14950100,2026-02-14T03:45:53Z
DUK,2009-04-23,19.55,19.61,19.35,19.41,5874630,13.82,13.86,13.68,13.72,8309500,2026-02-14T03:45:53Z
DUK,2009-04-24,19.45,19.65,19.39,19.58,5243931,13.75,13.89,13.71,13.84,7417400,2026-02-14T03:45:53Z
DUK,2009-04-27,19.49,19.7,19.32,19.32,3922033,13.78,13.93,13.66,13.66,5547600,2026-02-14T03:45:53Z
DUK,2009-04-28,19.59,19.8,19.39,19.39,3906765,13.85,14,13.71,13.71,5526000,2026-02-14T03:45:53Z
DUK,2009-04-29,19.79,19.8,19.62,19.75,4193782,13.99,14,13.87,13.96,5932000,2026-02-14T03:45:53Z
DUK,2009-04-30,19.53,19.94,19.41,19.82,5284150,13.81,14.1,13.72,14.01,7474300,2026-02-14T03:45:53Z
DUK,2009-05-01,19.96,19.96,19.52,19.63,4221856,14.11,14.11,13.8,13.88,5971700,2026-02-14T03:45:53Z
DUK,2009-05-04,20.13,20.13,19.72,19.87,7660610,14.23,14.23,13.94,14.05,10835700,2026-02-14T03:45:53Z
DUK,2009-05-05,20.07,20.23,19.82,20.09,7300729,14.19,14.3,14.01,14.2,10326700,2026-02-14T03:45:53Z
DUK,2009-05-06,19.79,20.23,19.75,20.14,5496527,13.99,14.3,13.96,14.24,7774700,2026-02-14T03:45:53Z
DUK,2009-05-07,20.07,20.14,19.52,19.96,8249986,14.19,14.24,13.8,14.11,11669400,2026-02-14T03:45:53Z
DUK,2009-05-08,20.06,20.38,19.96,20.16,9230587,14.18,14.41,14.11,14.25,13056400,2026-02-14T03:45:53Z
DUK,2009-05-11,20.28,20.45,19.87,19.96,8310249,14.34,14.46,14.05,14.11,11754600,2026-02-14T03:45:53Z
DUK,2009-05-12,20.37,20.51,20.2,20.4,6630246,14.4,14.5,14.28,14.42,9378300,2026-02-14T03:45:53Z
DUK,2009-05-13,19.86,20.41,19.8,20.38,8120479,14.04,14.43,14,14.41,11486200,2026-02-14T03:45:53Z
DUK,2009-05-14,19.74,20.13,19.57,20.02,5945718,13.73,14,13.61,13.92,8550100,2026-02-14T03:45:53Z
DUK,2009-05-15,19.38,19.74,19.25,19.7,4957487,13.48,13.73,13.39,13.7,7129000,2026-02-14T03:45:53Z
DUK,2009-05-18,19.49,19.69,19.27,19.57,4834323,13.55,13.69,13.4,13.61,6951900,2026-02-14T03:45:53Z
DUK,2009-05-19,19.5,19.73,19.37,19.4,6354242,13.56,13.72,13.47,13.49,9137600,2026-02-14T03:45:53Z
DUK,2009-05-20,19.3,19.7,19.25,19.59,5989152,13.42,13.7,13.39,13.62,8612600,2026-02-14T03:45:53Z
DUK,2009-05-21,19.34,19.36,19.14,19.27,7043873,13.45,13.46,13.31,13.4,10129300,2026-02-14T03:45:53Z
DUK,2009-05-22,19.69,19.76,19.27,19.33,5915810,13.69,13.74,13.4,13.44,8507100,2026-02-14T03:45:53Z
DUK,2009-05-26,20.18,20.18,19.5,19.69,5957096,14.03,14.03,13.56,13.69,8566500,2026-02-14T03:45:53Z
DUK,2009-05-27,19.77,20.16,19.74,20.16,5896055,13.75,14.02,13.73,14.02,8478700,2026-02-14T03:45:53Z
DUK,2009-05-28,20.18,20.33,19.83,19.83,6920216,14.03,14.14,13.79,13.79,9951500,2026-02-14T03:45:53Z
DUK,2009-05-29,20.35,20.42,19.95,20.22,6898332,14.15,14.2,13.87,14.06,9920000,2026-02-14T03:45:53Z
DUK,2009-06-01,20.66,20.78,20.41,20.42,5084939,14.37,14.45,14.19,14.2,7312300,2026-02-14T03:45:53Z
DUK,2009-06-02,20.28,20.74,20.26,20.58,5456429,14.1,14.42,14.09,14.31,7846500,2026-02-14T03:45:53Z
DUK,2009-06-03,20.25,20.35,20.07,20.26,4214437,14.08,14.15,13.96,14.09,6060500,2026-02-14T03:45:53Z
DUK,2009-06-04,20.23,20.33,20.15,20.3,4465688,14.07,14.14,14.01,14.12,6421800,2026-02-14T03:45:53Z
DUK,2009-06-05,20.32,20.55,20.13,20.23,4556085,14.13,14.29,14,14.07,6551800,2026-02-14T03:45:53Z
DUK,2009-06-08,20.26,20.48,20.1,20.32,4164384,14.09,14.24,13.98,14.13,5988500,2026-02-14T03:45:53Z
DUK,2009-06-09,20.25,20.51,20.18,20.35,7154287,14.08,14.26,14.03,14.15,10288100,2026-02-14T03:45:53Z
DUK,2009-06-10,20.33,20.55,20.1,20.33,5572147,14.14,14.29,13.98,14.14,8012900,2026-02-14T03:45:53Z
DUK,2009-06-11,20.77,21.02,20.3,20.36,7532405,14.44,14.62,14.12,14.16,10831800,2026-02-14T03:45:53Z
DUK,2009-06-12,21.1,21.23,20.49,20.72,10063976,14.67,14.76,14.25,14.41,14472300,2026-02-14T03:45:53Z
DUK,2009-06-15,20.78,21.01,20.56,20.88,4490525,14.45,14.61,14.3,14.52,6457500,2026-02-14T03:45:53Z
DUK,2009-06-16,20.46,21.33,20.33,21.33,8926292,14.23,14.83,14.14,14.83,12836300,2026-02-14T03:45:53Z
DUK,2009-06-17,20.55,20.72,20.33,20.45,7735043,14.29,14.41,14.14,14.22,11123200,2026-02-14T03:45:53Z
DUK,2009-06-18,21.05,21.11,20,20.61,6692544,14.64,14.68,13.91,14.33,9624100,2026-02-14T03:45:53Z
DUK,2009-06-19,20.72,21.21,20.66,21.02,7871606,14.41,14.75,14.37,14.62,11319600,2026-02-14T03:45:53Z
DUK,2009-06-22,21.07,21.2,20.59,20.59,6564546,14.65,14.74,14.32,14.32,9440000,2026-02-14T03:45:53Z
DUK,2009-06-23,20.69,21.04,20.56,20.89,7102580,14.39,14.63,14.3,14.53,10213700,2026-02-14T03:45:53Z
DUK,2009-06-24,20.71,20.88,20.55,20.82,5255252,14.4,14.52,14.29,14.48,7557200,2026-02-14T03:45:53Z
DUK,2009-06-25,21.04,21.14,20.48,20.68,6702913,14.63,14.7,14.24,14.38,9639000,2026-02-14T03:45:53Z
DUK,2009-06-26,20.72,21.02,20.62,21,5519289,14.41,14.62,14.34,14.6,7936900,2026-02-14T03:45:53Z
DUK,2009-06-29,20.97,21.01,20.64,20.81,3763755,14.58,14.61,14.35,14.47,5412400,2026-02-14T03:45:53Z
DUK,2009-06-30,20.98,21.15,20.69,21.11,5898222,14.59,14.71,14.39,14.68,8481800,2026-02-14T03:45:53Z
DUK,2009-07-01,21.33,21.48,20.91,20.91,5466084,14.83,14.94,14.54,14.54,7860400,2026-02-14T03:45:53Z
DUK,2009-07-02,20.71,21.15,20.71,21.15,4440734,14.4,14.71,14.4,14.71,6385900,2026-02-14T03:45:53Z
DUK,2009-07-06,21.01,21.08,20.64,20.66,3632610,14.61,14.66,14.35,14.37,5223800,2026-02-14T03:45:53Z
DUK,2009-07-07,20.59,21.07,20.56,21.02,6504311,14.32,14.65,14.3,14.62,9353400,2026-02-14T03:45:53Z
DUK,2009-07-08,20.55,20.82,20.38,20.66,6017133,14.29,14.48,14.17,14.37,8652800,2026-02-14T03:45:53Z
DUK,2009-07-09,20.46,20.66,20.28,20.64,4443780,14.23,14.37,14.1,14.35,6390300,2026-02-14T03:45:53Z
DUK,2009-07-10,20.59,20.75,20.28,20.41,9108357,14.32,14.43,14.1,14.19,13098100,2026-02-14T03:45:53Z
DUK,2009-07-13,20.95,21.01,20.48,20.68,5920527,14.57,14.61,14.24,14.38,8513900,2026-02-14T03:45:53Z
DUK,2009-07-14,20.88,21.02,20.75,20.97,5302181,14.52,14.62,14.43,14.58,7624700,2026-02-14T03:45:53Z
DUK,2009-07-15,21.23,21.27,20.85,20.85,4768958,14.76,14.79,14.5,14.5,6857900,2026-02-14T03:45:53Z
DUK,2009-07-16,21.24,21.31,20.98,21.14,4248730,14.77,14.82,14.59,14.7,6109800,2026-02-14T03:45:53Z
DUK,2009-07-17,21.18,21.28,21.05,21.28,4673402,14.73,14.8,14.64,14.8,6720500,2026-02-14T03:45:53Z
DUK,2009-07-20,21.23,21.31,21.02,21.27,4724522,14.76,14.82,14.62,14.79,6794000,2026-02-14T03:45:53Z
DUK,2009-07-21,21.41,21.48,21.31,21.47,4260542,14.89,14.94,14.82,14.93,6126800,2026-02-14T03:45:53Z
DUK,2009-07-22,21.34,21.53,21.27,21.31,3825504,14.84,14.97,14.79,14.82,5501200,2026-02-14T03:45:53Z
DUK,2009-07-23,21.79,21.87,21.28,21.28,5867693,15.15,15.21,14.8,14.8,8437900,2026-02-14T03:45:53Z
DUK,2009-07-24,22.13,22.22,21.66,21.66,4898781,15.39,15.45,15.06,15.06,7044600,2026-02-14T03:45:53Z
DUK,2009-07-27,22.22,22.22,21.96,22.13,3574327,15.45,15.45,15.27,15.39,5140000,2026-02-14T03:45:53Z
DUK,2009-07-28,22,22.22,21.79,22.15,4037459,15.3,15.45,15.15,15.4,5806000,2026-02-14T03:45:53Z
DUK,2009-07-29,22.07,22.25,21.74,21.93,7142604,15.35,15.47,15.12,15.25,10271300,2026-02-14T03:45:53Z
DUK,2009-07-30,22.33,22.48,21.97,22.22,4996003,15.53,15.63,15.28,15.45,7184400,2026-02-14T03:45:53Z
DUK,2009-07-31,22.26,22.39,22.1,22.27,3674262,15.48,15.57,15.37,15.49,5283700,2026-02-14T03:45:53Z
DUK,2009-08-03,22.39,22.46,22.19,22.39,6800699,15.57,15.62,15.43,15.57,9779600,2026-02-14T03:45:53Z
DUK,2009-08-04,22.4,22.5,22.23,22.5,5729436,15.58,15.65,15.46,15.65,8239100,2026-02-14T03:45:53Z
DUK,2009-08-05,22.05,22.33,21.87,22.33,4917490,15.33,15.53,15.21,15.53,7071500,2026-02-14T03:45:53Z
DUK,2009-08-06,22.22,22.25,21.97,22.09,3437474,15.45,15.47,15.28,15.36,4943200,2026-02-14T03:45:53Z
DUK,2009-08-07,22.53,22.62,22.23,22.38,5259911,15.67,15.73,15.46,15.56,7563900,2026-02-14T03:45:53Z
DUK,2009-08-10,22.32,22.49,22.15,22.49,4524805,15.52,15.64,15.4,15.64,6506800,2026-02-14T03:45:53Z
DUK,2009-08-11,22.43,22.52,22.29,22.45,4117848,15.6,15.66,15.5,15.61,5921600,2026-02-14T03:45:53Z
DUK,2009-08-12,22.32,22.48,22.17,22.43,15018102,15.28,15.39,15.18,15.36,21933900,2026-02-14T03:45:53Z
DUK,2009-08-13,22.35,22.4,22.1,22.4,7510868,15.3,15.34,15.13,15.34,10969600,2026-02-14T03:45:53Z
DUK,2009-08-14,22.46,22.46,22.16,22.4,3977264,15.38,15.38,15.17,15.34,5808800,2026-02-14T03:45:53Z
DUK,2009-08-17,22.3,22.39,22.11,22.11,9271223,15.27,15.33,15.14,15.14,13540600,2026-02-14T03:45:53Z
DUK,2009-08-18,22.27,22.38,22.14,22.38,8567212,15.25,15.32,15.16,15.32,12512400,2026-02-14T03:45:53Z
DUK,2009-08-19,22.4,22.45,22.13,22.2,4901555,15.34,15.37,15.15,15.2,7158700,2026-02-14T03:45:53Z
DUK,2009-08-20,22.62,22.64,22.3,22.51,4008839,15.49,15.5,15.27,15.41,5854900,2026-02-14T03:45:53Z
DUK,2009-08-21,22.8,22.86,22.61,22.71,4705786,15.61,15.65,15.48,15.55,6872800,2026-02-14T03:45:53Z
DUK,2009-08-24,22.93,22.93,22.74,22.86,3175631,15.7,15.7,15.57,15.65,4638000,2026-02-14T03:45:53Z
DUK,2009-08-25,22.81,22.99,22.78,22.87,3384732,15.62,15.74,15.6,15.66,4943400,2026-02-14T03:45:53Z
DUK,2009-08-26,22.84,22.91,22.58,22.83,3071690,15.64,15.69,15.46,15.63,4486200,2026-02-14T03:45:53Z
DUK,2009-08-27,22.81,22.9,22.65,22.78,3269633,15.62,15.68,15.51,15.6,4775300,2026-02-14T03:45:53Z
DUK,2009-08-28,22.8,22.91,22.65,22.91,3546797,15.61,15.69,15.51,15.69,5180100,2026-02-14T03:45:53Z
DUK,2009-08-31,22.62,22.78,22.49,22.73,4954134,15.49,15.6,15.4,15.56,7235500,2026-02-14T03:45:53Z
DUK,2009-09-01,22.33,22.73,22.27,22.55,6765573,15.29,15.56,15.25,15.44,9881100,2026-02-14T03:45:53Z
DUK,2009-09-02,22.13,22.35,22.07,22.35,13903988,15.15,15.3,15.11,15.3,20306800,2026-02-14T03:45:53Z
DUK,2009-09-03,22.36,22.38,21.97,22.16,6835004,15.31,15.32,15.04,15.17,9982500,2026-02-14T03:45:53Z
DUK,2009-09-04,22.67,22.67,22.4,22.4,4675053,15.52,15.52,15.34,15.34,6827900,2026-02-14T03:45:53Z
DUK,2009-09-08,22.67,22.81,22.54,22.78,5166463,15.52,15.62,15.43,15.6,7545600,2026-02-14T03:45:53Z
DUK,2009-09-09,22.54,22.71,22.46,22.64,5584256,15.43,15.55,15.38,15.5,8155800,2026-02-14T03:45:53Z
DUK,2009-09-10,22.54,22.58,22.42,22.54,3635332,15.43,15.46,15.35,15.43,5309400,2026-02-14T03:45:53Z
DUK,2009-09-11,22.54,22.62,22.46,22.61,3830677,15.43,15.49,15.38,15.48,5594700,2026-02-14T03:45:53Z
DUK,2009-09-14,22.86,22.87,22.58,22.62,4360291,15.65,15.66,15.46,15.49,6368200,2026-02-14T03:45:53Z
DUK,2009-09-15,22.87,22.9,22.59,22.9,5195692,15.66,15.68,15.47,15.68,7588300,2026-02-14T03:45:53Z
DUK,2009-09-16,23.15,23.3,22.67,23,7071216,15.85,15.95,15.52,15.75,10327500,2026-02-14T03:45:53Z
DUK,2009-09-17,23.11,23.3,22.97,23.24,6387744,15.82,15.95,15.73,15.91,9329300,2026-02-14T03:45:53Z
DUK,2009-09-18,23.31,23.4,23.03,23.22,7136041,15.96,16.02,15.77,15.9,10422200,2026-02-14T03:45:53Z
DUK,2009-09-21,23,23.3,22.97,23.21,4382534,15.75,15.95,15.73,15.89,6400700,2026-02-14T03:45:53Z
DUK,2009-09-22,22.94,23.08,22.81,23.08,4630821,15.71,15.8,15.62,15.8,6763300,2026-02-14T03:45:53Z
DUK,2009-09-23,22.96,23.3,22.9,22.99,4516547,15.72,15.95,15.68,15.74,6596400,2026-02-14T03:45:53Z
DUK,2009-09-24,23.09,23.16,22.96,22.96,4285040,15.81,15.86,15.72,15.72,6258300,2026-02-14T03:45:53Z
DUK,2009-09-25,23.12,23.24,23,23.03,3887370,15.83,15.91,15.75,15.77,5677500,2026-02-14T03:45:53Z
DUK,2009-09-28,23.28,23.38,23.09,23.09,3104424,15.94,16.01,15.81,15.81,4534000,2026-02-14T03:45:53Z
DUK,2009-09-29,23.16,23.32,23,23.32,4410961,15.86,15.97,15.75,15.97,6442200,2026-02-14T03:45:53Z
DUK,2009-09-30,22.99,23.32,22.86,23.21,5123670,15.74,15.97,15.65,15.89,7483100,2026-02-14T03:45:53Z
DUK,2009-10-01,22.8,22.99,22.74,22.97,6178980,15.61,15.74,15.57,15.73,9024400,2026-02-14T03:45:53Z
DUK,2009-10-02,22.46,22.78,22.46,22.71,4267029,15.38,15.6,15.38,15.55,6232000,2026-02-14T03:45:53Z
DUK,2009-10-05,22.65,22.67,22.39,22.57,4259852,15.51,15.52,15.33,15.45,6221500,2026-02-14T03:45:53Z
DUK,2009-10-06,22.81,22.84,22.58,22.83,4601507,15.62,15.64,15.46,15.63,6720500,2026-02-14T03:45:53Z
DUK,2009-10-07,22.9,22.97,22.61,22.83,4172617,15.68,15.73,15.48,15.63,6094100,2026-02-14T03:45:53Z
DUK,2009-10-08,22.77,22.99,22.71,22.99,3477232,15.59,15.74,15.55,15.74,5078500,2026-02-14T03:45:53Z
DUK,2009-10-09,22.78,22.86,22.73,22.8,3001027,15.6,15.65,15.56,15.61,4383000,2026-02-14T03:45:53Z
DUK,2009-10-12,22.84,22.97,22.73,22.97,3357003,15.64,15.73,15.56,15.73,4902900,2026-02-14T03:45:53Z
DUK,2009-10-13,22.8,22.87,22.74,22.81,3512907,15.61,15.66,15.57,15.62,5130600,2026-02-14T03:45:53Z
DUK,2009-10-14,23.05,23.11,22.83,22.86,5635326,15.78,15.82,15.63,15.65,8230400,2026-02-14T03:45:53Z
DUK,2009-10-15,23.15,23.16,22.94,23.05,4364400,15.85,15.86,15.71,15.78,6374200,2026-02-14T03:45:53Z
DUK,2009-10-16,23.06,23.13,22.86,23.06,6329680,15.79,15.84,15.65,15.79,9244500,2026-02-14T03:45:53Z
DUK,2009-10-19,23.34,23.47,22.96,23.09,4469767,15.98,16.07,15.72,15.81,6528100,2026-02-14T03:45:53Z
DUK,2009-10-20,23.3,23.4,23.09,23.4,11191086,15.95,16.02,15.81,16.02,16344600,2026-02-14T03:45:53Z
DUK,2009-10-21,23.59,23.72,23.28,23.3,7552747,16.15,16.24,15.94,15.95,11030800,2026-02-14T03:45:53Z
DUK,2009-10-22,23.65,23.66,23.41,23.57,6532419,16.19,16.2,16.03,16.14,9540600,2026-02-14T03:45:53Z
DUK,2009-10-23,23.51,23.69,23.44,23.59,7257735,16.1,16.22,16.05,16.15,10599900,2026-02-14T03:45:53Z
DUK,2009-10-26,23.28,23.82,23.27,23.57,7472052,15.94,16.31,15.93,16.14,10912900,2026-02-14T03:45:53Z
DUK,2009-10-27,23.22,23.53,23.16,23.32,6249515,15.9,16.11,15.86,15.97,9127400,2026-02-14T03:45:53Z
DUK,2009-10-28,23.13,23.53,23.11,23.35,7496684,15.84,16.11,15.82,15.99,10948900,2026-02-14T03:45:53Z
DUK,2009-10-29,23.53,23.53,23.15,23.21,7940518,16.11,16.11,15.85,15.89,11597100,2026-02-14T03:45:53Z
DUK,2009-10-30,23.11,23.69,23.11,23.69,9146665,15.82,16.22,15.82,16.22,13358700,2026-02-14T03:45:53Z
DUK,2009-11-02,23.05,23.34,22.94,23.18,6561585,15.78,15.98,15.71,15.87,9583200,2026-02-14T03:45:53Z
DUK,2009-11-03,22.96,23.08,22.9,22.97,6671635,15.72,15.8,15.68,15.73,9743900,2026-02-14T03:45:53Z
DUK,2009-11-04,23.08,23.3,23.02,23.03,5888736,15.8,15.95,15.76,15.77,8600500,2026-02-14T03:45:53Z
DUK,2009-11-05,23.44,23.44,23.16,23.24,4394662,16.05,16.05,15.86,15.91,6418400,2026-02-14T03:45:53Z
DUK,2009-11-06,23.44,23.53,23.27,23.44,5708392,16.05,16.11,15.93,16.05,8337100,2026-02-14T03:45:53Z
DUK,2009-11-09,23.82,23.82,23.47,23.63,5568516,16.31,16.31,16.07,16.18,8132800,2026-02-14T03:45:53Z
DUK,2009-11-10,23.98,24,23.69,23.89,15285179,16.18,16.19,15.98,16.12,22657400,2026-02-14T03:45:53Z
DUK,2009-11-11,23.92,24.07,23.84,24.06,3683301,16.14,16.24,16.08,16.23,5459800,2026-02-14T03:45:53Z
DUK,2009-11-12,23.73,24,23.67,23.85,4153378,16.01,16.19,15.97,16.09,6156600,2026-02-14T03:45:53Z
DUK,2009-11-13,23.78,23.98,23.64,23.76,5020935,16.04,16.18,15.95,16.03,7442600,2026-02-14T03:45:53Z
DUK,2009-11-16,24.01,24.13,23.75,23.88,4310033,16.2,16.28,16.02,16.11,6388800,2026-02-14T03:45:53Z
DUK,2009-11-17,24,24.09,23.86,24.01,5411349,16.19,16.25,16.1,16.2,8021300,2026-02-14T03:45:53Z
DUK,2009-11-18,23.95,24.03,23.84,23.94,3406848,16.16,16.21,16.08,16.15,5050000,2026-02-14T03:45:53Z
DUK,2009-11-19,23.87,23.94,23.73,23.94,5490885,16.1,16.15,16.01,16.15,8139200,2026-02-14T03:45:53Z
DUK,2009-11-20,24.04,24.13,23.79,23.79,5911642,16.22,16.28,16.05,16.05,8762900,2026-02-14T03:45:53Z
DUK,2009-11-23,24.4,24.53,24.13,24.15,5519834,16.46,16.55,16.28,16.29,8182100,2026-02-14T03:45:53Z
DUK,2009-11-24,24.55,24.55,24.28,24.3,4813356,16.56,16.56,16.38,16.39,7134900,2026-02-14T03:45:53Z
DUK,2009-11-25,24.83,24.89,24.53,24.59,3996867,16.75,16.79,16.55,16.59,5924600,2026-02-14T03:45:53Z
DUK,2009-11-27,24.74,24.95,24.31,24.49,3438950,16.69,16.83,16.4,16.52,5097600,2026-02-14T03:45:53Z
DUK,2009-11-30,24.72,24.93,24.64,24.75,7243231,16.68,16.82,16.62,16.7,10736700,2026-02-14T03:45:53Z
DUK,2009-12-01,25.36,25.36,24.75,24.75,7059999,17.11,17.11,16.7,16.7,10465100,2026-02-14T03:45:53Z
DUK,2009-12-02,25.57,25.73,25.3,25.3,7563651,17.25,17.36,17.07,17.07,11211700,2026-02-14T03:45:53Z
DUK,2009-12-03,25.6,25.85,25.45,25.57,4747386,17.27,17.44,17.17,17.25,7037100,2026-02-14T03:45:53Z
DUK,2009-12-04,25.41,25.95,25.2,25.79,7442299,17.14,17.51,17,17.4,11031800,2026-02-14T03:45:53Z
DUK,2009-12-07,25.76,25.93,25.41,25.55,4512811,17.38,17.49,17.14,17.24,6689400,2026-02-14T03:45:53Z
DUK,2009-12-08,25.87,25.94,25.54,25.78,5479489,17.45,17.5,17.23,17.39,8122300,2026-02-14T03:45:53Z
DUK,2009-12-09,25.87,25.94,25.73,25.81,4459797,17.45,17.5,17.36,17.41,6610800,2026-02-14T03:45:53Z
DUK,2009-12-10,26.19,26.25,25.88,25.94,3503992,17.67,17.71,17.46,17.5,5194000,2026-02-14T03:45:53Z
DUK,2009-12-11,26.4,26.52,26.1,26.33,5049875,17.81,17.89,17.61,17.76,7485500,2026-02-14T03:45:53Z
DUK,2009-12-14,26.24,26.59,26.02,26.59,7158620,17.7,17.94,17.55,17.94,10611300,2026-02-14T03:45:53Z
DUK,2009-12-15,26.16,26.31,26.04,26.09,4552146,17.65,17.75,17.57,17.6,6747700,2026-02-14T03:45:53Z
DUK,2009-12-16,26.01,26.58,25.98,26.46,6092031,17.55,17.93,17.53,17.85,9030300,2026-02-14T03:45:53Z
DUK,2009-12-17,25.69,25.97,25.63,25.94,6598290,17.33,17.52,17.29,17.5,9780700,2026-02-14T03:45:53Z
