ticker,tradeDate,clsPx,hiPx,loPx,open,stockVolume,unadjClsPx,unadjHiPx,unadjLoPx,unadjOpen,unadjStockVolume,updatedAt
EOG,2006-01-03,27.2,27.23,25.49,25.97,12814036,78.97,79.05,74,75.4,4413500,2026-01-17T03:44:47Z
EOG,2006-01-04,27.23,27.27,26.7,26.78,9009764,79.05,79.19,77.51,77.75,3103200,2026-01-17T03:44:47Z
EOG,2006-01-05,26.2,27.09,26.01,27.09,9988766,76.08,78.65,75.51,78.65,3440400,2026-01-17T03:44:47Z
EOG,2006-01-06,26.8,27.19,26.61,26.61,8182001,77.8,78.93,77.26,77.26,2818100,2026-01-17T03:44:47Z
EOG,2006-01-09,26.92,27.01,26.23,26.8,7665198,78.16,78.41,76.14,77.82,2640100,2026-01-17T03:44:47Z
EOG,2006-01-10,26.87,27.52,26.8,26.95,7459928,78,79.9,77.82,78.24,2569400,2026-01-17T03:44:47Z
EOG,2006-01-11,27,27.13,26.44,26.83,8015337,78.38,78.78,76.76,77.91,2760700,2026-01-17T03:44:47Z
EOG,2006-01-12,26.98,28,26.91,27.2,9759642,78.3,81.24,78.09,78.92,3363200,2026-01-17T03:44:47Z
EOG,2006-01-13,27.63,27.73,26.84,26.88,8276485,80.19,80.47,77.9,78,2852100,2026-01-17T03:44:47Z
EOG,2006-01-17,28.44,28.44,27.91,28.03,9050424,82.54,82.54,81,81.35,3118800,2026-01-17T03:44:47Z
EOG,2006-01-18,27.74,28.26,27.09,28.17,8013565,80.51,82,78.61,81.75,2761500,2026-01-17T03:44:47Z
EOG,2006-01-19,28.96,29,27.48,27.55,10381507,84.03,84.14,79.74,79.96,3577500,2026-01-17T03:44:47Z
EOG,2006-01-20,29.23,29.75,28.79,29.33,11232664,84.81,86.32,83.54,85.1,3870800,2026-01-17T03:44:47Z
EOG,2006-01-23,29.14,29.22,28.55,28.95,8905343,84.57,84.8,82.85,84,3068800,2026-01-17T03:44:47Z
EOG,2006-01-24,28.68,29.28,28.62,28.82,8018517,83.24,84.96,83.05,83.62,2763200,2026-01-17T03:44:47Z
EOG,2006-01-25,27.99,28.91,27.46,28.69,11223641,81.23,83.9,79.7,83.25,3867700,2026-01-17T03:44:47Z
EOG,2006-01-26,27.62,27.74,26.74,27.67,10821140,80.14,80.5,77.59,80.3,3729000,2026-01-17T03:44:47Z
EOG,2006-01-27,27.7,28.43,27.51,28.43,9129357,80.39,82.5,79.82,82.5,3146000,2026-01-17T03:44:47Z
EOG,2006-01-30,28.75,29.01,27.9,27.91,7809298,83.42,84.18,80.95,81,2691100,2026-01-17T03:44:47Z
EOG,2006-01-31,29.13,29.25,28.34,28.6,9178109,84.54,84.89,82.25,83,3162800,2026-01-17T03:44:47Z
EOG,2006-02-01,28.58,29.95,28.44,29.34,12500188,82.95,86.91,82.53,85.15,4307600,2026-01-17T03:44:47Z
EOG,2006-02-02,27.81,28.5,27.13,28.5,14516998,80.71,82.7,78.72,82.7,5002600,2026-01-17T03:44:47Z
EOG,2006-02-03,27.26,27.63,27.06,27.48,12066078,79.11,80.17,78.53,79.75,4158000,2026-01-17T03:44:47Z
EOG,2006-02-06,27.65,28.06,27.52,27.52,13717519,80.25,81.44,79.85,79.85,4727100,2026-01-17T03:44:47Z
EOG,2006-02-07,25.5,27.07,25.47,26.96,16803697,74,78.55,73.91,78.25,5790600,2026-01-17T03:44:47Z
EOG,2006-02-08,25.48,25.57,24.59,25.5,14947372,73.94,74.2,71.35,74,5150900,2026-01-17T03:44:47Z
EOG,2006-02-09,24.23,25.95,23.95,25.57,16200376,70.3,75.3,69.5,74.2,5582700,2026-01-17T03:44:47Z
EOG,2006-02-10,23.91,24.45,23.49,24.35,18329796,69.37,70.95,68.16,70.65,6316500,2026-01-17T03:44:47Z
EOG,2006-02-13,23.52,23.98,23.33,23.67,12665009,68.26,69.6,67.7,68.69,4364400,2026-01-17T03:44:47Z
EOG,2006-02-14,23.78,23.82,22.74,22.74,17158043,69.01,69.13,65.98,66,5912700,2026-01-17T03:44:47Z
EOG,2006-02-15,23.89,24.41,23.56,24.07,14312164,69.34,70.85,68.37,69.85,4932000,2026-01-17T03:44:47Z
EOG,2006-02-16,24.83,24.9,23.99,24,12114805,72.06,72.25,69.62,69.64,4174800,2026-01-17T03:44:47Z
EOG,2006-02-17,24.66,25.32,24.62,25.16,10201031,71.55,73.48,71.45,73,3515300,2026-01-17T03:44:47Z
EOG,2006-02-21,25.03,25.67,24.81,25.34,8579443,72.63,74.5,72,73.54,2956500,2026-01-17T03:44:47Z
EOG,2006-02-22,24.31,24.94,24.15,24.9,9471205,70.55,72.38,70.09,72.25,3263800,2026-01-17T03:44:47Z
EOG,2006-02-23,24.07,24.75,23.59,24.07,11467697,69.85,71.81,68.45,69.84,3951800,2026-01-17T03:44:47Z
EOG,2006-02-24,24.17,24.64,24.13,24.52,8148217,70.15,71.49,70.01,71.16,2807900,2026-01-17T03:44:47Z
EOG,2006-02-27,23.53,24.11,23.48,24,8560880,68.29,69.95,68.15,69.65,2950100,2026-01-17T03:44:47Z
EOG,2006-02-28,23.23,23.31,22.61,23.26,12930555,67.4,67.64,65.61,67.49,4455900,2026-01-17T03:44:47Z
EOG,2006-03-01,23.55,23.69,23.2,23.28,7069878,68.35,68.74,67.32,67.56,2436300,2026-01-17T03:44:47Z
EOG,2006-03-02,23.89,24.31,23.35,23.55,11186196,69.32,70.55,67.77,68.35,3854800,2026-01-17T03:44:47Z
EOG,2006-03-03,24.24,24.49,23.86,23.86,10373395,70.35,71.06,69.25,69.25,3574700,2026-01-17T03:44:47Z
EOG,2006-03-06,22.96,24.09,22.68,23.95,13737579,66.62,69.9,65.82,69.5,4734000,2026-01-17T03:44:47Z
EOG,2006-03-07,22.49,23.02,22.1,22.96,10813913,65.25,66.79,64.12,66.62,3726500,2026-01-17T03:44:47Z
EOG,2006-03-08,23,23.24,22.28,22.43,16298210,66.75,67.45,64.65,65.1,5616400,2026-01-17T03:44:47Z
EOG,2006-03-09,22.5,23.5,22.38,23.35,11648755,65.3,68.2,64.94,67.75,4014200,2026-01-17T03:44:47Z
EOG,2006-03-10,22.56,23.02,22.12,22.46,8950301,65.48,66.81,64.2,65.17,3084300,2026-01-17T03:44:47Z
EOG,2006-03-13,23.33,23.42,22.67,22.68,7239949,67.69,67.95,65.79,65.8,2494900,2026-01-17T03:44:47Z
EOG,2006-03-14,23.88,24,22.83,23.33,10329872,69.31,69.65,66.24,67.69,3559700,2026-01-17T03:44:47Z
EOG,2006-03-15,24.26,24.29,23.33,23.55,9359758,70.39,70.48,67.7,68.35,3225400,2026-01-17T03:44:47Z
EOG,2006-03-16,25.14,25.2,24.12,24.17,12382358,72.95,73.13,70,70.14,4267000,2026-01-17T03:44:47Z
EOG,2006-03-17,25,25.3,24.87,25.29,8838864,72.56,73.42,72.17,73.39,3045900,2026-01-17T03:44:47Z
EOG,2006-03-20,23.61,24.94,23.56,24.47,12310399,68.5,72.38,68.37,71,4242200,2026-01-17T03:44:47Z
EOG,2006-03-21,23.59,24.16,23.26,23.35,9518516,68.47,70.11,67.5,67.75,3280100,2026-01-17T03:44:47Z
EOG,2006-03-22,23.93,24.41,23.53,23.61,8689141,69.44,70.85,68.29,68.5,2994300,2026-01-17T03:44:47Z
EOG,2006-03-23,24.3,24.69,24.05,24.1,8967148,70.53,71.65,69.79,69.93,3090100,2026-01-17T03:44:47Z
EOG,2006-03-24,24.79,25,24.34,24.39,7904163,71.95,72.55,70.64,70.79,2723800,2026-01-17T03:44:47Z
EOG,2006-03-27,24.78,24.97,24.26,24.47,9688831,71.91,72.46,70.4,71,3338800,2026-01-17T03:44:47Z
EOG,2006-03-28,25,25.29,24.84,24.98,7985418,72.56,73.38,72.09,72.5,2751800,2026-01-17T03:44:47Z
EOG,2006-03-29,25.41,25.64,24.98,24.98,9604411,73.75,74.4,72.5,72.5,3309700,2026-01-17T03:44:47Z
EOG,2006-03-30,25.51,25.92,25.4,25.45,7636341,74.03,75.22,73.7,73.85,2631500,2026-01-17T03:44:47Z
EOG,2006-03-31,24.81,25.23,24.61,25.16,8430286,72,73.2,71.43,73.01,2905100,2026-01-17T03:44:47Z
EOG,2006-04-03,24.78,25.48,24.66,25.29,8290428,71.9,73.94,71.57,73.4,2856900,2026-01-17T03:44:47Z
EOG,2006-04-04,25.19,25.23,24.38,24.45,7700189,73.1,73.23,70.75,70.95,2653500,2026-01-17T03:44:47Z
EOG,2006-04-05,25.64,25.64,25.04,25.21,7192352,74.4,74.4,72.65,73.16,2478500,2026-01-17T03:44:47Z
EOG,2006-04-06,25.7,25.95,25.17,25.95,9996137,74.58,75.3,73.05,75.3,3444700,2026-01-17T03:44:47Z
EOG,2006-04-07,24.84,25.54,24.66,25.36,7326702,72.07,74.11,71.57,73.58,2524800,2026-01-17T03:44:47Z
EOG,2006-04-10,25.47,25.67,25.16,25.16,7472094,73.9,74.5,73,73,2574900,2026-01-17T03:44:47Z
EOG,2006-04-11,25.13,25.76,24.94,25.6,6286486,72.87,74.7,72.31,74.24,2168100,2026-01-17T03:44:47Z
EOG,2006-04-12,24.87,25.46,24.81,25.23,6067000,72.1,73.83,71.94,73.17,2092400,2026-01-17T03:44:47Z
EOG,2006-04-13,24.82,24.9,23.91,24.3,8385462,71.97,72.2,69.32,70.45,2892000,2026-01-17T03:44:47Z
EOG,2006-04-17,25.41,25.44,24.87,25.18,5122622,73.68,73.76,72.12,73,1766700,2026-01-17T03:44:47Z
EOG,2006-04-18,26.62,26.66,25.64,25.65,9576316,77.18,77.3,74.35,74.37,3302700,2026-01-17T03:44:47Z
EOG,2006-04-19,27.11,27.33,26.37,26.38,8519411,78.6,79.24,76.46,76.5,2938200,2026-01-17T03:44:47Z
EOG,2006-04-20,26.44,26.97,25.96,26.85,7506018,76.65,78.2,75.28,77.85,2588700,2026-01-17T03:44:47Z
EOG,2006-04-21,26.69,26.83,26.12,26.56,8391265,77.38,77.79,75.74,77.02,2894000,2026-01-17T03:44:47Z
EOG,2006-04-24,25.94,26.41,25.7,26.4,6563385,75.2,76.58,74.51,76.55,2263600,2026-01-17T03:44:47Z
EOG,2006-04-25,25.29,26.28,25.11,26.03,7691035,73.33,76.21,72.8,75.47,2652500,2026-01-17T03:44:47Z
EOG,2006-04-26,24.72,25.93,24.59,25.34,8145392,71.67,75.19,71.29,73.46,2809200,2026-01-17T03:44:47Z
EOG,2006-04-27,24.29,25.07,23.62,23.62,9288099,70.44,72.69,68.49,68.5,3203300,2026-01-17T03:44:47Z
EOG,2006-04-28,24.22,25.69,24.09,25.69,7254934,70.23,74.5,69.85,74.5,2502100,2026-01-17T03:44:47Z
EOG,2006-05-01,24.77,25.11,24.4,24.57,8372130,71.81,72.82,70.74,71.23,2887400,2026-01-17T03:44:47Z
EOG,2006-05-02,25.15,25.38,24.96,25.25,8442595,72.92,73.6,72.37,73.22,2911700,2026-01-17T03:44:47Z
EOG,2006-05-03,24.79,25.19,24.54,25.15,8847942,71.89,73.04,71.16,72.93,3051500,2026-01-17T03:44:47Z
EOG,2006-05-04,24.64,25.01,24.19,24.49,7609534,71.45,72.52,70.13,71,2624400,2026-01-17T03:44:47Z
EOG,2006-05-05,26.32,26.4,25.52,25.52,12822329,76.31,76.56,74,74,4422200,2026-01-17T03:44:47Z
EOG,2006-05-08,25.71,25.79,25.21,25.56,7616214,74.55,74.77,73.11,74.1,2626700,2026-01-17T03:44:47Z
EOG,2006-05-09,25.75,25.93,25.57,25.71,6051040,74.65,75.18,74.15,74.55,2086900,2026-01-17T03:44:47Z
EOG,2006-05-10,26.11,26.14,25.49,25.56,7724660,75.72,75.79,73.91,74.1,2664100,2026-01-17T03:44:47Z
EOG,2006-05-11,25.3,26.66,25.22,26.38,8440549,73.36,77.29,73.13,76.5,2911000,2026-01-17T03:44:47Z
EOG,2006-05-12,23.77,25.11,23.66,24.99,12916256,68.93,72.8,68.61,72.45,4454600,2026-01-17T03:44:47Z
EOG,2006-05-15,22.79,23.57,22.33,23.4,13620283,66.07,68.35,64.74,67.85,4697400,2026-01-17T03:44:47Z
EOG,2006-05-16,22.93,23.2,22.66,23.09,10126051,66.5,67.28,65.69,66.96,3492300,2026-01-17T03:44:47Z
EOG,2006-05-17,21.99,23.02,21.76,22.71,10369019,63.75,66.76,63.1,65.84,3576100,2026-01-17T03:44:47Z
EOG,2006-05-18,21.4,22.41,21.3,22.02,12525719,62.06,64.99,61.77,63.85,4319900,2026-01-17T03:44:47Z
EOG,2006-05-19,21.62,22,21.19,21.42,14050603,62.7,63.79,61.45,62.1,4845800,2026-01-17T03:44:47Z
EOG,2006-05-22,21.69,21.81,20.72,21.28,15326641,62.89,63.23,60.09,61.7,5285900,2026-01-17T03:44:47Z
EOG,2006-05-23,21.44,22.6,21.32,22.33,12103830,62.16,65.53,61.81,64.75,4174400,2026-01-17T03:44:47Z
EOG,2006-05-24,21.14,21.69,20.55,21.04,13327695,61.29,62.89,59.6,61,4596500,2026-01-17T03:44:47Z
EOG,2006-05-25,21.56,21.84,20.91,20.91,10821054,62.5,63.32,60.62,60.62,3732000,2026-01-17T03:44:47Z
EOG,2006-05-26,21.94,22.18,21.59,21.83,9485269,63.62,64.32,62.61,63.3,3271300,2026-01-17T03:44:47Z
EOG,2006-05-30,21.69,22.49,21.65,22.33,7811069,62.9,65.2,62.78,64.75,2693900,2026-01-17T03:44:47Z
EOG,2006-05-31,22.64,22.66,21.5,21.69,12141808,65.66,65.69,62.34,62.9,4187500,2026-01-17T03:44:47Z
EOG,2006-06-01,22.75,23.04,22,22.12,11631497,65.95,66.8,63.79,64.13,4011500,2026-01-17T03:44:47Z
EOG,2006-06-02,22.73,23.07,22.32,23.07,8415622,65.91,66.88,64.71,66.88,2902400,2026-01-17T03:44:47Z
EOG,2006-06-05,21.7,23,21.61,22.91,9784784,62.92,66.7,62.66,66.44,3374600,2026-01-17T03:44:47Z
EOG,2006-06-06,22.1,22.41,21.67,21.75,11146123,64.09,64.97,62.82,63.06,3844100,2026-01-17T03:44:47Z
EOG,2006-06-07,21.12,22.09,21.06,21.87,12140339,61.25,64.05,61.07,63.4,4187000,2026-01-17T03:44:47Z
EOG,2006-06-08,20.97,21.05,19.69,20.63,24075104,60.8,61.05,57.09,59.82,8303100,2026-01-17T03:44:47Z
EOG,2006-06-09,20.61,21.34,20.43,21.06,10079968,59.75,61.89,59.24,61.07,3476400,2026-01-17T03:44:47Z
EOG,2006-06-12,19.82,20.9,19.8,20.61,10862220,57.48,60.6,57.4,59.75,3746200,2026-01-17T03:44:47Z
EOG,2006-06-13,19.78,20.38,19.42,19.7,18475531,57.36,59.08,56.31,57.12,6371900,2026-01-17T03:44:47Z
EOG,2006-06-14,20.84,20.93,19.95,19.99,16043723,60.44,60.68,57.84,57.95,5533200,2026-01-17T03:44:47Z
EOG,2006-06-15,21.6,21.76,20.95,21.04,13171146,62.63,63.1,60.75,61,4542500,2026-01-17T03:44:47Z
EOG,2006-06-16,21.74,22,21.02,21.42,11864905,63.04,63.78,60.95,62.12,4092000,2026-01-17T03:44:47Z
EOG,2006-06-19,20.37,21.66,20.16,21.65,14748219,59.05,62.8,58.45,62.78,5086400,2026-01-17T03:44:47Z
EOG,2006-06-20,20.38,20.9,20.26,20.44,11802284,59.09,60.61,58.75,59.27,4070400,2026-01-17T03:44:47Z
EOG,2006-06-21,20.99,21.33,20.41,20.41,9678055,60.86,61.85,59.19,59.19,3337800,2026-01-17T03:44:47Z
EOG,2006-06-22,20.92,21.18,20.69,20.71,8458252,60.65,61.42,60,60.05,2917100,2026-01-17T03:44:47Z
EOG,2006-06-23,22.27,22.68,21.98,22.03,15873785,64.57,65.75,63.73,63.87,5474600,2026-01-17T03:44:47Z
EOG,2006-06-26,22.62,22.7,21.97,22.25,7482835,65.6,65.81,63.7,64.52,2580700,2026-01-17T03:44:47Z
EOG,2006-06-27,22.79,23.05,22.69,22.78,11746627,66.08,66.85,65.8,66.06,4051200,2026-01-17T03:44:47Z
EOG,2006-06-28,22.91,23.05,22.64,22.95,8377362,66.43,66.82,65.64,66.55,2889200,2026-01-17T03:44:47Z
EOG,2006-06-29,23.6,23.96,23.11,23.31,10689129,68.44,69.48,67.01,67.6,3686500,2026-01-17T03:44:47Z
EOG,2006-06-30,23.91,24.14,23.54,23.69,10665639,69.34,69.98,68.26,68.69,3678400,2026-01-17T03:44:47Z
EOG,2006-07-03,24.45,24.55,24.09,24.21,4226080,70.89,71.18,69.86,70.21,1457500,2026-01-17T03:44:47Z
EOG,2006-07-05,24.7,24.77,23.99,24.38,10892710,71.63,71.82,69.55,70.69,3756700,2026-01-17T03:44:47Z
EOG,2006-07-06,24.51,24.99,24.45,24.73,10644181,71.08,72.45,70.88,71.7,3671000,2026-01-17T03:44:47Z
EOG,2006-07-07,23.82,24.96,23.65,24.8,14216166,69.07,72.38,68.57,71.9,4902900,2026-01-17T03:44:47Z
EOG,2006-07-10,23.99,24.23,23.54,23.54,10040531,69.56,70.24,68.25,68.25,3462800,2026-01-17T03:44:47Z
EOG,2006-07-11,24.31,24.46,23.98,24.16,7525177,70.5,70.92,69.54,70.05,2595300,2026-01-17T03:44:47Z
EOG,2006-07-12,24.23,24.59,23.92,24.18,8610177,70.25,71.3,69.37,70.11,2969500,2026-01-17T03:44:47Z
EOG,2006-07-13,23.99,24.56,23.84,24.3,12689142,69.5,71.15,69.08,70.4,4380000,2026-01-17T03:44:47Z
EOG,2006-07-14,24.21,24.27,23.33,24.11,9476285,70.15,70.3,67.59,69.86,3271000,2026-01-17T03:44:47Z
EOG,2006-07-17,23.28,24.04,23.07,23.92,10517207,67.45,69.63,66.82,69.29,3630300,2026-01-17T03:44:47Z
EOG,2006-07-18,23.09,23.66,22.62,23.64,9484962,66.88,68.56,65.52,68.5,3274000,2026-01-17T03:44:47Z
EOG,2006-07-19,23.47,23.62,22.97,23.09,8502298,67.99,68.43,66.55,66.88,2934800,2026-01-17T03:44:47Z
EOG,2006-07-20,22.95,23.74,22.95,23.51,6778832,66.5,68.77,66.5,68.11,2339900,2026-01-17T03:44:47Z
EOG,2006-07-21,22.23,23.09,22.2,23.07,10823142,64.4,66.9,64.3,66.85,3735900,2026-01-17T03:44:47Z
EOG,2006-07-24,23.25,23.35,22.44,22.49,9534518,67.37,67.65,65,65.15,3291100,2026-01-17T03:44:47Z
EOG,2006-07-25,23.95,24.33,23.48,23.65,9091559,69.38,70.48,68.01,68.52,3138200,2026-01-17T03:44:47Z
EOG,2006-07-26,24.79,24.92,23.69,23.9,11257976,71.83,72.19,68.64,69.25,3886000,2026-01-17T03:44:47Z
EOG,2006-07-27,24.38,25.06,24.26,25,8549817,70.62,72.61,70.27,72.42,2951200,2026-01-17T03:44:47Z
EOG,2006-07-28,24.87,24.87,24.03,24.16,7546259,72.06,72.06,69.62,70,2604800,2026-01-17T03:44:47Z
EOG,2006-07-31,25.59,26.08,25.11,25.16,12692027,74.15,75.56,72.75,72.9,4381000,2026-01-17T03:44:47Z
EOG,2006-08-01,24.66,25.42,24.53,24.91,14979267,71.43,73.65,71.07,72.17,5170500,2026-01-17T03:44:47Z
EOG,2006-08-02,24.45,25.31,24.26,24.89,10581209,70.82,73.33,70.27,72.1,3652400,2026-01-17T03:44:47Z
EOG,2006-08-03,23.94,24.31,23.75,23.77,9462361,69.35,70.42,68.8,68.85,3266200,2026-01-17T03:44:47Z
EOG,2006-08-04,24.02,24.23,23.6,24.02,9192082,69.59,70.2,68.37,69.6,3172900,2026-01-17T03:44:47Z
EOG,2006-08-07,24.13,24.46,23.81,24.09,8171740,69.9,70.87,68.97,69.79,2820700,2026-01-17T03:44:47Z
EOG,2006-08-08,23.87,24.37,23.84,23.99,8428426,69.15,70.61,69.07,69.51,2909300,2026-01-17T03:44:47Z
EOG,2006-08-09,24.27,24.75,24.02,24.27,7897380,70.32,71.71,69.6,70.32,2726000,2026-01-17T03:44:47Z
EOG,2006-08-10,24.13,24.26,23.72,24.18,8297473,69.9,70.27,68.73,70.06,2864100,2026-01-17T03:44:47Z
EOG,2006-08-11,23.52,24.06,23.44,24.04,6462760,68.14,69.71,67.9,69.65,2230800,2026-01-17T03:44:47Z
EOG,2006-08-14,22.83,23.36,22.73,23.35,9206273,66.13,67.67,65.85,67.64,3177800,2026-01-17T03:44:47Z
EOG,2006-08-15,22.85,23.11,22.7,23.11,9648100,66.2,66.96,65.75,66.96,3330300,2026-01-17T03:44:47Z
EOG,2006-08-16,22.55,23.21,22.42,22.87,11483363,65.32,67.23,64.94,66.25,3963800,2026-01-17T03:44:47Z
EOG,2006-08-17,22.59,22.64,22.16,22.26,9097065,65.44,65.59,64.21,64.48,3140100,2026-01-17T03:44:47Z
EOG,2006-08-18,22.9,22.99,22.49,22.61,7993559,66.34,66.6,65.15,65.5,2759200,2026-01-17T03:44:47Z
EOG,2006-08-21,22.96,23.27,22.94,22.98,6098892,66.52,67.43,66.45,66.59,2105200,2026-01-17T03:44:47Z
EOG,2006-08-22,23.18,23.27,22.87,22.95,5258747,67.14,67.41,66.25,66.5,1815200,2026-01-17T03:44:47Z
EOG,2006-08-23,22.71,23.38,22.65,23.13,5912036,65.79,67.74,65.62,67,2040700,2026-01-17T03:44:47Z
EOG,2006-08-24,23.27,23.32,22.63,22.78,7029431,67.41,67.56,65.56,66,2426400,2026-01-17T03:44:47Z
EOG,2006-08-25,23.86,24.13,23.59,23.75,8954820,69.13,69.91,68.35,68.8,3091000,2026-01-17T03:44:47Z
EOG,2006-08-28,23.41,23.76,23.14,23.3,6148138,67.83,68.84,67.05,67.5,2122200,2026-01-17T03:44:47Z
EOG,2006-08-29,22.65,23.23,22.61,23.23,11812762,65.63,67.3,65.5,67.29,4077500,2026-01-17T03:44:47Z
EOG,2006-08-30,22.5,22.87,22.14,22.65,8582549,65.19,66.26,64.13,65.63,2962500,2026-01-17T03:44:47Z
EOG,2006-08-31,22.37,22.75,22.2,22.32,10324255,64.82,65.91,64.33,64.65,3563700,2026-01-17T03:44:47Z
EOG,2006-09-01,22.76,22.82,22.39,22.39,3935077,65.94,66.12,64.85,64.85,1358300,2026-01-17T03:44:47Z
EOG,2006-09-05,22.99,23.07,22.55,22.55,5762245,66.61,66.82,65.32,65.32,1989000,2026-01-17T03:44:47Z
EOG,2006-09-06,21.8,22.63,21.77,22.53,11255927,63.15,65.55,63.07,65.28,3885300,2026-01-17T03:44:47Z
EOG,2006-09-07,21.75,21.99,21.47,21.63,9076771,63,63.7,62.19,62.67,3133100,2026-01-17T03:44:47Z
EOG,2006-09-08,21.02,21.85,20.93,21.75,8565720,60.89,63.3,60.63,63,2956700,2026-01-17T03:44:47Z
EOG,2006-09-11,20.63,20.97,20.18,20.7,12610878,59.77,60.75,58.45,59.98,4353000,2026-01-17T03:44:47Z
EOG,2006-09-12,20.65,20.96,20.38,20.67,8614415,59.82,60.71,59.04,59.88,2973500,2026-01-17T03:44:47Z
EOG,2006-09-13,20.98,21.29,20.61,20.61,11857660,60.78,61.69,59.71,59.71,4093000,2026-01-17T03:44:47Z
EOG,2006-09-14,20.27,21.25,20.19,21.04,10881659,58.72,61.55,58.49,60.96,3756100,2026-01-17T03:44:47Z
EOG,2006-09-15,20.66,20.71,20.23,20.42,11438475,59.84,60,58.6,59.15,3948300,2026-01-17T03:44:47Z
EOG,2006-09-18,21.64,22.05,20.98,20.99,16644462,62.69,63.88,60.78,60.8,5745300,2026-01-17T03:44:47Z
EOG,2006-09-19,21.37,21.82,21.04,21.64,11819998,61.9,63.21,60.94,62.7,4080000,2026-01-17T03:44:47Z
EOG,2006-09-20,21.05,21.46,20.81,21.14,14292051,60.99,62.17,60.3,61.23,4933300,2026-01-17T03:44:47Z
EOG,2006-09-21,21.57,22.07,21.11,21.12,15661792,62.5,63.94,61.17,61.2,5406100,2026-01-17T03:44:47Z
EOG,2006-09-22,21.47,21.71,21.11,21.64,12357693,62.19,62.91,61.17,62.7,4265600,2026-01-17T03:44:47Z
EOG,2006-09-25,21.85,21.9,20.95,21.25,16009759,63.3,63.44,60.7,61.55,5526200,2026-01-17T03:44:47Z
EOG,2006-09-26,22.16,22.27,21.58,21.75,14588757,64.21,64.52,62.51,63,5035700,2026-01-17T03:44:47Z
EOG,2006-09-27,22.54,22.59,21.88,22.29,13797244,65.3,65.46,63.4,64.56,4762500,2026-01-17T03:44:47Z
EOG,2006-09-28,22.05,22.7,22.05,22.45,15569664,63.89,65.76,63.89,65.05,5374300,2026-01-17T03:44:47Z
EOG,2006-09-29,22.45,22.68,22.08,22.4,14611900,65.05,65.7,63.98,64.9,5043700,2026-01-17T03:44:47Z
EOG,2006-10-02,22.28,22.73,22.21,22.54,12930164,64.55,65.84,64.35,65.3,4463200,2026-01-17T03:44:47Z
EOG,2006-10-03,21.44,21.78,21.34,21.75,17095281,62.1,63.09,61.83,63,5900900,2026-01-17T03:44:47Z
EOG,2006-10-04,21.73,21.79,20.67,21.44,20811923,62.95,63.13,59.88,62.1,7183800,2026-01-17T03:44:47Z
EOG,2006-10-05,21.91,22.31,21.52,22.16,14770061,63.48,64.64,62.33,64.19,5098300,2026-01-17T03:44:47Z
EOG,2006-10-06,21.85,21.98,21.37,21.78,10372338,63.31,63.67,61.9,63.1,3580300,2026-01-17T03:44:47Z
EOG,2006-10-09,21.68,22.32,21.6,22.02,9376936,62.82,64.66,62.57,63.8,3236700,2026-01-17T03:44:47Z
EOG,2006-10-10,21.99,22.32,21.57,21.61,11598673,63.7,64.65,62.48,62.59,4003600,2026-01-17T03:44:47Z
EOG,2006-10-11,21.5,22,21.48,21.83,12831344,62.3,63.72,62.23,63.25,4429100,2026-01-17T03:44:47Z
EOG,2006-10-12,21.99,22.09,21.53,21.61,11467121,63.71,64,62.37,62.6,3958200,2026-01-17T03:44:47Z
EOG,2006-10-13,22.44,22.69,22.09,22.11,10632308,64.94,65.66,63.93,63.99,3673500,2026-01-17T03:44:47Z
EOG,2006-10-16,23.23,23.34,22.44,22.44,12106679,67.23,67.54,64.94,64.95,4182900,2026-01-17T03:44:47Z
EOG,2006-10-17,22.87,23.17,22.58,23.14,10017855,66.2,67.06,65.35,66.98,3461200,2026-01-17T03:44:47Z
EOG,2006-10-18,22.82,23.11,22.55,22.81,11061277,66.06,66.89,65.26,66.01,3821700,2026-01-17T03:44:47Z
EOG,2006-10-19,23.24,23.29,22.64,22.95,10284150,67.26,67.41,65.54,66.43,3553200,2026-01-17T03:44:47Z
EOG,2006-10-20,22.89,23.29,22.57,23.28,8496877,66.25,67.41,65.32,67.38,2935700,2026-01-17T03:44:47Z
EOG,2006-10-23,22.84,22.96,22.46,22.71,9016131,66.11,66.46,65.02,65.72,3115100,2026-01-17T03:44:47Z
EOG,2006-10-24,23.82,23.87,22.72,22.77,12410034,68.93,69.08,65.77,65.91,4287700,2026-01-17T03:44:47Z
EOG,2006-10-25,24.3,24.46,23.19,23.23,11705243,70.34,70.81,67.13,67.25,4044200,2026-01-17T03:44:47Z
EOG,2006-10-26,23.96,24.55,23.66,24.53,9004255,69.34,71.07,68.49,71,3111000,2026-01-17T03:44:47Z
EOG,2006-10-27,23.5,24.21,23.45,23.87,6805168,68.01,70.07,67.87,69.09,2351200,2026-01-17T03:44:47Z
EOG,2006-10-30,23.15,23.53,22.98,23.23,10447956,67,68.11,66.5,67.22,3609800,2026-01-17T03:44:47Z
EOG,2006-10-31,22.99,23.26,22.48,23.11,12726091,66.53,67.33,65.05,66.9,4396900,2026-01-17T03:44:47Z
EOG,2006-11-01,22.81,23.06,22.48,22.89,10129290,66.02,66.75,65.08,66.25,3499700,2026-01-17T03:44:47Z
EOG,2006-11-02,22.72,22.93,22.31,22.56,9741458,65.75,66.37,64.58,65.3,3365700,2026-01-17T03:44:47Z
EOG,2006-11-03,23.19,23.54,22.95,23.05,7722658,67.13,68.13,66.44,66.7,2668200,2026-01-17T03:44:47Z
EOG,2006-11-06,23.11,23.4,22.79,22.97,7918598,66.89,67.73,65.95,66.47,2735900,2026-01-17T03:44:47Z
EOG,2006-11-07,22.89,23.25,22.78,23.24,8225389,66.25,67.28,65.94,67.26,2841900,2026-01-17T03:44:47Z
EOG,2006-11-08,23.37,23.48,22.78,22.8,7664470,67.65,67.96,65.92,66,2648100,2026-01-17T03:44:47Z
EOG,2006-11-09,23.91,24.18,23.43,23.65,14380809,69.21,69.98,67.81,68.46,4968600,2026-01-17T03:44:47Z
EOG,2006-11-10,23.31,23.66,23.07,23.63,7133666,67.46,68.49,66.76,68.4,2464700,2026-01-17T03:44:47Z
EOG,2006-11-13,23.13,23.48,22.85,22.85,6793278,66.96,67.96,66.13,66.13,2347100,2026-01-17T03:44:47Z
EOG,2006-11-14,23.38,23.44,23.14,23.37,7104710,67.67,67.83,66.99,67.63,2454700,2026-01-17T03:44:47Z
EOG,2006-11-15,23.66,23.85,23.23,23.24,9828854,68.47,69.04,67.22,67.26,3395900,2026-01-17T03:44:47Z
EOG,2006-11-16,22.78,23.99,22.71,23.89,9055788,65.93,69.43,65.73,69.14,3128800,2026-01-17T03:44:47Z
EOG,2006-11-17,23.6,23.67,22.63,22.63,10198488,68.3,68.5,65.5,65.5,3523600,2026-01-17T03:44:47Z
EOG,2006-11-20,23.57,23.67,23.16,23.44,8374751,68.22,68.51,67.04,67.83,2893500,2026-01-17T03:44:47Z
EOG,2006-11-21,24.03,24.09,23.49,23.62,12406567,69.55,69.73,67.99,68.38,4286500,2026-01-17T03:44:47Z
EOG,2006-11-22,24.03,24.12,23.6,24.03,9533921,69.56,69.81,68.3,69.55,3294000,2026-01-17T03:44:47Z
EOG,2006-11-24,24,24.42,24,24.08,2960320,69.47,70.68,69.47,69.7,1022800,2026-01-17T03:44:47Z
EOG,2006-11-27,23.82,24.23,23.8,24.16,7391838,68.93,70.13,68.9,69.92,2553900,2026-01-17T03:44:47Z
EOG,2006-11-28,24.52,24.68,23.9,23.9,11160560,70.97,71.42,69.18,69.18,3856000,2026-01-17T03:44:47Z
EOG,2006-11-29,24.9,24.97,24.03,24.7,18168615,72.06,72.27,69.55,71.5,6277300,2026-01-17T03:44:47Z
EOG,2006-11-30,24.37,24.67,24.07,24.6,15955306,70.53,71.4,69.66,71.2,5512600,2026-01-17T03:44:47Z
EOG,2006-12-01,24.4,24.43,23.79,24.15,8430887,70.63,70.72,68.86,69.91,2912900,2026-01-17T03:44:47Z
EOG,2006-12-04,23.9,24.22,23.66,24.1,7619050,69.17,70.11,68.48,69.75,2632400,2026-01-17T03:44:47Z
EOG,2006-12-05,23.95,24.16,23.71,24.03,8861003,69.33,69.93,68.63,69.56,3061500,2026-01-17T03:44:47Z
EOG,2006-12-06,23.96,24.38,23.8,23.8,6823394,69.35,70.55,68.9,68.9,2357500,2026-01-17T03:44:47Z
EOG,2006-12-07,23.82,24.07,23.67,23.96,5617310,68.94,69.67,68.52,69.35,1940800,2026-01-17T03:44:47Z
EOG,2006-12-08,23.73,24.06,23.63,24,6118033,68.67,69.65,68.39,69.45,2113800,2026-01-17T03:44:47Z
EOG,2006-12-11,23.63,23.87,23.34,23.67,6322968,68.39,69.1,67.54,68.51,2184600,2026-01-17T03:44:47Z
EOG,2006-12-12,23.59,23.9,23.4,23.64,6334819,68.27,69.17,67.72,68.42,2188700,2026-01-17T03:44:47Z
EOG,2006-12-13,23.71,23.95,23.51,23.81,5619914,68.63,69.31,68.04,68.92,1941700,2026-01-17T03:44:47Z
EOG,2006-12-14,24.12,24.24,23.7,23.86,9122359,69.82,70.17,68.58,69.07,3151800,2026-01-17T03:44:47Z
EOG,2006-12-15,23.71,24.17,23.47,24.12,8046824,68.62,69.96,67.94,69.82,2780200,2026-01-17T03:44:47Z
EOG,2006-12-18,22.62,23.46,22.5,23.46,8945522,65.48,67.9,65.12,67.9,3090700,2026-01-17T03:44:47Z
EOG,2006-12-19,22.95,23.19,21.87,21.87,7178798,66.43,67.11,63.3,63.3,2480300,2026-01-17T03:44:47Z
EOG,2006-12-20,22.46,23,22.42,23,7204005,65.01,66.58,64.89,66.58,2489000,2026-01-17T03:44:47Z
EOG,2006-12-21,22.46,22.69,22.21,22.6,7049141,65,65.67,64.28,65.4,2435500,2026-01-17T03:44:47Z
EOG,2006-12-22,22.22,22.48,22.18,22.46,4381727,64.31,65.08,64.21,65,1513900,2026-01-17T03:44:47Z
EOG,2006-12-26,21.82,22.41,21.75,21.8,4920355,63.16,64.86,62.94,63.1,1700000,2026-01-17T03:44:47Z
EOG,2006-12-27,22,22.08,21.54,21.82,7520042,63.67,63.9,62.33,63.16,2598200,2026-01-17T03:44:47Z
EOG,2006-12-28,22,22.24,21.87,22.11,5440481,63.68,64.38,63.31,64,1879700,2026-01-17T03:44:47Z
EOG,2006-12-29,21.58,21.97,21.38,21.85,8616118,62.45,63.6,61.87,63.25,2976900,2026-01-17T03:44:47Z
EOG,2007-01-03,20.96,21.93,20.46,21.36,15926932,60.66,63.47,59.21,61.81,5502800,2026-01-17T03:44:47Z
EOG,2007-01-04,20.97,21.38,20.65,21.32,16362834,60.7,61.87,59.76,61.72,5653400,2026-01-17T03:44:47Z
EOG,2007-01-05,21.66,21.77,21.04,21.18,18876272,62.68,63,60.9,61.3,6521800,2026-01-17T03:44:47Z
EOG,2007-01-08,21.51,22.11,21.18,22.06,11663553,62.25,64,61.29,63.86,4029800,2026-01-17T03:44:47Z
EOG,2007-01-09,21.23,21.38,20.77,21.08,15690790,61.45,61.89,60.12,61,5421200,2026-01-17T03:44:47Z
EOG,2007-01-10,21.07,21.29,20.74,21.16,10411473,60.98,61.61,60.02,61.25,3597200,2026-01-17T03:44:47Z
EOG,2007-01-11,20.72,21.45,20.63,21.45,13271414,59.96,62.08,59.71,62.07,4585300,2026-01-17T03:44:47Z
EOG,2007-01-12,21.54,21.59,20.74,20.75,10802390,62.28,62.44,59.98,60,3736000,2026-01-17T03:44:47Z
EOG,2007-01-16,21.45,21.82,21.27,21.48,8755850,62.03,63.09,61.51,62.12,3028200,2026-01-17T03:44:47Z
EOG,2007-01-17,21.5,21.73,21.35,21.41,8826119,62.17,62.82,61.74,61.91,3052500,2026-01-17T03:44:47Z
EOG,2007-01-18,21.34,21.68,21.17,21.62,7224245,61.7,62.7,61.2,62.51,2498500,2026-01-17T03:44:47Z
EOG,2007-01-19,22.39,22.43,21.49,21.58,9801967,64.73,64.87,62.13,62.4,3390000,2026-01-17T03:44:47Z
EOG,2007-01-22,22.46,22.98,22.26,22.65,12283381,64.93,66.45,64.37,65.5,4248200,2026-01-17T03:44:47Z
EOG,2007-01-23,23.34,23.56,22.66,22.68,10502003,67.49,68.11,65.53,65.57,3632100,2026-01-17T03:44:47Z
EOG,2007-01-24,23.3,23.31,22.72,23.11,7676467,67.36,67.41,65.69,66.83,2654900,2026-01-17T03:44:47Z
EOG,2007-01-25,22.47,23.2,22.4,23.2,9670716,64.96,67.09,64.78,67.09,3344600,2026-01-17T03:44:47Z
EOG,2007-01-26,22.68,22.92,22.51,22.69,6164544,65.57,66.27,65.09,65.6,2132000,2026-01-17T03:44:47Z
EOG,2007-01-29,22.49,23.34,22.46,22.89,7723009,65.03,67.49,64.95,66.17,2671000,2026-01-17T03:44:47Z
EOG,2007-01-30,23.54,23.68,22.49,22.49,10769720,68.06,68.47,65.03,65.03,3724700,2026-01-17T03:44:47Z
EOG,2007-01-31,23.91,24.12,22.94,23.07,11948586,69.13,69.75,66.33,66.7,4132400,2026-01-17T03:44:47Z
EOG,2007-02-01,24.07,24.19,23.55,24.04,14468182,69.59,69.95,68.1,69.5,5003800,2026-01-17T03:44:47Z
EOG,2007-02-02,23.76,24.05,23.53,24.01,8068828,68.69,69.54,68.04,69.42,2790600,2026-01-17T03:44:47Z
EOG,2007-02-05,23.5,24.12,23.47,23.82,8501990,67.95,69.74,67.86,68.86,2940400,2026-01-17T03:44:47Z
EOG,2007-02-06,23.22,23.84,23.07,23.83,8069128,67.14,68.93,66.69,68.91,2790700,2026-01-17T03:44:47Z
EOG,2007-02-07,23.02,23.42,22.81,23.22,6523092,66.55,67.71,65.96,67.15,2256000,2026-01-17T03:44:47Z
EOG,2007-02-08,23.04,23.11,22.67,23.02,8687028,66.61,66.81,65.56,66.55,3004400,2026-01-17T03:44:47Z
EOG,2007-02-09,23.02,23.39,22.92,23.12,5062896,66.57,67.62,66.28,66.84,1751000,2026-01-17T03:44:47Z
EOG,2007-02-12,22.49,22.88,22.27,22.71,6913138,65.04,66.16,64.4,65.67,2390900,2026-01-17T03:44:47Z
EOG,2007-02-13,22.75,22.89,22.51,22.82,8636134,65.77,66.17,65.08,65.99,2986800,2026-01-17T03:44:47Z
EOG,2007-02-14,22.87,23.06,22.69,22.82,6224402,66.12,66.67,65.6,65.99,2152700,2026-01-17T03:44:47Z
EOG,2007-02-15,22.75,22.86,22.38,22.76,8388923,65.79,66.1,64.71,65.8,2901300,2026-01-17T03:44:47Z
EOG,2007-02-16,23.17,23.36,22.8,22.8,9401206,67,67.53,65.91,65.94,3251400,2026-01-17T03:44:47Z
EOG,2007-02-20,22.96,23.04,22.83,22.96,7060587,66.4,66.62,66,66.4,2441900,2026-01-17T03:44:47Z
EOG,2007-02-21,23.28,23.39,22.76,23.04,6039349,67.3,67.62,65.82,66.61,2088700,2026-01-17T03:44:47Z
EOG,2007-02-22,23.69,23.79,23.29,23.42,8077808,68.51,68.8,67.33,67.72,2793700,2026-01-17T03:44:47Z
EOG,2007-02-23,23.47,23.92,23.33,23.87,5422311,67.86,69.17,67.46,69.01,1875300,2026-01-17T03:44:47Z
EOG,2007-02-26,24.06,24.12,23.61,23.66,7927728,69.58,69.75,68.27,68.4,2741800,2026-01-17T03:44:47Z
EOG,2007-02-27,23.38,24.15,23.09,23.51,8539850,67.6,69.82,66.75,67.97,2953500,2026-01-17T03:44:47Z
EOG,2007-02-28,23.43,23.62,23.05,23.43,7820758,67.74,68.3,66.66,67.76,2704800,2026-01-17T03:44:47Z
EOG,2007-03-01,23.19,23.5,22.82,22.95,7853997,67.05,67.94,65.97,66.37,2716300,2026-01-17T03:44:47Z
EOG,2007-03-02,22.8,23.25,22.72,23.12,6147182,65.92,67.22,65.7,66.84,2126000,2026-01-17T03:44:47Z
EOG,2007-03-05,22.41,22.77,22.13,22.4,8189129,64.8,65.85,64,64.77,2832200,2026-01-17T03:44:47Z
EOG,2007-03-06,22.9,22.89,22.56,22.69,7746733,66.2,66.2,65.22,65.6,2679200,2026-01-17T03:44:47Z
EOG,2007-03-07,23.24,23.62,22.77,22.89,7892465,67.21,68.3,65.83,66.18,2729600,2026-01-17T03:44:47Z
EOG,2007-03-08,23.16,23.51,23.04,23.36,5998284,66.97,67.97,66.62,67.55,2074500,2026-01-17T03:44:47Z
EOG,2007-03-09,23.14,23.43,23.01,23.31,3770151,66.91,67.75,66.52,67.39,1303900,2026-01-17T03:44:47Z
EOG,2007-03-12,22.87,22.99,22.74,22.96,5656523,66.12,66.48,65.75,66.39,1956300,2026-01-17T03:44:47Z
EOG,2007-03-13,22.78,23.53,22.72,22.85,8158464,65.87,68.03,65.69,66.08,2821600,2026-01-17T03:44:47Z
EOG,2007-03-14,23.31,23.31,22.69,22.98,7341053,67.39,67.41,65.6,66.45,2538900,2026-01-17T03:44:47Z
EOG,2007-03-15,23.08,23.38,23.02,23.24,4281348,66.73,67.6,66.55,67.2,1480700,2026-01-17T03:44:47Z
EOG,2007-03-16,22.7,23.19,22.58,23.14,8054681,65.64,67.05,65.3,66.9,2785700,2026-01-17T03:44:47Z
EOG,2007-03-19,23.1,23.14,22.83,22.98,4618199,66.78,66.92,66.01,66.44,1597200,2026-01-17T03:44:47Z
EOG,2007-03-20,23.49,23.53,23.09,23.28,6188256,67.93,68.03,66.75,67.3,2140200,2026-01-17T03:44:47Z
EOG,2007-03-21,24.11,24.21,23.54,23.6,10124935,69.72,70,68.05,68.24,3501700,2026-01-17T03:44:47Z
EOG,2007-03-22,24.62,24.86,24.29,24.38,10028384,71.2,71.87,70.23,70.5,3468300,2026-01-17T03:44:47Z
EOG,2007-03-23,24.71,24.78,24.45,24.64,6140254,71.45,71.66,70.68,71.26,2123600,2026-01-17T03:44:47Z
EOG,2007-03-26,25.07,25.11,24.49,24.9,7738648,72.48,72.6,70.81,71.99,2676400,2026-01-17T03:44:47Z
EOG,2007-03-27,24.89,25.12,24.72,24.91,7980089,71.97,72.63,71.47,72.03,2759900,2026-01-17T03:44:47Z
EOG,2007-03-28,24.79,25.28,24.59,25.25,7260392,71.67,73.09,71.1,73,2511000,2026-01-17T03:44:47Z
EOG,2007-03-29,24.86,25.04,24.68,24.99,5153688,71.87,72.4,71.35,72.25,1782400,2026-01-17T03:44:47Z
EOG,2007-03-30,24.67,24.89,24.55,24.89,8411173,71.34,71.96,71,71.96,2909000,2026-01-17T03:44:47Z
EOG,2007-04-02,25.11,25.17,24.67,24.72,5001322,72.6,72.79,71.34,71.48,1729700,2026-01-17T03:44:47Z
EOG,2007-04-03,25.27,25.27,24.61,24.82,5291900,73.07,73.07,71.15,71.75,1830200,2026-01-17T03:44:47Z
EOG,2007-04-04,25.64,25.75,24.99,25.09,9068120,74.15,74.45,72.27,72.54,3136200,2026-01-17T03:44:47Z
EOG,2007-04-05,25.85,25.9,25.49,25.61,7155149,74.75,74.89,73.7,74.05,2474600,2026-01-17T03:44:47Z
EOG,2007-04-09,25.73,26.24,25.63,25.89,6093991,74.39,75.86,74.11,74.85,2107600,2026-01-17T03:44:47Z
EOG,2007-04-10,26.25,26.3,25.75,25.8,6551991,75.91,76.05,74.45,74.6,2266000,2026-01-17T03:44:47Z
EOG,2007-04-11,26.01,26.35,25.66,25.66,5373732,75.21,76.2,74.19,74.19,1858500,2026-01-17T03:44:47Z
EOG,2007-04-12,26.72,26.72,26.08,26.25,5508231,77.16,77.17,75.33,75.82,1907300,2026-01-17T03:44:47Z
EOG,2007-04-13,26.66,26.87,26.49,26.66,5439801,76.98,77.6,76.51,76.98,1883600,2026-01-17T03:44:47Z
EOG,2007-04-16,26.78,26.82,26.17,26.6,6166108,77.35,77.45,75.59,76.83,2135100,2026-01-17T03:44:47Z
EOG,2007-04-17,26.28,26.91,26.17,26.84,8435792,75.91,77.71,75.58,77.5,2921000,2026-01-17T03:44:47Z
EOG,2007-04-18,25.85,26.17,25.8,26.17,9148513,74.65,75.58,74.5,75.58,3167800,2026-01-17T03:44:47Z
EOG,2007-04-19,25.44,25.76,25.29,25.76,7149191,73.48,74.39,73.04,74.39,2475500,2026-01-17T03:44:47Z
EOG,2007-04-20,25.62,25.75,25.28,25.48,8875890,73.98,74.37,73,73.58,3073400,2026-01-17T03:44:47Z
EOG,2007-04-23,25.7,25.81,25.21,25.23,4489935,74.21,74.54,72.82,72.86,1554700,2026-01-17T03:44:47Z
EOG,2007-04-24,25.76,25.87,25.6,25.75,5069269,74.39,74.72,73.93,74.36,1755300,2026-01-17T03:44:47Z
EOG,2007-04-25,26.11,26.36,25.84,25.88,6213781,75.4,76.13,74.62,74.75,2151600,2026-01-17T03:44:47Z
EOG,2007-04-26,25.8,25.97,25.54,25.93,6616933,74.5,75.01,73.76,74.9,2291200,2026-01-17T03:44:47Z
EOG,2007-04-27,25.71,25.96,25.55,25.68,5228690,74.25,74.97,73.8,74.15,1810500,2026-01-17T03:44:47Z
EOG,2007-04-30,25.43,26.05,25.43,25.67,6293470,73.44,75.22,73.44,74.13,2179200,2026-01-17T03:44:47Z
EOG,2007-05-01,26.24,26.77,25.55,25.88,15923739,75.78,77.32,73.8,74.73,5513800,2026-01-17T03:44:47Z
EOG,2007-05-02,26.8,26.87,26.21,26.29,6789930,77.41,77.6,75.7,75.92,2351100,2026-01-17T03:44:47Z
EOG,2007-05-03,27.02,27.06,26.52,26.76,8489481,78.02,78.14,76.6,77.27,2939600,2026-01-17T03:44:47Z
EOG,2007-05-04,26.63,27.24,26.54,27.05,5512851,76.92,78.66,76.66,78.13,1908900,2026-01-17T03:44:47Z
EOG,2007-05-07,26.71,26.83,26.48,26.53,4516791,77.13,77.48,76.46,76.62,1564000,2026-01-17T03:44:47Z
EOG,2007-05-08,26.58,26.6,25.95,26.53,7678840,76.75,76.82,74.94,76.62,2658900,2026-01-17T03:44:47Z
EOG,2007-05-09,26.3,26.62,26.06,26.55,7029919,75.94,76.88,75.27,76.69,2434200,2026-01-17T03:44:47Z
EOG,2007-05-10,25.81,26.45,25.73,26.22,5590247,74.54,76.38,74.3,75.73,1935700,2026-01-17T03:44:47Z
EOG,2007-05-11,26.28,26.32,25.84,26.16,5638205,75.91,76.01,74.61,75.54,1952300,2026-01-17T03:44:47Z
EOG,2007-05-14,26.7,26.89,26.34,26.36,6851135,77.11,77.65,76.06,76.14,2372300,2026-01-17T03:44:47Z
EOG,2007-05-15,26.25,26.75,26.16,26.6,6005824,75.8,77.26,75.56,76.81,2079600,2026-01-17T03:44:47Z
EOG,2007-05-16,26.19,26.42,25.84,26.33,7225720,75.65,76.3,74.63,76.05,2502000,2026-01-17T03:44:47Z
EOG,2007-05-17,26.56,26.77,25.9,26.25,7293581,76.7,77.32,74.8,75.8,2525500,2026-01-17T03:44:47Z
EOG,2007-05-18,27.17,27.21,26.16,26.16,6848252,78.47,78.59,75.55,75.55,2371300,2026-01-17T03:44:47Z
EOG,2007-05-21,27.19,27.43,26.95,27.26,7369235,78.53,79.21,77.83,78.73,2551700,2026-01-17T03:44:47Z
EOG,2007-05-22,26.85,27.37,26.79,27.19,4792883,77.53,79.05,77.38,78.53,1659600,2026-01-17T03:44:47Z
EOG,2007-05-23,26.84,27.41,26.76,26.8,5688163,77.52,79.15,77.27,77.4,1969600,2026-01-17T03:44:47Z
EOG,2007-05-24,26.25,27.39,26.13,27.35,6197591,75.82,79.1,75.46,78.99,2146000,2026-01-17T03:44:47Z
EOG,2007-05-25,26.53,26.73,26.23,26.59,6165546,76.61,77.2,75.74,76.8,2134900,2026-01-17T03:44:47Z
EOG,2007-05-29,26.26,26.56,25.95,26.45,5442687,75.83,76.7,74.95,76.4,1884600,2026-01-17T03:44:47Z
EOG,2007-05-30,26.91,26.96,26.1,26.84,6162070,77.72,77.86,75.38,77.5,2133700,2026-01-17T03:44:47Z
EOG,2007-05-31,26.63,27.18,26.58,27.12,6174214,76.9,78.5,76.76,78.32,2137900,2026-01-17T03:44:47Z
EOG,2007-06-01,26.71,27.09,26.64,27.01,7072088,77.14,78.25,76.93,78,2448800,2026-01-17T03:44:47Z
EOG,2007-06-04,27.32,27.39,26.5,26.53,5346516,78.91,79.1,76.52,76.62,1851300,2026-01-17T03:44:47Z
EOG,2007-06-05,26.99,27.24,26.87,27.08,5481370,77.94,78.68,77.6,78.2,1898000,2026-01-17T03:44:47Z
EOG,2007-06-06,26.47,27.42,26.32,27.42,6061853,76.44,79.18,76,79.18,2099000,2026-01-17T03:44:47Z
EOG,2007-06-07,25.93,26.86,25.85,26.34,7171121,74.89,77.56,74.66,76.08,2483100,2026-01-17T03:44:47Z
EOG,2007-06-08,26.09,26.1,25.42,25.67,5840057,75.34,75.38,73.41,74.14,2022200,2026-01-17T03:44:47Z
EOG,2007-06-11,26.2,26.44,25.9,26.07,4133556,75.66,76.37,74.81,75.3,1431300,2026-01-17T03:44:47Z
EOG,2007-06-12,26.25,26.74,25.99,26.2,6467626,75.81,77.23,75.06,75.66,2239500,2026-01-17T03:44:47Z
EOG,2007-06-13,26.82,26.9,26.33,26.35,5780859,77.45,77.68,76.05,76.1,2001700,2026-01-17T03:44:47Z
EOG,2007-06-14,27.7,27.79,26.85,26.87,8681263,80.01,80.25,77.53,77.61,3006000,2026-01-17T03:44:47Z
EOG,2007-06-15,27.87,27.95,27.47,27.8,6914976,80.49,80.72,79.32,80.29,2394400,2026-01-17T03:44:47Z
EOG,2007-06-18,27.79,28.22,27.74,28.18,4897428,80.26,81.49,80.11,81.39,1695800,2026-01-17T03:44:47Z
EOG,2007-06-19,27.51,27.75,27.45,27.68,5263339,79.45,80.14,79.28,79.95,1822500,2026-01-17T03:44:47Z
EOG,2007-06-20,26.59,27.84,26.53,27.6,7274231,76.78,80.4,76.61,79.7,2518800,2026-01-17T03:44:47Z
EOG,2007-06-21,27.32,27.35,26.68,26.95,6403214,78.9,78.98,77.06,77.84,2217200,2026-01-17T03:44:47Z
EOG,2007-06-22,26.53,27.22,26.1,27.04,10106179,76.62,78.6,75.38,78.1,3499400,2026-01-17T03:44:47Z
EOG,2007-06-25,25.77,26.14,25.51,26.04,14462103,74.43,75.49,73.67,75.21,5007700,2026-01-17T03:44:47Z
EOG,2007-06-26,25.16,26.36,25,26.29,10255487,72.66,76.14,72.2,75.91,3551100,2026-01-17T03:44:47Z
EOG,2007-06-27,25.57,25.6,24.7,24.78,9680786,73.86,73.92,71.33,71.56,3352100,2026-01-17T03:44:47Z
EOG,2007-06-28,25.09,25.91,24.88,25.66,10253458,72.45,74.84,71.86,74.12,3550400,2026-01-17T03:44:47Z
EOG,2007-06-29,25.3,25.87,25,25,13106498,73.06,74.7,72.21,72.21,4538300,2026-01-17T03:44:47Z
EOG,2007-07-02,25.67,25.67,25.14,25.42,8150444,74.13,74.13,72.59,73.42,2822200,2026-01-17T03:44:47Z
EOG,2007-07-03,25.86,26.04,25.08,25.24,4149161,74.68,75.19,72.43,72.88,1436700,2026-01-17T03:44:47Z
EOG,2007-07-05,25.85,26.08,25.55,25.62,7124352,74.66,75.31,73.8,74,2466900,2026-01-17T03:44:47Z
EOG,2007-07-06,25.95,26.3,25.89,26.14,7494577,74.94,75.94,74.76,75.5,2595100,2026-01-17T03:44:47Z
EOG,2007-07-09,25.82,26.14,25.64,25.81,6379551,74.57,75.5,74.06,74.53,2209000,2026-01-17T03:44:47Z
EOG,2007-07-10,25.68,26.13,25.56,25.64,7859911,74.16,75.46,73.82,74.06,2721600,2026-01-17T03:44:47Z
EOG,2007-07-11,25.77,25.82,25.33,25.33,7508452,74.42,74.57,73.15,73.15,2599900,2026-01-17T03:44:47Z
EOG,2007-07-12,25.83,26.06,25.5,25.96,5889732,74.59,75.26,73.65,74.98,2039400,2026-01-17T03:44:47Z
EOG,2007-07-13,25.97,26.17,25.5,25.68,5272565,74.91,75.5,73.55,74.08,1827900,2026-01-17T03:44:47Z
EOG,2007-07-16,25.33,25.95,25,25.87,7024310,73.05,74.86,72.11,74.63,2435200,2026-01-17T03:44:47Z
EOG,2007-07-17,25.2,25.78,25.14,25.56,6418566,72.69,74.35,72.53,73.74,2225200,2026-01-17T03:44:47Z
EOG,2007-07-18,26.05,26.12,25.03,25.04,10455986,75.13,75.33,72.2,72.23,3624900,2026-01-17T03:44:47Z
EOG,2007-07-19,26.42,26.5,25.98,26.19,7071628,76.2,76.43,74.95,75.55,2451600,2026-01-17T03:44:47Z
EOG,2007-07-20,26.01,26.67,25.9,26.5,8627519,75.03,76.92,74.72,76.45,2991000,2026-01-17T03:44:47Z
EOG,2007-07-23,24.99,25.52,24.75,25.52,13891694,72.09,73.61,71.4,73.61,4816000,2026-01-17T03:44:47Z
EOG,2007-07-24,24.36,24.77,24.24,24.67,9822262,70.28,71.44,69.91,71.15,3405200,2026-01-17T03:44:47Z
EOG,2007-07-25,24.7,24.78,23.92,24.23,8289737,71.24,71.47,68.99,69.9,2873900,2026-01-17T03:44:47Z
EOG,2007-07-26,24.25,24.66,23.68,24.57,11436707,69.95,71.13,68.3,70.86,3964900,2026-01-17T03:44:47Z
EOG,2007-07-27,23.96,24.64,23.72,24.25,9474674,69.11,71.07,68.41,69.95,3284700,2026-01-17T03:44:47Z
EOG,2007-07-30,24.65,24.85,24.13,24.18,9860053,71.09,71.69,69.59,69.75,3418300,2026-01-17T03:44:47Z
EOG,2007-07-31,24.3,25.15,24.23,25.05,8551932,70.1,72.55,69.88,72.25,2964800,2026-01-17T03:44:47Z
EOG,2007-08-01,24.82,25.11,24.02,24.49,10719937,71.59,72.44,69.27,70.64,3716400,2026-01-17T03:44:47Z
EOG,2007-08-02,25.36,25.76,24.67,25.11,12356290,73.14,74.3,71.16,72.44,4283700,2026-01-17T03:44:47Z
EOG,2007-08-03,24.43,25.49,24.35,24.89,12221326,70.47,73.53,70.23,71.8,4236900,2026-01-17T03:44:47Z
EOG,2007-08-06,24.45,24.52,23.48,24.39,10245129,70.52,70.74,67.72,70.36,3551800,2026-01-17T03:44:47Z
EOG,2007-08-07,24.96,25.11,24.04,24.52,13520479,71.99,72.42,69.35,70.74,4687300,2026-01-17T03:44:47Z
EOG,2007-08-08,25.39,26.16,25.1,25.31,11630569,73.25,75.45,72.41,73,4032100,2026-01-17T03:44:47Z
EOG,2007-08-09,25.35,26.29,24.65,24.96,11260198,73.13,75.83,71.09,72.01,3903700,2026-01-17T03:44:47Z
EOG,2007-08-10,24.96,25.13,24.08,24.61,11871126,71.99,72.48,69.45,71,4115500,2026-01-17T03:44:47Z
EOG,2007-08-13,24.78,25.31,24.77,25.12,8100217,71.49,73,71.46,72.45,2808200,2026-01-17T03:44:47Z
EOG,2007-08-14,24.39,25.01,24.34,24.68,6115117,70.34,72.14,70.2,71.2,2120000,2026-01-17T03:44:47Z
EOG,2007-08-15,23.81,24.91,23.7,24.62,8331849,68.68,71.86,68.36,71.03,2888500,2026-01-17T03:44:47Z
EOG,2007-08-16,23.92,24.09,22.74,23.4,13935860,69,69.48,65.6,67.5,4831300,2026-01-17T03:44:47Z
EOG,2007-08-17,24.82,24.98,24.05,24.32,9787066,71.58,72.06,69.38,70.16,3393000,2026-01-17T03:44:47Z
EOG,2007-08-20,24.19,24.56,23.75,24.22,8829442,69.78,70.85,68.51,69.86,3061000,2026-01-17T03:44:47Z
EOG,2007-08-21,23.61,24.17,23.4,23.98,8168030,68.09,69.71,67.51,69.17,2831700,2026-01-17T03:44:47Z
EOG,2007-08-22,23.12,23.91,22.96,23.85,11212574,66.7,68.98,66.22,68.8,3887200,2026-01-17T03:44:47Z
EOG,2007-08-23,23.25,23.5,22.85,23.37,6985959,67.07,67.77,65.92,67.4,2421900,2026-01-17T03:44:47Z
EOG,2007-08-24,23.54,23.64,23.2,23.62,4806718,67.89,68.2,66.92,68.14,1666400,2026-01-17T03:44:47Z
EOG,2007-08-27,23.17,23.44,23.04,23.44,4692201,66.84,67.61,66.45,67.61,1626700,2026-01-17T03:44:47Z
EOG,2007-08-28,22.78,23.11,22.64,23.01,6125499,65.7,66.66,65.29,66.36,2123600,2026-01-17T03:44:47Z
EOG,2007-08-29,23.13,23.22,22.73,22.97,4716719,66.72,66.98,65.55,66.26,1635200,2026-01-17T03:44:47Z
EOG,2007-08-30,23.14,23.57,22.92,23.13,6221278,66.74,67.98,66.1,66.72,2156800,2026-01-17T03:44:47Z
EOG,2007-08-31,23.35,23.72,23.32,23.37,5102947,67.36,68.43,67.26,67.41,1769100,2026-01-17T03:44:47Z
EOG,2007-09-04,23.97,24.22,23.18,23.35,6189540,69.13,69.85,66.86,67.36,2145800,2026-01-17T03:44:47Z
EOG,2007-09-05,24.06,24.32,23.92,23.96,7000670,69.39,70.16,69,69.12,2427000,2026-01-17T03:44:47Z
EOG,2007-09-06,24.51,24.82,24.15,24.15,9770920,70.7,71.59,69.66,69.66,3387400,2026-01-17T03:44:47Z
EOG,2007-09-07,24.23,24.36,23.94,24.29,7623435,69.9,70.27,69.05,70.07,2642900,2026-01-17T03:44:47Z
EOG,2007-09-10,24.38,24.46,23.72,24.2,8058996,70.32,70.55,68.41,69.8,2793900,2026-01-17T03:44:47Z
EOG,2007-09-11,24.71,24.8,23.99,24.48,7451804,71.29,71.54,69.19,70.62,2583400,2026-01-17T03:44:47Z
EOG,2007-09-12,25.14,25.47,24.76,24.82,10830995,72.52,73.46,71.41,71.6,3754900,2026-01-17T03:44:47Z
EOG,2007-09-13,24.86,25.23,24.77,25.12,6037817,71.72,72.77,71.46,72.45,2093200,2026-01-17T03:44:47Z
EOG,2007-09-14,25.08,25.19,24.62,24.62,4981806,72.35,72.65,71.01,71.01,1727100,2026-01-17T03:44:47Z
EOG,2007-09-17,24.91,25.24,24.81,25.16,4211064,71.85,72.81,71.57,72.57,1459900,2026-01-17T03:44:47Z
EOG,2007-09-18,25.6,25.63,24.54,24.96,7523051,73.85,73.93,70.79,72,2608100,2026-01-17T03:44:47Z
EOG,2007-09-19,25.73,26,25.58,25.9,6647600,74.22,74.99,73.78,74.7,2304600,2026-01-17T03:44:47Z
EOG,2007-09-20,25.6,25.78,25.37,25.61,4924115,73.83,74.36,73.18,73.86,1707100,2026-01-17T03:44:47Z
EOG,2007-09-21,25.82,26.09,25.6,25.87,4937385,74.49,75.25,73.83,74.62,1711700,2026-01-17T03:44:47Z
EOG,2007-09-24,25.57,25.96,25.4,25.79,4801819,73.76,74.87,73.27,74.4,1664700,2026-01-17T03:44:47Z
EOG,2007-09-25,25.26,25.39,24.83,25.29,4953534,72.87,73.25,71.63,72.95,1717300,2026-01-17T03:44:47Z
EOG,2007-09-26,25.09,25.64,24.86,25.46,8087840,72.37,73.95,71.7,73.45,2803900,2026-01-17T03:44:47Z
EOG,2007-09-27,25.09,25.35,24.84,25.31,6732117,72.38,73.13,71.64,73,2333900,2026-01-17T03:44:47Z
EOG,2007-09-28,25.08,25.34,24.93,25.24,4536435,72.33,73.09,71.91,72.8,1572700,2026-01-17T03:44:47Z
EOG,2007-10-01,25.4,25.45,25.03,25.1,4847956,73.27,73.41,72.2,72.41,1680700,2026-01-17T03:44:47Z
EOG,2007-10-02,25.9,26.19,25.21,25.23,6191275,74.7,75.54,72.72,72.79,2146400,2026-01-17T03:44:47Z
EOG,2007-10-03,25.82,25.97,25.55,25.77,5355932,74.48,74.92,73.71,74.34,1856800,2026-01-17T03:44:47Z
EOG,2007-10-04,26.54,26.7,25.68,25.87,8066184,76.55,77,74.08,74.62,2796400,2026-01-17T03:44:47Z
EOG,2007-10-05,26.84,27.01,26.43,26.49,8511852,77.41,77.9,76.24,76.41,2950900,2026-01-17T03:44:47Z
EOG,2007-10-08,26.52,26.79,26.37,26.54,3571866,76.51,77.28,76.06,76.55,1238300,2026-01-17T03:44:47Z
EOG,2007-10-09,27.13,27.33,26.58,26.73,6325401,78.26,78.84,76.67,77.1,2192900,2026-01-17T03:44:47Z
EOG,2007-10-10,27.58,27.73,26.91,26.98,6226755,79.55,80,77.63,77.83,2158700,2026-01-17T03:44:47Z
EOG,2007-10-11,28.05,28.64,27.67,27.71,11727492,80.9,82.6,79.81,79.93,4065700,2026-01-17T03:44:47Z
EOG,2007-10-12,28.21,28.38,27.81,27.88,4886901,81.37,81.86,80.22,80.41,1694200,2026-01-17T03:44:47Z
EOG,2007-10-15,28.34,28.9,28.15,28.51,6485224,81.66,83.28,81.1,82.15,2250800,2026-01-17T03:44:47Z
EOG,2007-10-16,28.35,28.56,28.21,28.34,5847313,81.68,82.3,81.27,81.65,2029400,2026-01-17T03:44:47Z
EOG,2007-10-17,28.29,28.65,28.08,28.46,7146483,81.52,82.55,80.9,82,2480300,2026-01-17T03:44:47Z
EOG,2007-10-18,28.52,28.71,28.22,28.27,7938262,82.17,82.72,81.3,81.46,2755100,2026-01-17T03:44:47Z
EOG,2007-10-19,27.7,28.48,27.65,28.42,11519450,79.8,82.05,79.66,81.88,3998000,2026-01-17T03:44:47Z
EOG,2007-10-22,27.21,27.24,26.55,27.03,9741376,78.39,78.48,76.5,77.89,3380900,2026-01-17T03:44:47Z
EOG,2007-10-23,26.87,27.69,26.68,27.51,10804004,77.43,79.78,76.87,79.26,3749700,2026-01-17T03:44:47Z
EOG,2007-10-24,27.26,27.44,26.5,26.84,7812645,78.55,79.05,76.37,77.32,2711500,2026-01-17T03:44:47Z
EOG,2007-10-25,28.03,28.14,27.37,27.37,6920879,80.77,81.07,78.87,78.87,2402000,2026-01-17T03:44:47Z
EOG,2007-10-26,28.43,28.78,28.03,28.55,4967078,81.91,82.93,80.77,82.26,1723900,2026-01-17T03:44:47Z
EOG,2007-10-29,28.64,28.72,28.38,28.63,6811100,82.51,82.74,81.78,82.49,2363900,2026-01-17T03:44:47Z
EOG,2007-10-30,29.83,29.96,29.13,29.18,22106476,85.95,86.32,83.93,84.09,7672400,2026-01-17T03:44:47Z
EOG,2007-10-31,30.75,31.14,29.95,30.15,14309980,88.6,89.71,86.3,86.87,4966500,2026-01-17T03:44:47Z
EOG,2007-11-01,30.06,30.71,29.84,30.36,11261838,86.6,88.5,85.99,87.47,3908600,2026-01-17T03:44:47Z
EOG,2007-11-02,30.36,30.52,29.87,30.36,7108749,87.47,87.95,86.06,87.47,2467200,2026-01-17T03:44:47Z
EOG,2007-11-05,30.19,30.37,29.08,30.11,5814174,87,87.51,83.8,86.75,2017900,2026-01-17T03:44:47Z
EOG,2007-11-06,30.7,31.49,30.4,30.68,8830893,88.47,90.73,87.6,88.39,3064900,2026-01-17T03:44:47Z
EOG,2007-11-07,30.09,30.92,30.09,30.65,7408970,86.7,89.1,86.7,88.31,2571400,2026-01-17T03:44:47Z
EOG,2007-11-08,30.58,31.08,29.9,30.12,8966610,88.12,89.55,86.14,86.8,3112000,2026-01-17T03:44:47Z
EOG,2007-11-09,30.34,30.65,29.97,30.37,9070044,87.41,88.31,86.35,87.51,3147900,2026-01-17T03:44:47Z
EOG,2007-11-12,29.25,29.91,28.72,29.76,10008790,84.29,86.17,82.76,85.75,3473700,2026-01-17T03:44:47Z
EOG,2007-11-13,29.73,29.79,28.73,29.44,8820534,85.66,85.82,82.78,84.83,3061300,2026-01-17T03:44:47Z
EOG,2007-11-14,30.28,31.17,30.06,30.28,8127563,87.25,89.82,86.6,87.25,2820800,2026-01-17T03:44:47Z
EOG,2007-11-15,29.54,30.25,29.22,30.22,8052363,85.1,87.17,84.18,87.08,2794700,2026-01-17T03:44:47Z
EOG,2007-11-16,29.6,30.08,29.34,29.63,11356085,85.28,86.66,84.53,85.38,3941300,2026-01-17T03:44:47Z
EOG,2007-11-19,29.15,29.81,29.08,29.51,6007503,83.98,85.9,83.78,85.02,2085000,2026-01-17T03:44:47Z
EOG,2007-11-20,29.06,29.53,28.76,29.31,9420419,83.72,85.09,82.86,84.46,3269500,2026-01-17T03:44:47Z
EOG,2007-11-21,28.62,29.11,28.46,28.84,5961707,82.45,83.86,82,83.1,2069100,2026-01-17T03:44:47Z
EOG,2007-11-23,29.03,29.16,28.49,28.73,3077800,83.64,84.03,82.09,82.78,1068200,2026-01-17T03:44:47Z
EOG,2007-11-26,28.77,29.59,28.77,29.21,5022398,82.9,85.26,82.9,84.15,1743100,2026-01-17T03:44:47Z
EOG,2007-11-27,28.63,28.68,28.04,28.19,6200271,82.5,82.63,80.79,81.23,2151900,2026-01-17T03:44:47Z
EOG,2007-11-28,29.05,29.11,28.34,28.79,7437792,83.69,83.86,81.65,82.95,2581400,2026-01-17T03:44:47Z
EOG,2007-11-29,28.88,29.45,28.68,29.02,5848179,83.21,84.86,82.65,83.63,2029700,2026-01-17T03:44:47Z
EOG,2007-11-30,28.73,29.16,28.46,28.63,6551208,82.78,84.03,82,82.5,2273700,2026-01-17T03:44:47Z
EOG,2007-12-03,28.74,29.02,28.41,28.63,4751263,82.81,83.6,81.85,82.5,1649000,2026-01-17T03:44:47Z
EOG,2007-12-04,28.73,28.89,28.31,28.78,6146968,82.77,83.25,81.57,82.92,2133400,2026-01-17T03:44:47Z
EOG,2007-12-05,29.58,29.73,28.95,29.07,7371221,85.24,85.66,83.42,83.76,2558300,2026-01-17T03:44:47Z
EOG,2007-12-06,30.83,30.96,29.48,29.57,8333889,88.82,89.22,84.94,85.21,2892400,2026-01-17T03:44:47Z
EOG,2007-12-07,30.6,31.14,30.21,30.94,7413873,88.16,89.71,87.06,89.16,2573100,2026-01-17T03:44:47Z
EOG,2007-12-10,30.79,30.89,30.43,30.62,5412532,88.72,89,87.68,88.23,1878500,2026-01-17T03:44:47Z
EOG,2007-12-11,30.53,31.33,30.48,30.89,8922250,87.97,90.27,87.82,89,3096600,2026-01-17T03:44:47Z
EOG,2007-12-12,31.54,31.74,31.07,31.21,7812642,90.89,91.45,89.51,89.93,2711500,2026-01-17T03:44:47Z
EOG,2007-12-13,31.39,31.8,30.92,31.17,8331577,90.43,91.63,89.08,89.81,2891600,2026-01-17T03:44:47Z
EOG,2007-12-14,30.66,31.29,30.64,31.22,7096075,88.35,90.14,88.29,89.95,2462800,2026-01-17T03:44:47Z
EOG,2007-12-17,30.31,30.91,30.12,30.59,5058992,87.33,89.05,86.8,88.14,1755800,2026-01-17T03:44:47Z
EOG,2007-12-18,30.32,30.85,30.07,30.82,6420683,87.35,88.9,86.65,88.79,2228400,2026-01-17T03:44:47Z
EOG,2007-12-19,30.65,30.94,30.31,30.54,4572343,88.31,89.16,87.32,87.99,1586900,2026-01-17T03:44:47Z
EOG,2007-12-20,31.13,31.23,30.67,30.88,4339523,89.7,89.97,88.36,88.98,1506100,2026-01-17T03:44:47Z
EOG,2007-12-21,31.39,31.51,31.19,31.39,6097414,90.43,90.8,89.86,90.45,2116200,2026-01-17T03:44:47Z
EOG,2007-12-24,31.59,31.74,31.14,31.14,1670001,91.02,91.45,89.71,89.71,579600,2026-01-17T03:44:47Z
EOG,2007-12-26,31.33,31.67,31.28,31.51,5189794,90.28,91.26,90.12,90.79,1801200,2026-01-17T03:44:47Z
EOG,2007-12-27,31.1,31.52,31.08,31.26,3481188,89.62,90.81,89.55,90.08,1208200,2026-01-17T03:44:47Z
EOG,2007-12-28,31.56,31.66,31.13,31.21,4232341,90.92,91.22,89.69,89.92,1468900,2026-01-17T03:44:47Z
EOG,2007-12-31,30.98,31.7,30.92,31.49,2884469,89.25,91.33,89.09,90.72,1001100,2026-01-17T03:44:47Z
EOG,2008-01-02,31.68,31.93,31.24,31.24,6920598,91.29,92,90,90,2401900,2026-01-17T03:44:47Z
EOG,2008-01-03,32.34,32.75,31.62,31.69,7331173,93.18,94.36,91.11,91.3,2544400,2026-01-17T03:44:47Z
EOG,2008-01-04,30.88,32,30.82,31.69,8188660,88.97,92.21,88.81,91.3,2842000,2026-01-17T03:44:47Z
EOG,2008-01-07,30.76,31.42,30.24,31.13,6980248,88.62,90.53,87.14,89.7,2422600,2026-01-17T03:44:47Z
EOG,2008-01-08,30.15,31.51,30.08,30.96,5757699,86.87,90.78,86.68,89.22,1998300,2026-01-17T03:44:47Z
EOG,2008-01-09,30.95,31.07,30.28,30.28,8712764,89.18,89.52,87.25,87.25,3023900,2026-01-17T03:44:47Z
EOG,2008-01-10,30.9,31.07,30.26,30.66,7642354,89.02,89.52,87.18,88.33,2652400,2026-01-17T03:44:47Z
EOG,2008-01-11,30.86,31.08,30.39,30.5,8279426,88.93,89.54,87.57,87.89,2873500,2026-01-17T03:44:47Z
EOG,2008-01-14,32.34,32.47,31.05,31.05,8262702,93.17,93.56,89.47,89.47,2867700,2026-01-17T03:44:47Z
EOG,2008-01-15,31.61,32.29,31.4,31.7,9473207,90.99,92.95,90.39,91.25,3291000,2026-01-17T03:44:47Z
EOG,2008-01-16,30.78,31.91,30.55,31.48,15089480,88.61,91.84,87.95,90.62,5242100,2026-01-17T03:44:47Z
EOG,2008-01-17,29.18,31.5,29.18,30.82,10110508,83.99,90.67,83.99,88.72,3512400,2026-01-17T03:44:47Z
EOG,2008-01-18,29.57,30.01,28.91,29.33,11081160,85.13,86.38,83.22,84.44,3849600,2026-01-17T03:44:47Z
EOG,2008-01-22,28.99,29.56,27.62,28.52,10794724,83.46,85.1,79.5,82.11,3750100,2026-01-17T03:44:47Z
EOG,2008-01-23,28.72,28.81,26.81,28.09,11856888,82.66,82.94,77.18,80.87,4119100,2026-01-17T03:44:47Z
EOG,2008-01-24,29.73,29.93,28.74,29.18,9143627,85.59,86.15,82.74,83.99,3176500,2026-01-17T03:44:47Z
EOG,2008-01-25,29.17,30.37,28.96,29.96,8214149,83.98,87.42,83.36,86.25,2853600,2026-01-17T03:44:47Z
EOG,2008-01-28,29.67,29.67,28.67,29.16,5854333,85.41,85.41,82.53,83.93,2033800,2026-01-17T03:44:47Z
EOG,2008-01-29,29.54,29.96,29.22,29.79,5370169,85.02,86.25,84.12,85.75,1865600,2026-01-17T03:44:47Z
EOG,2008-01-30,30.07,30.91,29.35,29.35,8233721,86.56,88.97,84.48,84.48,2860400,2026-01-17T03:44:47Z
EOG,2008-01-31,30.34,30.61,29.07,29.49,7220481,87.33,88.12,83.68,84.89,2508400,2026-01-17T03:44:47Z
EOG,2008-02-01,31.07,31.07,30.18,30.37,7918231,89.45,89.45,86.87,87.42,2750800,2026-01-17T03:44:47Z
EOG,2008-02-04,31.5,31.62,30.87,30.96,5499116,90.66,91.03,88.86,89.12,1910400,2026-01-17T03:44:47Z
EOG,2008-02-05,30.4,31.28,30.4,30.63,8109357,87.5,90.04,87.5,88.17,2817200,2026-01-17T03:44:47Z
EOG,2008-02-06,30.51,31.16,30.29,30.86,8872442,87.82,89.7,87.19,88.84,3082300,2026-01-17T03:44:47Z
EOG,2008-02-07,31.3,31.61,30.27,30.27,10200013,90.09,91,87.12,87.12,3543500,2026-01-17T03:44:47Z
EOG,2008-02-08,32.7,33.11,31.7,31.75,12248375,94.12,95.31,91.25,91.38,4255100,2026-01-17T03:44:47Z
EOG,2008-02-11,34.19,34.23,32.36,32.55,15641570,98.43,98.54,93.14,93.7,5433900,2026-01-17T03:44:47Z
EOG,2008-02-12,34.02,34.91,33.62,34.34,11516655,97.93,100.5,96.78,98.84,4000900,2026-01-17T03:44:47Z
EOG,2008-02-13,34.79,35,34.26,34.35,10527607,100.15,100.75,98.61,98.87,3657300,2026-01-17T03:44:47Z
EOG,2008-02-14,33.91,34.91,33.91,34.35,10185344,97.62,100.48,97.62,98.87,3538400,2026-01-17T03:44:47Z
EOG,2008-02-15,33.36,34.32,32.59,33.72,9725365,96.03,98.79,93.8,97.06,3378600,2026-01-17T03:44:47Z
EOG,2008-02-19,34.19,35.07,33.57,34.14,11502281,98.41,100.95,96.64,98.28,3995900,2026-01-17T03:44:47Z
EOG,2008-02-20,34.92,35.08,33.72,33.72,7728255,100.52,100.98,97.05,97.05,2684800,2026-01-17T03:44:47Z
EOG,2008-02-21,33.93,35.05,33.86,35.05,8060702,97.67,100.9,97.46,100.9,2800300,2026-01-17T03:44:47Z
EOG,2008-02-22,34.51,34.59,33.69,34,5965438,99.35,99.56,96.97,97.88,2072400,2026-01-17T03:44:47Z
EOG,2008-02-25,36.17,36.36,34.75,34.75,14037367,104.13,104.67,100.02,100.02,4876600,2026-01-17T03:44:47Z
EOG,2008-02-26,37.6,37.84,35.56,36.07,18992178,108.23,108.92,102.37,103.84,6597900,2026-01-17T03:44:47Z
EOG,2008-02-27,36.71,37.57,36.64,37,9404991,105.68,108.14,105.47,106.51,3267300,2026-01-17T03:44:47Z
EOG,2008-02-28,43.33,45.13,39.1,39.17,47270188,124.73,129.9,112.55,112.74,16421700,2026-01-17T03:44:47Z
EOG,2008-02-29,41.34,43.04,40.97,42.78,15668940,118.99,123.89,117.93,123.13,5443400,2026-01-17T03:44:47Z
EOG,2008-03-03,42.44,42.89,41.01,41.37,15080548,122.17,123.47,118.04,119.07,5239000,2026-01-17T03:44:47Z
EOG,2008-03-04,41.65,42.55,40.51,41.69,14544280,119.9,122.47,116.6,120,5052700,2026-01-17T03:44:47Z
EOG,2008-03-05,41.9,42.25,41.4,42.03,13280628,120.61,121.63,119.18,120.99,4613700,2026-01-17T03:44:47Z
EOG,2008-03-06,40.86,41.95,40.76,41.61,10457376,117.61,120.74,117.33,119.78,3632900,2026-01-17T03:44:47Z
EOG,2008-03-07,40.46,41.14,39.94,40.45,11755872,116.46,118.43,114.96,116.45,4084000,2026-01-17T03:44:47Z
EOG,2008-03-10,39.8,40.46,39.44,40.46,10181882,114.56,116.46,113.54,116.46,3537200,2026-01-17T03:44:47Z
EOG,2008-03-11,42.35,42.46,40.33,40.57,11423968,121.9,122.22,116.08,116.77,3968700,2026-01-17T03:44:47Z
EOG,2008-03-12,41.32,42.45,40.76,42.3,8309706,118.93,122.19,117.32,121.75,2886800,2026-01-17T03:44:47Z
EOG,2008-03-13,44.11,44.52,40.81,40.81,15342510,126.96,128.15,117.48,117.48,5330000,2026-01-17T03:44:47Z
EOG,2008-03-14,43.81,44.11,42.74,43.85,11984987,126.1,126.98,123.04,126.23,4163600,2026-01-17T03:44:47Z
EOG,2008-03-17,41.83,43.14,40.72,42.85,11301337,120.41,124.17,117.2,123.35,3926100,2026-01-17T03:44:47Z
EOG,2008-03-18,42.89,42.9,41.97,42.88,9997093,123.47,123.5,120.82,123.43,3473000,2026-01-17T03:44:47Z
EOG,2008-03-19,39.3,43.48,39.24,42.68,14671806,113.12,125.15,112.94,122.86,5097000,2026-01-17T03:44:47Z
EOG,2008-03-20,39,39.3,36.79,38.21,17651075,112.27,113.12,105.9,110,6132000,2026-01-17T03:44:47Z
EOG,2008-03-24,39.61,40.27,38.71,39.24,8577692,114.01,115.91,111.42,112.95,2979900,2026-01-17T03:44:47Z
EOG,2008-03-25,40.37,40.91,39.41,39.88,7320078,116.22,117.75,113.45,114.78,2543000,2026-01-17T03:44:47Z
EOG,2008-03-26,41.83,42.23,40.22,40.22,9659144,120.41,121.56,115.76,115.76,3355600,2026-01-17T03:44:47Z
EOG,2008-03-27,40.97,42.69,40.95,41.82,7047767,117.92,122.88,117.86,120.37,2448400,2026-01-17T03:44:47Z
EOG,2008-03-28,41.3,41.98,40.83,41.34,5464294,118.88,120.83,117.52,119,1898300,2026-01-17T03:44:47Z
EOG,2008-03-31,41.69,42.36,40.82,41.88,6421688,120,121.94,117.5,120.54,2230900,2026-01-17T03:44:47Z
EOG,2008-04-01,41.99,42.29,40.91,42.11,6591224,120.87,121.73,117.76,121.22,2289800,2026-01-17T03:44:47Z
EOG,2008-04-02,42.16,42.97,41.25,42.14,6788406,121.36,123.68,118.74,121.29,2358300,2026-01-17T03:44:47Z
EOG,2008-04-03,42.19,42.94,41.83,41.83,6773437,121.44,123.6,120.4,120.4,2353100,2026-01-17T03:44:47Z
EOG,2008-04-04,43,43.53,42.42,42.62,5549780,123.78,125.3,122.11,122.67,1928000,2026-01-17T03:44:47Z
EOG,2008-04-07,43.84,44.66,43.18,43.4,8731112,126.18,128.57,124.29,124.94,3033200,2026-01-17T03:44:47Z
EOG,2008-04-08,44.73,44.97,43.51,43.51,6981277,128.76,129.44,125.25,125.25,2425300,2026-01-17T03:44:47Z
EOG,2008-04-09,44.36,45.16,43.99,44.39,7951048,127.69,130,126.64,127.77,2762200,2026-01-17T03:44:47Z
EOG,2008-04-10,45.1,45.33,44.28,44.4,7661462,129.82,130.47,127.45,127.81,2661600,2026-01-17T03:44:47Z
EOG,2008-04-11,43.88,44.88,43.66,44.59,6911896,126.32,129.19,125.69,128.35,2401200,2026-01-17T03:44:47Z
EOG,2008-04-14,44.47,45.08,43.98,43.98,6920566,127.89,129.63,126.49,126.49,2406500,2026-01-17T03:44:47Z
EOG,2008-04-15,45.6,46.78,44.82,45.24,6808415,131.14,134.53,128.89,130.1,2367500,2026-01-17T03:44:47Z
EOG,2008-04-16,46.25,46.25,45.04,46.23,6629251,133,133,129.52,132.95,2305200,2026-01-17T03:44:47Z
EOG,2008-04-17,45.89,46.92,45.61,46.25,6931504,131.96,134.92,131.16,133,2410300,2026-01-17T03:44:47Z
EOG,2008-04-18,46.66,46.77,44.88,46.24,6051800,134.17,134.51,129.07,132.98,2104400,2026-01-17T03:44:47Z
EOG,2008-04-21,47.78,48.18,46.7,46.94,9328459,137.41,138.55,134.31,134.99,3243800,2026-01-17T03:44:47Z
EOG,2008-04-22,47.73,48.85,47.45,47.98,5624747,137.25,140.49,136.46,137.98,1955900,2026-01-17T03:44:47Z
EOG,2008-04-23,47.73,47.99,46.87,47.64,6475117,137.25,138,134.79,137,2251600,2026-01-17T03:44:47Z
EOG,2008-04-24,45.81,47.38,45.52,47.15,6748026,131.75,136.24,130.9,135.58,2346500,2026-01-17T03:44:47Z
EOG,2008-04-25,47.2,47.4,45.52,46.14,7780724,135.75,136.32,130.9,132.7,2705600,2026-01-17T03:44:47Z
EOG,2008-04-28,46.61,47.69,46.51,47.62,5559177,134.04,137.14,133.74,136.94,1933100,2026-01-17T03:44:47Z
EOG,2008-04-29,44.63,46.14,44.48,46.14,8135589,128.36,132.69,127.9,132.69,2829000,2026-01-17T03:44:47Z
EOG,2008-04-30,45.37,45.54,44.33,44.69,7617947,130.48,130.97,127.47,128.51,2649000,2026-01-17T03:44:47Z
EOG,2008-05-01,44.11,44.99,42.67,44.92,10010894,126.85,129.37,122.72,129.19,3481100,2026-01-17T03:44:47Z
EOG,2008-05-02,44.42,45.2,43.09,43.54,8556602,127.75,130,123.92,125.2,2975400,2026-01-17T03:44:47Z
EOG,2008-05-05,46.09,46.46,44.68,44.78,6132321,132.54,133.6,128.48,128.77,2132400,2026-01-17T03:44:47Z
EOG,2008-05-06,47.95,48.04,45.88,45.88,7502918,137.88,138.15,131.93,131.93,2609000,2026-01-17T03:44:47Z
EOG,2008-05-07,46.95,48.46,46.89,48.37,8215823,135.02,139.35,134.85,139.09,2856900,2026-01-17T03:44:47Z
EOG,2008-05-08,48.61,48.74,46.67,46.8,9559958,139.79,140.18,134.2,134.58,3324300,2026-01-17T03:44:47Z
EOG,2008-05-09,48.16,48.99,47.28,48.99,7394212,138.5,140.89,135.98,140.89,2571200,2026-01-17T03:44:47Z
EOG,2008-05-12,47.29,47.95,46.98,47.95,8127532,136,137.9,135.1,137.9,2826200,2026-01-17T03:44:47Z
EOG,2008-05-13,48.18,48.37,46.7,47.68,8034935,138.55,139.1,134.29,137.12,2794000,2026-01-17T03:44:47Z
EOG,2008-05-14,46.9,48.63,46.77,48.54,7324049,134.87,139.86,134.51,139.58,2546800,2026-01-17T03:44:47Z
EOG,2008-05-15,47.28,48.13,46.2,47.97,9945614,135.97,138.4,132.85,137.95,3458400,2026-01-17T03:44:47Z
EOG,2008-05-16,49.03,49.34,47.67,47.71,10208177,140.99,141.88,137.09,137.21,3549700,2026-01-17T03:44:47Z
EOG,2008-05-19,48.65,49.42,48.39,49.42,9710948,139.9,142.11,139.15,142.11,3376800,2026-01-17T03:44:47Z
EOG,2008-05-20,49.87,50.17,48.4,48.74,9615173,143.41,144.28,139.2,140.18,3343500,2026-01-17T03:44:47Z
EOG,2008-05-21,48.27,50.42,48.26,50.07,13578589,138.8,144.99,138.78,144,4721700,2026-01-17T03:44:47Z
EOG,2008-05-22,47.53,48.86,47.1,48.32,8013940,136.7,140.51,135.45,138.97,2786700,2026-01-17T03:44:47Z
EOG,2008-05-23,46.93,48.34,46.05,47.98,7999566,134.97,139,132.43,137.99,2781700,2026-01-17T03:44:47Z
EOG,2008-05-27,46.29,46.9,45.92,46.6,5917496,133.13,134.88,132.06,134.01,2057700,2026-01-17T03:44:47Z
EOG,2008-05-28,46.74,46.78,45.22,45.71,9500719,134.41,134.54,130.05,131.45,3303700,2026-01-17T03:44:47Z
EOG,2008-05-29,44.44,46.45,44.29,46.45,11684586,127.8,133.57,127.38,133.57,4063100,2026-01-17T03:44:47Z
EOG,2008-05-30,44.73,45.31,43.72,44.53,14581654,128.63,130.31,125.74,128.07,5070500,2026-01-17T03:44:47Z
EOG,2008-06-02,44.28,45.31,43.78,44.48,12237322,127.34,130.31,125.91,127.9,4255300,2026-01-17T03:44:47Z
EOG,2008-06-03,43.14,44.8,43.03,44.06,13253630,124.07,128.85,123.74,126.72,4608700,2026-01-17T03:44:47Z
EOG,2008-06-04,43.15,44.02,42.63,42.82,10585466,124.09,126.6,122.61,123.15,3680900,2026-01-17T03:44:47Z
EOG,2008-06-05,45.65,45.65,43.41,43.41,13338759,131.29,131.29,124.84,124.85,4638300,2026-01-17T03:44:47Z
EOG,2008-06-06,44.79,47.73,44.79,46.07,12282174,128.81,137.25,128.81,132.48,4270900,2026-01-17T03:44:47Z
EOG,2008-06-09,45.86,46.49,44.85,45.12,8907736,131.89,133.71,128.97,129.75,3097500,2026-01-17T03:44:47Z
EOG,2008-06-10,44.67,46.07,43.9,45.94,9767879,128.46,132.48,126.25,132.1,3396600,2026-01-17T03:44:47Z
EOG,2008-06-11,44.65,45.37,44.01,45.25,8275359,128.39,130.46,126.56,130.14,2877600,2026-01-17T03:44:47Z
EOG,2008-06-12,44.71,45.55,44.45,45.38,10935165,128.58,130.99,127.84,130.5,3802500,2026-01-17T03:44:47Z
EOG,2008-06-13,45.31,45.54,44.02,44.19,7873601,130.31,130.96,126.6,127.09,2737900,2026-01-17T03:44:47Z
EOG,2008-06-16,45.01,46.2,44.65,45.78,7955560,129.43,132.86,128.41,131.66,2766400,2026-01-17T03:44:47Z
EOG,2008-06-17,45.9,46.12,44.85,45.23,8773729,132.01,132.63,128.99,130.08,3050900,2026-01-17T03:44:47Z
EOG,2008-06-18,46.26,46.38,45.02,45.71,7582577,133.03,133.38,129.46,131.46,2636700,2026-01-17T03:44:47Z
EOG,2008-06-19,45.31,46.98,45.27,46.91,10317446,130.3,135.1,130.2,134.89,3587700,2026-01-17T03:44:47Z
EOG,2008-06-20,45.35,46.35,44.94,45.72,10390791,130.41,133.28,129.23,131.47,3613200,2026-01-17T03:44:47Z
EOG,2008-06-23,47.13,47.14,45,45.35,9874865,135.54,135.57,129.4,130.41,3433800,2026-01-17T03:44:47Z
EOG,2008-06-24,45.36,46.94,45.33,46.94,8120340,130.45,134.99,130.37,134.99,2823700,2026-01-17T03:44:47Z
EOG,2008-06-25,44.45,45.53,43.39,45.53,7393347,127.84,130.95,124.77,130.94,2570900,2026-01-17T03:44:47Z
EOG,2008-06-26,43.88,45.15,43.71,44.26,11219584,126.19,129.84,125.69,127.28,3901400,2026-01-17T03:44:47Z
EOG,2008-06-27,45.27,45.53,43.86,44.46,12393487,130.19,130.93,126.12,127.87,4309600,2026-01-17T03:44:47Z
EOG,2008-06-30,45.62,46.59,45.49,45.85,9205948,131.2,133.99,130.83,131.87,3201200,2026-01-17T03:44:47Z
EOG,2008-07-01,45.74,46.27,45.2,45.97,8928727,131.54,133.05,130,132.2,3104800,2026-01-17T03:44:47Z
EOG,2008-07-02,43.32,46.56,43.3,45.99,10020378,124.57,133.89,124.51,132.25,3484400,2026-01-17T03:44:47Z
EOG,2008-07-03,41.97,43.81,41.64,43.3,9954822,120.71,126,119.74,124.51,3461600,2026-01-17T03:44:47Z
EOG,2008-07-07,40.15,41.91,39.81,41.37,12834032,115.46,120.51,114.49,118.97,4462800,2026-01-17T03:44:47Z
EOG,2008-07-08,40.8,40.99,38.29,39.64,17820938,117.34,117.88,110.12,113.99,6196900,2026-01-17T03:44:47Z
EOG,2008-07-09,38.66,41.6,38.66,41.21,10738763,111.19,119.63,111.17,118.5,3734200,2026-01-17T03:44:47Z
EOG,2008-07-10,40.51,40.57,38.75,38.75,9275845,116.49,116.67,111.43,111.43,3225500,2026-01-17T03:44:47Z
EOG,2008-07-11,41.23,41.51,40.24,41.34,12421378,118.56,119.38,115.71,118.89,4319300,2026-01-17T03:44:47Z
EOG,2008-07-14,41.39,41.92,40.59,41.71,8337766,119.04,120.55,116.72,119.94,2899300,2026-01-17T03:44:47Z
EOG,2008-07-15,38.8,41.76,38.8,40.93,12339615,111.48,119.97,111.48,117.6,4295200,2026-01-17T03:44:47Z
EOG,2008-07-16,37.75,38.78,36.84,38.44,15569613,108.44,111.42,105.83,110.43,5419500,2026-01-17T03:44:47Z
EOG,2008-07-17,36.42,38.79,35.45,38.07,17614210,104.62,111.43,101.83,109.37,6131200,2026-01-17T03:44:47Z
EOG,2008-07-18,37.03,38.05,36.23,36.55,9788482,106.39,109.3,104.07,105,3407200,2026-01-17T03:44:47Z
EOG,2008-07-21,37.95,38.32,36.67,37.59,9575612,109.03,110.1,105.36,108,3333100,2026-01-17T03:44:47Z
EOG,2008-07-22,37.05,38.03,36.08,37.57,14633321,106.43,109.26,103.65,107.93,5093600,2026-01-17T03:44:47Z
EOG,2008-07-23,35.86,37.48,35.51,36.98,13529572,103.02,107.67,102.02,106.25,4709400,2026-01-17T03:44:47Z
EOG,2008-07-24,35.22,36.9,34.36,36.34,16508148,101.18,106.02,98.71,104.4,5746200,2026-01-17T03:44:47Z
EOG,2008-07-25,36.22,36.89,35.13,35.76,11012040,104.05,105.99,100.92,102.72,3833100,2026-01-17T03:44:47Z
EOG,2008-07-28,35.46,37.24,35.46,36.33,9464434,101.88,106.99,101.87,104.36,3294400,2026-01-17T03:44:47Z
EOG,2008-07-29,34.81,35.56,34.15,35.07,14935266,100.01,102.17,98.12,100.76,5198700,2026-01-17T03:44:47Z
EOG,2008-07-30,36.6,36.66,34.11,34.22,14528482,105.15,105.33,98,98.32,5057100,2026-01-17T03:44:47Z
EOG,2008-07-31,34.99,37.47,34.86,37.47,12809332,100.53,107.64,100.16,107.64,4458700,2026-01-17T03:44:47Z
EOG,2008-08-01,34.98,36.44,34.74,35.38,10947982,100.49,104.68,99.8,101.63,3810800,2026-01-17T03:44:47Z
EOG,2008-08-04,32.47,34.88,32.19,34.74,12188789,93.28,100.21,92.49,99.8,4242700,2026-01-17T03:44:47Z
EOG,2008-08-05,33,33.07,31.7,32.17,15525640,94.8,95,91.06,92.41,5404200,2026-01-17T03:44:47Z
EOG,2008-08-06,34.11,34.2,32.77,33.18,12037670,97.98,98.25,94.16,95.31,4190100,2026-01-17T03:44:47Z
EOG,2008-08-07,33.29,34.73,33.2,34.3,14513525,95.63,99.79,95.39,98.54,5051900,2026-01-17T03:44:47Z
EOG,2008-08-08,32.67,33.09,32.28,32.48,10070895,93.86,95.06,92.73,93.31,3505500,2026-01-17T03:44:47Z
EOG,2008-08-11,33.19,33.42,32.04,33.18,9286317,95.36,96.02,92.05,95.33,3232400,2026-01-17T03:44:47Z
EOG,2008-08-12,33.17,34.49,33.14,33.43,12276711,95.3,99.1,95.2,96.04,4273300,2026-01-17T03:44:47Z
EOG,2008-08-13,34.66,34.81,33.09,33.1,8396012,99.58,100.02,95.06,95.09,2922500,2026-01-17T03:44:47Z
EOG,2008-08-14,33.78,34.97,33.36,34.97,10088415,97.05,100.47,95.85,100.47,3511600,2026-01-17T03:44:47Z
EOG,2008-08-15,33.28,33.53,32.7,33.29,8271599,95.6,96.33,93.93,95.64,2879200,2026-01-17T03:44:47Z
EOG,2008-08-18,32.98,33.94,32.84,33.43,8837569,94.74,97.5,94.34,96.05,3076200,2026-01-17T03:44:47Z
EOG,2008-08-19,34.77,34.9,32.85,32.98,11968419,99.88,100.25,94.37,94.74,4166000,2026-01-17T03:44:47Z
EOG,2008-08-20,36.76,36.89,35.39,35.59,15165375,105.6,105.99,101.68,102.24,5278800,2026-01-17T03:44:47Z
EOG,2008-08-21,37,37.88,36.36,37.88,9759768,106.31,108.81,104.47,108.81,3397200,2026-01-17T03:44:47Z
EOG,2008-08-22,36.08,36.96,35.37,36.96,7430149,103.64,106.18,101.6,106.18,2586300,2026-01-17T03:44:47Z
EOG,2008-08-25,35.58,36.3,35.1,35.99,7098319,102.21,104.28,100.83,103.39,2470800,2026-01-17T03:44:47Z
EOG,2008-08-26,37.51,37.9,36.51,36.51,13516361,107.76,108.87,104.89,104.89,4704800,2026-01-17T03:44:47Z
EOG,2008-08-27,38,38.83,37.61,38.18,8128260,109.17,111.54,108.04,109.69,2829300,2026-01-17T03:44:47Z
EOG,2008-08-28,36.67,38.8,35.88,38.8,10447812,105.34,111.46,103.09,111.46,3636700,2026-01-17T03:44:47Z
EOG,2008-08-29,36.35,37.24,36.12,37.24,8169631,104.42,107,103.76,106.99,2843700,2026-01-17T03:44:47Z
EOG,2008-09-02,33.38,35.58,33.1,35.58,13023058,95.91,102.22,95.1,102.22,4533100,2026-01-17T03:44:47Z
EOG,2008-09-03,32.76,33.83,31.88,33.25,14753131,94.11,97.19,91.6,95.52,5135300,2026-01-17T03:44:47Z
EOG,2008-09-04,32.53,33.36,31.34,32.72,13988928,93.45,95.85,90.05,93.99,4869300,2026-01-17T03:44:47Z
EOG,2008-09-05,33.34,33.55,32.05,32.84,14064787,95.78,96.37,92.09,94.33,4895700,2026-01-17T03:44:47Z
EOG,2008-09-08,32.12,34.11,31.83,34.1,15916358,92.29,97.99,91.45,97.97,5540200,2026-01-17T03:44:47Z
EOG,2008-09-09,29.37,31.87,29.36,31.56,16682528,84.39,91.56,84.35,90.68,5806900,2026-01-17T03:44:47Z
EOG,2008-09-10,30.57,31.29,29.59,29.59,22558736,87.82,89.9,85.02,85.02,7852300,2026-01-17T03:44:47Z
EOG,2008-09-11,30.83,31.11,29.03,30.5,16311111,88.57,89.36,83.39,87.62,5677600,2026-01-17T03:44:47Z
EOG,2008-09-12,31.61,31.82,30.64,31.01,11494707,90.82,91.41,88.01,89.09,4001100,2026-01-17T03:44:47Z
EOG,2008-09-15,29.71,31.06,29.3,29.61,18104929,85.35,89.22,84.18,85.07,6302000,2026-01-17T03:44:47Z
EOG,2008-09-16,30.31,30.37,27.89,28.65,17669387,87.08,87.26,80.12,82.32,6150400,2026-01-17T03:44:47Z
EOG,2008-09-17,30.91,31.93,29.25,30.28,22460483,88.81,91.72,84.03,87,7818100,2026-01-17T03:44:47Z
EOG,2008-09-18,32.2,33.02,30.46,31.67,16427434,92.51,94.85,87.51,90.99,5718100,2026-01-17T03:44:47Z
EOG,2008-09-19,33.76,35.33,31.71,33.97,15841361,97,101.5,91.09,97.58,5514100,2026-01-17T03:44:47Z
EOG,2008-09-22,33.3,34.95,33.14,33.85,10282342,95.68,100.42,95.22,97.24,3579100,2026-01-17T03:44:47Z
EOG,2008-09-23,33.12,34.76,32.67,32.72,13924593,95.15,99.86,93.85,94.01,4846900,2026-01-17T03:44:47Z
EOG,2008-09-24,32.98,34.02,32.81,33.68,8357501,94.76,97.73,94.27,96.75,2909100,2026-01-17T03:44:47Z
EOG,2008-09-25,33.72,34.03,32.33,32.72,8318725,96.88,97.77,92.89,94.01,2895600,2026-01-17T03:44:47Z
EOG,2008-09-26,32.9,33.35,31.27,32.74,8433647,94.52,95.8,89.82,94.07,2935600,2026-01-17T03:44:47Z
EOG,2008-09-29,29.52,31.68,25.18,31.68,15218261,84.82,91,72.33,91,5297200,2026-01-17T03:44:47Z
EOG,2008-09-30,31.14,31.59,29.93,30.35,10128940,89.46,90.75,85.98,87.18,3525700,2026-01-17T03:44:47Z
EOG,2008-10-01,31.24,31.61,28.94,30.66,11494122,89.74,90.8,83.14,88.09,4000900,2026-01-17T03:44:47Z
EOG,2008-10-02,27.36,30.85,27.31,30.85,14076581,78.61,88.64,78.46,88.64,4899800,2026-01-17T03:44:47Z
EOG,2008-10-03,27.83,30.02,27.16,27.46,12826563,79.94,86.25,78.03,78.88,4464700,2026-01-17T03:44:47Z
EOG,2008-10-06,26.37,26.61,23.39,26.58,23614271,75.75,76.44,67.19,76.37,8219700,2026-01-17T03:44:47Z
EOG,2008-10-07,24.77,27.31,24.77,26.79,17740370,71.16,78.46,71.16,76.97,6175100,2026-01-17T03:44:47Z
EOG,2008-10-08,24.93,25.97,22.94,23.65,21245006,71.63,74.61,65.91,67.95,7395000,2026-01-17T03:44:47Z
EOG,2008-10-09,22.4,25.67,22.4,25.44,15102160,64.36,73.75,64.36,73.08,5256800,2026-01-17T03:44:47Z
EOG,2008-10-10,20.74,22.52,18.94,21.44,25644826,59.59,64.69,54.42,61.6,8926500,2026-01-17T03:44:47Z
EOG,2008-10-13,24.97,25.05,21.51,21.59,16389517,71.75,71.98,61.79,62.03,5704900,2026-01-17T03:44:47Z
EOG,2008-10-14,24.69,27.23,23.71,25.59,21450063,70.94,78.24,68.12,73.52,7466400,2026-01-17T03:44:47Z
EOG,2008-10-15,21.33,23.87,20.94,23.86,19334407,61.17,68.45,60.04,68.43,6742800,2026-01-17T03:44:47Z
EOG,2008-10-16,24.1,24.48,20.87,21.54,22295066,69.1,70.21,59.85,61.75,7775300,2026-01-17T03:44:47Z
EOG,2008-10-17,24.04,26.87,22.84,23.36,21107956,68.94,77.05,65.5,66.98,7361300,2026-01-17T03:44:47Z
EOG,2008-10-20,26.17,26.54,24.57,24.99,18213542,75.04,76.1,70.46,71.66,6351900,2026-01-17T03:44:47Z
EOG,2008-10-21,25.24,26.31,24.24,25.47,14597707,72.36,75.44,69.5,73.04,5090900,2026-01-17T03:44:47Z
EOG,2008-10-22,23.03,24.23,22.11,24.09,10707218,66.03,69.47,63.41,69.08,3734100,2026-01-17T03:44:47Z
EOG,2008-10-23,23.13,23.95,21.14,23.78,14335104,66.31,68.67,60.61,68.18,4999300,2026-01-17T03:44:47Z
EOG,2008-10-24,22.97,23.54,20.07,21.04,13154558,65.87,67.51,57.56,60.34,4587600,2026-01-17T03:44:47Z
EOG,2008-10-27,21.97,23.95,21.72,22.37,10862638,62.99,68.67,62.28,64.15,3788300,2026-01-17T03:44:47Z
EOG,2008-10-28,23.55,23.75,20.91,22.44,12626677,67.53,68.09,59.97,64.35,4403500,2026-01-17T03:44:47Z
EOG,2008-10-29,25.31,26.67,23.74,24.23,17026994,72.58,76.47,68.08,69.47,5938100,2026-01-17T03:44:47Z
EOG,2008-10-30,26.84,27.07,25.07,25.89,12366584,76.97,77.63,71.9,74.23,4312800,2026-01-17T03:44:47Z
EOG,2008-10-31,28.22,28.82,25.46,25.97,11949679,80.92,82.63,73.01,74.47,4167400,2026-01-17T03:44:47Z
EOG,2008-11-03,26.43,27.78,25.93,27.48,11639404,75.78,79.66,74.35,78.79,4059200,2026-01-17T03:44:47Z
EOG,2008-11-04,29.35,29.82,27.05,27.47,14220934,84.16,85.5,77.56,78.76,4959500,2026-01-17T03:44:47Z
EOG,2008-11-05,28.53,29.63,27.99,28.64,11304219,81.81,84.95,80.27,82.13,3942300,2026-01-17T03:44:47Z
EOG,2008-11-06,26.91,28.12,26.17,27.5,12390979,77.17,80.62,75.04,78.86,4321300,2026-01-17T03:44:47Z
EOG,2008-11-07,27.86,28.71,26.85,27.2,10038262,79.88,82.32,76.99,78,3500800,2026-01-17T03:44:47Z
EOG,2008-11-10,28.28,29.63,27.5,28.89,10160116,81.1,84.97,78.84,82.84,3543300,2026-01-17T03:44:47Z
EOG,2008-11-11,27.49,28.3,26.71,27.41,11468830,78.82,81.15,76.59,78.6,3999700,2026-01-17T03:44:47Z
EOG,2008-11-12,26.56,27.44,26.26,26.43,15809203,76.17,78.68,75.29,75.79,5513400,2026-01-17T03:44:47Z
EOG,2008-11-13,29.63,29.95,25.36,26.71,23832856,84.97,85.88,72.73,76.58,8311600,2026-01-17T03:44:47Z
EOG,2008-11-14,28.12,29.93,27.89,29.23,15937094,80.63,85.83,79.96,83.83,5558000,2026-01-17T03:44:47Z
EOG,2008-11-17,28.06,29.45,27.6,27.9,12466386,80.45,84.44,79.14,80,4347600,2026-01-17T03:44:47Z
EOG,2008-11-18,28.78,29.32,27.26,28.3,12044298,82.53,84.08,78.17,81.14,4200400,2026-01-17T03:44:47Z
EOG,2008-11-19,26.95,29.35,26.66,28.75,14285463,77.28,84.16,76.43,82.43,4982000,2026-01-17T03:44:47Z
EOG,2008-11-20,22.66,26.57,22.32,26.24,19430210,64.97,76.18,64,75.24,6776200,2026-01-17T03:44:47Z
EOG,2008-11-21,26.05,26.29,22.73,23.39,20543617,74.71,75.39,65.19,67.07,7164500,2026-01-17T03:44:47Z
EOG,2008-11-24,29.17,30.05,26.36,26.74,15569792,83.64,86.17,75.57,76.68,5429900,2026-01-17T03:44:47Z
EOG,2008-11-25,29.3,29.79,28.37,29.14,14252798,84.02,85.43,81.34,83.56,4970600,2026-01-17T03:44:47Z
EOG,2008-11-26,30.85,31,28.2,29.03,15080631,88.47,88.88,80.85,83.25,5259300,2026-01-17T03:44:47Z
EOG,2008-11-28,29.65,30.5,28.65,30.14,5067868,85.02,87.47,82.15,86.41,1767400,2026-01-17T03:44:47Z
EOG,2008-12-01,26.54,28.88,26.38,28.53,15080012,76.1,82.8,75.63,81.82,5259100,2026-01-17T03:44:47Z
EOG,2008-12-02,27.91,28.01,26.42,27.38,13189279,80.02,80.32,75.77,78.5,4599700,2026-01-17T03:44:47Z
EOG,2008-12-03,27.9,28.58,27.06,27.27,10864064,79.99,81.95,77.58,78.19,3788800,2026-01-17T03:44:47Z
EOG,2008-12-04,23.99,27.38,23.54,27.14,18410849,68.79,78.52,67.51,77.82,6420700,2026-01-17T03:44:47Z
EOG,2008-12-05,23.69,23.82,21.91,23.37,16910590,67.94,68.31,62.81,67,5897500,2026-01-17T03:44:47Z
EOG,2008-12-08,24.09,25.45,23.48,24.61,16284908,69.07,72.97,67.32,70.58,5679300,2026-01-17T03:44:47Z
EOG,2008-12-09,24.55,25.59,23.12,23.75,12717861,70.4,73.37,66.29,68.1,4435300,2026-01-17T03:44:47Z
EOG,2008-12-10,25.69,26.48,24.95,25.07,14310424,73.67,75.92,71.55,71.88,4990700,2026-01-17T03:44:47Z
EOG,2008-12-11,25.13,27.34,24.91,26.15,11889758,72.06,78.41,71.42,74.98,4146500,2026-01-17T03:44:47Z
EOG,2008-12-12,23.7,24.32,23.28,23.97,12106788,67.97,69.75,66.76,68.73,4222200,2026-01-17T03:44:47Z
EOG,2008-12-15,24.11,24.99,23.52,24.43,11441277,69.14,71.65,67.43,70.04,3990100,2026-01-17T03:44:47Z
EOG,2008-12-16,24.76,24.88,23.98,24.65,8113372,71.01,71.34,68.76,70.68,2829500,2026-01-17T03:44:47Z
EOG,2008-12-17,24.27,25.35,24.18,24.69,10646153,69.6,72.68,69.32,70.8,3712800,2026-01-17T03:44:47Z
EOG,2008-12-18,22.61,24.36,22.41,24.12,11175463,64.84,69.86,64.26,69.15,3897400,2026-01-17T03:44:47Z
EOG,2008-12-19,22.65,23.27,22.31,22.63,13051642,64.96,66.74,63.98,64.89,4551700,2026-01-17T03:44:47Z
EOG,2008-12-22,21.33,22.63,20.89,22.57,8625190,61.16,64.9,59.89,64.73,3008000,2026-01-17T03:44:47Z
EOG,2008-12-23,22.09,22.53,21.3,21.4,9222465,63.33,64.59,61.08,61.36,3216300,2026-01-17T03:44:47Z
EOG,2008-12-24,21.92,21.97,21.38,21.5,3584839,62.86,63,61.29,61.65,1250200,2026-01-17T03:44:47Z
EOG,2008-12-26,22.41,22.53,21.98,21.98,3461258,64.27,64.59,63.02,63.03,1207100,2026-01-17T03:44:47Z
EOG,2008-12-29,23.07,23.19,22.44,22.91,5932959,66.14,66.5,64.34,65.69,2069100,2026-01-17T03:44:47Z
EOG,2008-12-30,22.95,23.01,22.27,22.97,7084513,65.82,65.97,63.85,65.86,2470700,2026-01-17T03:44:47Z
EOG,2008-12-31,23.22,23.63,22.54,22.64,6544307,66.58,67.76,64.64,64.92,2282300,2026-01-17T03:44:47Z
EOG,2009-01-02,24.55,24.73,23.34,23.69,7329985,70.39,70.9,66.93,67.94,2556300,2026-01-17T03:44:47Z
EOG,2009-01-05,24.65,25.4,24.07,24.48,11055314,70.67,72.83,69.03,70.18,3855500,2026-01-17T03:44:47Z
EOG,2009-01-06,24.8,25.25,24.59,24.95,15527070,71.12,72.39,70.52,71.53,5415000,2026-01-17T03:44:47Z
EOG,2009-01-07,23.95,24.65,23.21,24.48,9737740,68.67,70.69,66.55,70.18,3396000,2026-01-17T03:44:47Z
EOG,2009-01-08,24.28,24.53,23.62,24.29,8609134,69.61,70.33,67.74,69.65,3002400,2026-01-17T03:44:47Z
EOG,2009-01-09,23.21,24.64,23.08,24.25,9943895,66.54,70.65,66.17,69.55,3467900,2026-01-17T03:44:47Z
EOG,2009-01-12,22.17,23.04,21.81,22.83,9924979,63.57,66.06,62.54,65.46,3461300,2026-01-17T03:44:47Z
EOG,2009-01-13,23.39,23.62,21.94,22.17,13343225,67.08,67.73,62.9,63.56,4653400,2026-01-17T03:44:47Z
EOG,2009-01-14,22.15,23.17,21.92,22.92,12566624,63.39,66.31,62.72,65.6,4391400,2026-01-17T03:44:47Z
EOG,2009-01-15,22.37,22.59,21.47,22.1,14289081,64.02,64.65,61.45,63.25,4993300,2026-01-17T03:44:47Z
EOG,2009-01-16,22.27,22.88,21.67,22.75,10895145,63.73,65.48,62,65.09,3807300,2026-01-17T03:44:47Z
EOG,2009-01-20,21.22,22.67,21.07,21.9,12085619,60.73,64.88,60.29,62.66,4223300,2026-01-17T03:44:47Z
EOG,2009-01-21,22.83,22.92,21.29,21.36,11471492,65.32,65.59,60.92,61.12,4008700,2026-01-17T03:44:47Z
EOG,2009-01-22,22.27,22.85,21.67,21.97,9672366,63.72,65.38,62.01,62.88,3380000,2026-01-17T03:44:47Z
EOG,2009-01-23,23.26,23.63,21.46,21.82,11802018,66.57,67.63,61.41,62.44,4124200,2026-01-17T03:44:47Z
EOG,2009-01-26,23.76,24.44,23.42,23.66,10415838,68,69.94,67.03,67.7,3639800,2026-01-17T03:44:47Z
EOG,2009-01-27,23.29,23.72,23.08,23.62,9641166,66.66,67.87,66.04,67.59,3369100,2026-01-17T03:44:47Z
EOG,2009-01-28,24.45,24.52,23.36,23.76,11849488,69.96,70.17,66.84,68,4140800,2026-01-17T03:44:47Z
EOG,2009-01-29,23.96,24.41,23.77,23.89,12569511,68.57,69.85,68.01,68.37,4392400,2026-01-17T03:44:47Z
EOG,2009-01-30,23.68,24.73,23.51,24.46,12024337,67.77,70.76,67.29,70,4201900,2026-01-17T03:44:47Z
EOG,2009-02-02,23.32,23.75,23.07,23.19,14045841,66.74,67.95,66.01,66.36,4908300,2026-01-17T03:44:47Z
EOG,2009-02-03,23.72,23.87,23.16,23.61,12698271,67.89,68.3,66.29,67.57,4437400,2026-01-17T03:44:47Z
EOG,2009-02-04,23.97,24.48,23.74,24,13743356,68.58,70.06,67.94,68.68,4802600,2026-01-17T03:44:47Z
EOG,2009-02-05,24.14,24.51,23.41,23.89,14050994,69.09,70.13,67,68.37,4910100,2026-01-17T03:44:47Z
EOG,2009-02-06,23.91,24.22,23.22,23.63,12145982,68.41,69.31,66.44,67.62,4244400,2026-01-17T03:44:47Z
EOG,2009-02-09,24.72,24.87,23.85,24.2,11494677,70.74,71.16,68.25,69.26,4016800,2026-01-17T03:44:47Z
EOG,2009-02-10,23.2,25.06,22.99,24.79,11585389,66.4,71.72,65.79,70.95,4048500,2026-01-17T03:44:47Z
EOG,2009-02-11,22.49,23.66,22.14,23.62,11183338,64.36,67.71,63.35,67.6,3908000,2026-01-17T03:44:47Z
EOG,2009-02-12,22.4,22.59,21.79,22.07,9958239,64.1,64.65,62.35,63.16,3479900,2026-01-17T03:44:47Z
EOG,2009-02-13,22.27,22.82,22.12,22.57,9892427,63.72,65.31,63.31,64.6,3456900,2026-01-17T03:44:47Z
EOG,2009-02-17,19.65,21.66,19.59,21.66,18108233,56.24,61.99,56.06,61.99,6327900,2026-01-17T03:44:47Z
EOG,2009-02-18,19.79,19.94,19.22,19.86,16898604,56.62,57.07,55,56.84,5905200,2026-01-17T03:44:47Z
EOG,2009-02-19,19.51,20.24,19.28,19.92,15154957,55.82,57.92,55.18,57,5295900,2026-01-17T03:44:47Z
EOG,2009-02-20,19.26,19.65,18.93,19.08,13959143,55.11,56.22,54.17,54.61,4878000,2026-01-17T03:44:47Z
EOG,2009-02-23,17.81,19.7,17.77,19.57,15161019,50.98,56.36,50.85,55.99,5298000,2026-01-17T03:44:47Z
EOG,2009-02-24,18.64,18.66,17.8,17.99,11690126,53.33,53.41,50.95,51.47,4085100,2026-01-17T03:44:47Z
EOG,2009-02-25,18.18,18.71,17.87,18.6,12620746,52.03,53.54,51.14,53.23,4410300,2026-01-17T03:44:47Z
EOG,2009-02-26,17.97,18.72,17.87,18.48,9390483,51.41,53.56,51.15,52.87,3281500,2026-01-17T03:44:47Z
EOG,2009-02-27,17.49,18.04,17.07,17.49,11025374,50.04,51.63,48.86,50.06,3852800,2026-01-17T03:44:47Z
EOG,2009-03-02,15.93,17.36,15.74,16.87,15983141,45.59,49.69,45.03,48.27,5585300,2026-01-17T03:44:47Z
EOG,2009-03-03,16.79,17.37,15.91,16.25,22334914,48.04,49.7,45.53,46.51,7804900,2026-01-17T03:44:47Z
EOG,2009-03-04,17.86,18.45,17.21,17.28,21706388,51.1,52.79,49.24,49.46,7585300,2026-01-17T03:44:47Z
EOG,2009-03-05,18.12,18.46,17.32,17.59,22531229,51.84,52.84,49.57,50.33,7873500,2026-01-17T03:44:47Z
EOG,2009-03-06,18.2,19,17.55,18.61,16788151,52.07,54.36,50.22,53.25,5866600,2026-01-17T03:44:47Z
EOG,2009-03-09,17.62,18.35,17.46,17.9,12365193,50.42,52.52,49.98,51.23,4321000,2026-01-17T03:44:47Z
EOG,2009-03-10,18.49,18.87,17.92,18.02,12978107,52.91,54,51.28,51.57,4535200,2026-01-17T03:44:47Z
EOG,2009-03-11,18.87,19.12,18.35,18.63,11017312,54,54.71,52.5,53.31,3850000,2026-01-17T03:44:47Z
EOG,2009-03-12,20.55,20.65,18.75,18.96,20132548,58.81,59.1,53.66,54.27,7035300,2026-01-17T03:44:47Z
EOG,2009-03-13,20.61,20.77,20.18,20.53,12857954,58.99,59.44,57.75,58.75,4493200,2026-01-17T03:44:47Z
EOG,2009-03-16,21.5,22,20.48,20.48,13037383,61.52,62.97,58.6,58.6,4555900,2026-01-17T03:44:47Z
EOG,2009-03-17,22.05,22.05,21.1,21.48,15433175,63.1,63.1,60.37,61.46,5393100,2026-01-17T03:44:47Z
EOG,2009-03-18,21.67,21.94,20.45,21.82,17877026,62.01,62.79,58.51,62.45,6247100,2026-01-17T03:44:47Z
EOG,2009-03-19,22.1,22.88,22.05,22.23,12634150,63.24,65.46,63.1,63.63,4415000,2026-01-17T03:44:47Z
EOG,2009-03-20,21.65,22.71,21.41,22.44,12153686,61.95,65,61.28,64.21,4247100,2026-01-17T03:44:47Z
EOG,2009-03-23,23.09,23.29,22.17,22.24,10284185,66.08,66.65,63.43,63.64,3593800,2026-01-17T03:44:47Z
EOG,2009-03-24,22.39,22.88,22.11,22.68,6661913,64.08,65.48,63.28,64.9,2328000,2026-01-17T03:44:47Z
EOG,2009-03-25,22.17,23.02,21.49,22.3,11119191,63.44,65.89,61.5,63.8,3885600,2026-01-17T03:44:47Z
EOG,2009-03-26,21.66,22.78,21.5,22.39,10875093,61.99,65.19,61.52,64.08,3800300,2026-01-17T03:44:47Z
EOG,2009-03-27,20.73,21.34,20.56,21.3,8511694,59.31,61.08,58.83,60.94,2974400,2026-01-17T03:44:47Z
EOG,2009-03-30,19.8,20.44,19.35,20.15,8684519,56.66,58.48,55.36,57.67,3034800,2026-01-17T03:44:47Z
EOG,2009-03-31,19.14,20.41,19.08,19.98,11747081,54.76,58.4,54.61,57.19,4105000,2026-01-17T03:44:47Z
EOG,2009-04-01,19.96,20.06,18.55,18.79,10694560,57.13,57.41,53.09,53.76,3737200,2026-01-17T03:44:47Z
EOG,2009-04-02,21.08,21.46,20.5,20.5,10482481,60.33,61.4,58.66,58.67,3663100,2026-01-17T03:44:47Z
EOG,2009-04-03,22.06,22.48,20.95,21.08,9732182,63.14,64.32,59.94,60.32,3400900,2026-01-17T03:44:47Z
EOG,2009-04-06,21.21,21.69,20.84,21.69,7221925,60.7,62.08,59.63,62.07,2523700,2026-01-17T03:44:47Z
EOG,2009-04-07,20.26,20.89,20.12,20.74,5681504,57.97,59.77,57.58,59.34,1985400,2026-01-17T03:44:47Z
EOG,2009-04-08,20.64,20.79,19.49,20.02,8391767,59.05,59.49,55.78,57.29,2932500,2026-01-17T03:44:47Z
EOG,2009-04-09,21.44,21.68,20.85,21.32,7565623,61.35,62.05,59.67,61.02,2643800,2026-01-17T03:44:47Z
EOG,2009-04-13,21.66,21.93,20.53,21.12,9418522,61.97,62.77,58.75,60.43,3291300,2026-01-17T03:44:47Z
EOG,2009-04-14,21.2,21.92,21.1,21.66,10230127,60.52,62.59,60.25,61.84,3583300,2026-01-17T03:44:47Z
EOG,2009-04-15,20.75,21.56,20.47,21.02,9245481,59.24,61.55,58.45,60,3238400,2026-01-17T03:44:47Z
EOG,2009-04-16,20.52,21.12,20.11,21.09,10149086,58.58,60.3,57.4,60.2,3554900,2026-01-17T03:44:47Z
EOG,2009-04-17,21.04,21.25,20.08,20.25,12197518,60.08,60.67,57.33,57.8,4272400,2026-01-17T03:44:47Z
EOG,2009-04-20,19.6,20.56,19.56,20.5,9819053,55.97,58.7,55.85,58.52,3439300,2026-01-17T03:44:47Z
EOG,2009-04-21,19.93,19.98,19.22,19.48,9899822,56.91,57.04,54.86,55.6,3467600,2026-01-17T03:44:47Z
EOG,2009-04-22,19.74,20.25,19.52,19.87,9366829,56.36,57.8,55.74,56.74,3280900,2026-01-17T03:44:47Z
EOG,2009-04-23,21.06,21.16,19.87,19.96,13857045,60.12,60.4,56.74,57,4853700,2026-01-17T03:44:47Z
EOG,2009-04-24,22.13,22.47,21.61,21.93,14529685,63.17,64.16,61.68,62.6,5089300,2026-01-17T03:44:47Z
EOG,2009-04-27,21.86,22.07,21.18,21.53,7963019,62.42,63.01,60.46,61.46,2789200,2026-01-17T03:44:47Z
EOG,2009-04-28,22.2,22.42,21.41,21.55,10455416,63.39,64,61.13,61.54,3662200,2026-01-17T03:44:47Z
EOG,2009-04-29,23.03,23.44,22.14,22.19,10703764,65.74,66.93,63.22,63.36,3749200,2026-01-17T03:44:47Z
EOG,2009-04-30,22.24,23.34,21.89,23.14,11550253,63.48,66.64,62.48,66.07,4045700,2026-01-17T03:44:47Z
EOG,2009-05-01,23.15,23.34,22.16,22.25,10737165,66.08,66.65,63.28,63.51,3760900,2026-01-17T03:44:47Z
EOG,2009-05-04,25.23,25.27,23.22,23.23,13378563,72.04,72.16,66.28,66.31,4686100,2026-01-17T03:44:47Z
EOG,2009-05-05,24.87,25.3,24.17,25.11,10910757,71.01,72.23,69.01,71.7,3821700,2026-01-17T03:44:47Z
EOG,2009-05-06,27.16,27.2,25.32,25.52,19774271,77.53,77.65,72.28,72.86,6926300,2026-01-17T03:44:47Z
EOG,2009-05-07,25.75,27.71,25.38,27.26,19644311,73.52,79.12,72.46,77.83,6880800,2026-01-17T03:44:47Z
EOG,2009-05-08,26.93,27.17,26.04,26.23,12417018,76.87,77.57,74.34,74.89,4349300,2026-01-17T03:44:47Z
EOG,2009-05-11,25.83,26.44,25.52,26.44,10526209,73.73,75.49,72.87,75.49,3687000,2026-01-17T03:44:47Z
EOG,2009-05-12,25.66,26.26,24.86,26.26,12412747,73.25,74.97,70.96,74.96,4347800,2026-01-17T03:44:47Z
EOG,2009-05-13,24.63,25.42,24.23,24.97,9726530,70.32,72.58,69.18,71.3,3406900,2026-01-17T03:44:47Z
EOG,2009-05-14,25,25.2,24.23,24.63,6992624,71.36,71.93,69.18,70.32,2449300,2026-01-17T03:44:47Z
EOG,2009-05-15,23.91,25.15,23.64,24.84,10382332,68.25,71.81,67.5,70.92,3636600,2026-01-17T03:44:47Z
EOG,2009-05-18,24.89,25.21,24.22,24.22,9657439,71.05,71.97,69.15,69.15,3382700,2026-01-17T03:44:47Z
EOG,2009-05-19,25.23,25.61,24.78,24.94,7738329,72.02,73.11,70.75,71.19,2710500,2026-01-17T03:44:47Z
EOG,2009-05-20,25.37,26.21,25.28,25.49,7770023,72.44,74.82,72.18,72.76,2721600,2026-01-17T03:44:47Z
EOG,2009-05-21,24.43,24.97,24.11,24.97,9486733,69.75,71.28,68.83,71.28,3322900,2026-01-17T03:44:47Z
EOG,2009-05-22,24.24,24.77,24.15,24.62,5134627,69.19,70.73,68.96,70.29,1798500,2026-01-17T03:44:47Z
EOG,2009-05-26,24.26,24.34,22.94,23.2,10428855,69.27,69.48,65.48,66.24,3652900,2026-01-17T03:44:47Z
EOG,2009-05-27,23.91,24.64,23.78,24.33,12041634,68.27,70.35,67.89,69.47,4217800,2026-01-17T03:44:47Z
EOG,2009-05-28,25.43,25.77,24.09,24.21,12937501,72.61,73.57,68.78,69.12,4531600,2026-01-17T03:44:47Z
EOG,2009-05-29,25.64,25.88,25.27,25.73,8499749,73.19,73.89,72.15,73.47,2977200,2026-01-17T03:44:47Z
EOG,2009-06-01,26.87,27.13,26.18,26.18,9344259,76.72,77.46,74.73,74.74,3273000,2026-01-17T03:44:47Z
EOG,2009-06-02,26.69,26.81,25.95,26.62,12034464,76.21,76.55,74.08,76,4215300,2026-01-17T03:44:47Z
EOG,2009-06-03,25.42,26.21,24.97,26.21,10764306,72.57,74.83,71.28,74.83,3770400,2026-01-17T03:44:47Z
EOG,2009-06-04,25.64,26,25.13,25.75,10071114,73.21,74.24,71.74,73.5,3527600,2026-01-17T03:44:47Z
EOG,2009-06-05,25.75,26.21,25.31,26.09,11818332,73.51,74.84,72.27,74.49,4139600,2026-01-17T03:44:47Z
EOG,2009-06-08,25.81,25.95,25.14,25.14,9626610,73.7,74.1,71.77,71.77,3371900,2026-01-17T03:44:47Z
EOG,2009-06-09,26.15,26.46,25.74,25.96,9404479,74.65,75.54,73.48,74.13,3294100,2026-01-17T03:44:47Z
EOG,2009-06-10,26.36,26.52,25.77,26.47,10420293,75.25,75.7,73.56,75.56,3649900,2026-01-17T03:44:47Z
EOG,2009-06-11,27,27.5,26.32,26.44,11716725,77.09,78.51,75.15,75.49,4104000,2026-01-17T03:44:47Z
EOG,2009-06-12,27.19,27.24,26.48,26.81,8460063,77.62,77.76,75.59,76.53,2963300,2026-01-17T03:44:47Z
EOG,2009-06-15,26.71,27.12,26.08,26.7,12275142,76.25,77.43,74.47,76.23,4299600,2026-01-17T03:44:47Z
EOG,2009-06-16,25.87,26.97,25.65,26.91,9876435,73.86,77,73.24,76.82,3459400,2026-01-17T03:44:47Z
EOG,2009-06-17,25.66,26.11,25.11,25.95,8049814,73.25,74.54,71.7,74.08,2819600,2026-01-17T03:44:47Z
EOG,2009-06-18,25.25,25.95,25.09,25.62,7496522,72.1,74.1,71.62,73.14,2625800,2026-01-17T03:44:47Z
EOG,2009-06-19,24.49,25.53,24.24,25.53,19042227,69.92,72.88,69.21,72.88,6669900,2026-01-17T03:44:47Z
EOG,2009-06-22,23.64,24.12,23.3,24.12,15188361,67.48,68.85,66.52,68.85,5320000,2026-01-17T03:44:47Z
EOG,2009-06-23,23.57,23.73,23.01,23.73,13445952,67.29,67.75,65.7,67.75,4709700,2026-01-17T03:44:47Z
EOG,2009-06-24,23.58,23.91,23.36,23.65,12311115,67.32,68.27,66.7,67.51,4312200,2026-01-17T03:44:47Z
EOG,2009-06-25,24.04,24.17,23.59,23.68,10467124,68.63,69.01,67.36,67.62,3666300,2026-01-17T03:44:47Z
EOG,2009-06-26,23.66,24.23,23.64,23.93,16465612,67.56,69.19,67.5,68.31,5767400,2026-01-17T03:44:47Z
EOG,2009-06-29,23.45,24.09,23.37,23.79,12101277,66.96,68.77,66.73,67.91,4238700,2026-01-17T03:44:47Z
EOG,2009-06-30,23.79,23.99,23.28,23.39,13021688,67.92,68.5,66.46,66.77,4561100,2026-01-17T03:44:47Z
EOG,2009-07-01,23.48,24.43,23.45,24.08,10380036,67.04,69.75,66.95,68.74,3635800,2026-01-17T03:44:47Z
EOG,2009-07-02,22.5,23.04,22.36,23,10124779,64.23,65.78,63.83,65.65,3546400,2026-01-17T03:44:47Z
EOG,2009-07-06,21.94,22.04,21.54,21.75,12447603,62.63,62.91,61.48,62.1,4360000,2026-01-17T03:44:47Z
EOG,2009-07-07,21.22,21.99,21.17,21.99,13135902,60.58,62.79,60.45,62.79,4601100,2026-01-17T03:44:47Z
EOG,2009-07-08,21.64,21.83,21.12,21.24,14885141,61.77,62.32,60.29,60.64,5213800,2026-01-17T03:44:47Z
EOG,2009-07-09,21.93,22.07,21.5,21.82,11709881,62.62,63,61.39,62.29,4101600,2026-01-17T03:44:47Z
EOG,2009-07-10,21.89,22.05,21.36,21.55,9100724,62.5,62.95,60.98,61.54,3187700,2026-01-17T03:44:47Z
EOG,2009-07-13,22.36,22.36,21.49,21.87,8591956,63.83,63.84,61.36,62.45,3009500,2026-01-17T03:44:47Z
EOG,2009-07-14,22.65,22.79,22.28,22.6,8176571,64.67,65.07,63.62,64.53,2864000,2026-01-17T03:44:47Z
EOG,2009-07-15,23.34,23.45,22.84,22.95,11281391,66.48,66.8,65.06,65.37,3960400,2026-01-17T03:44:47Z
EOG,2009-07-16,24.31,24.48,23.1,23.13,10302071,69.25,69.72,65.8,65.88,3616600,2026-01-17T03:44:47Z
EOG,2009-07-17,24.43,24.73,24,24.1,8258221,69.59,70.43,68.35,68.64,2899100,2026-01-17T03:44:47Z
EOG,2009-07-20,25.38,25.44,24.73,24.73,9047861,72.3,72.46,70.46,70.46,3176300,2026-01-17T03:44:47Z
EOG,2009-07-21,25.48,25.76,24.95,25.68,6238048,72.59,73.37,71.08,73.14,2189900,2026-01-17T03:44:47Z
EOG,2009-07-22,25.07,25.45,24.94,25.35,7162389,71.4,72.5,71.03,72.21,2514400,2026-01-17T03:44:47Z
EOG,2009-07-23,25.91,25.98,25,25.07,8167086,73.81,73.99,71.21,71.4,2867100,2026-01-17T03:44:47Z
EOG,2009-07-24,26.22,26.25,25.74,25.81,6097311,74.69,74.77,73.31,73.51,2140500,2026-01-17T03:44:47Z
EOG,2009-07-27,26.08,26.32,25.98,26.28,7220517,74.3,74.96,74,74.85,2534800,2026-01-17T03:44:47Z
EOG,2009-07-28,25.78,26.03,25.11,25.74,6293310,73.44,74.15,71.52,73.33,2209300,2026-01-17T03:44:47Z
EOG,2009-07-29,24.89,25.39,24.61,25.39,6304684,70.9,72.31,70.11,72.31,2213300,2026-01-17T03:44:47Z
EOG,2009-07-30,25.59,25.86,24.89,25.43,8669266,72.9,73.66,70.9,72.45,3043400,2026-01-17T03:44:47Z
EOG,2009-07-31,25.99,26.31,25.23,25.43,7137600,74.03,74.95,71.86,72.45,2505700,2026-01-17T03:44:47Z
EOG,2009-08-03,26.91,27.27,26.4,26.4,7977088,76.65,77.69,75.2,75.2,2800400,2026-01-17T03:44:47Z
EOG,2009-08-04,27.19,27.21,26.41,26.71,7172356,77.45,77.51,75.23,76.08,2517900,2026-01-17T03:44:47Z
EOG,2009-08-05,27.39,27.43,26.73,27.22,8737918,78.02,78.13,76.13,77.54,3067500,2026-01-17T03:44:47Z
EOG,2009-08-06,27.46,27.95,27.02,27.66,8119787,78.22,79.61,76.97,78.79,2850500,2026-01-17T03:44:47Z
EOG,2009-08-07,26.23,27.96,26.16,27.59,12760364,74.73,79.65,74.51,78.59,4479600,2026-01-17T03:44:47Z
EOG,2009-08-10,26.75,27.02,26.2,26.2,9191399,76.2,76.98,74.62,74.62,3226700,2026-01-17T03:44:47Z
EOG,2009-08-11,25.89,26.67,25.86,26.57,5735265,73.76,75.97,73.65,75.69,2013400,2026-01-17T03:44:47Z
EOG,2009-08-12,26.04,26.35,25.75,25.75,5914165,74.19,75.06,73.35,73.35,2076200,2026-01-17T03:44:47Z
EOG,2009-08-13,26.53,26.6,26.07,26.08,5047058,75.57,75.76,74.26,74.28,1771800,2026-01-17T03:44:47Z
EOG,2009-08-14,26.22,26.61,25.94,26.54,6642523,74.69,75.79,73.9,75.59,2331900,2026-01-17T03:44:47Z
EOG,2009-08-17,25.22,25.75,24.93,25.75,5852618,71.84,73.34,71.02,73.34,2054600,2026-01-17T03:44:47Z
EOG,2009-08-18,25.39,25.55,25.01,25.2,4704944,72.33,72.79,71.24,71.78,1651700,2026-01-17T03:44:47Z
EOG,2009-08-19,25.91,26.18,24.96,25.19,5241909,73.82,74.57,71.09,71.76,1840200,2026-01-17T03:44:47Z
EOG,2009-08-20,25.82,26.26,25.76,25.94,6487563,73.56,74.8,73.39,73.88,2277500,2026-01-17T03:44:47Z
EOG,2009-08-21,26.61,26.8,26.03,26.03,6210413,75.79,76.34,74.14,74.15,2180200,2026-01-17T03:44:47Z
EOG,2009-08-24,26.62,27,26.45,26.88,3888834,75.83,76.92,75.33,76.56,1365200,2026-01-17T03:44:47Z
EOG,2009-08-25,26.12,26.99,26.05,26.74,5431322,74.41,76.87,74.2,76.17,1906700,2026-01-17T03:44:47Z
EOG,2009-08-26,25.97,26.07,25.5,25.89,5135082,73.98,74.27,72.65,73.75,1802700,2026-01-17T03:44:47Z
EOG,2009-08-27,25.61,25.86,25.27,25.71,7456658,72.96,73.65,71.97,73.25,2617700,2026-01-17T03:44:47Z
EOG,2009-08-28,25.71,26.12,25.45,25.94,4650549,73.25,74.41,72.48,73.9,1632600,2026-01-17T03:44:47Z
EOG,2009-08-31,25.28,25.32,24.98,25.19,5257856,72,72.11,71.15,71.75,1845800,2026-01-17T03:44:47Z
EOG,2009-09-01,24.79,25.58,24.68,25.18,7192007,70.62,72.86,70.31,71.74,2524800,2026-01-17T03:44:47Z
EOG,2009-09-02,24.55,24.92,24.52,24.8,6795222,69.92,70.99,69.84,70.65,2385500,2026-01-17T03:44:47Z
EOG,2009-09-03,24.49,24.85,24.37,24.85,6485850,69.76,70.79,69.43,70.79,2276900,2026-01-17T03:44:47Z
EOG,2009-09-04,24.74,24.8,24.09,24.38,6598667,70.47,70.63,68.63,69.45,2316500,2026-01-17T03:44:47Z
EOG,2009-09-08,25.85,26.14,25.36,25.45,13540840,73.64,74.46,72.25,72.48,4753600,2026-01-17T03:44:47Z
EOG,2009-09-09,26.13,26.33,25.59,25.91,7163816,74.44,75.01,72.89,73.82,2514900,2026-01-17T03:44:47Z
EOG,2009-09-10,26.97,27.03,25.94,26.14,8324035,76.82,77,73.88,74.46,2922200,2026-01-17T03:44:47Z
EOG,2009-09-11,26.66,27.49,26.53,27.09,9833759,75.95,78.3,75.58,77.18,3452200,2026-01-17T03:44:47Z
EOG,2009-09-14,27.06,27.11,26.29,26.41,5978249,77.09,77.22,74.88,75.23,2098700,2026-01-17T03:44:47Z
EOG,2009-09-15,28.04,28.14,27.16,27.23,9915523,79.86,80.17,77.37,77.58,3480900,2026-01-17T03:44:47Z
EOG,2009-09-16,29.22,29.24,28,28.27,9070915,83.23,83.28,79.76,80.52,3184400,2026-01-17T03:44:47Z
EOG,2009-09-17,28.99,29.59,28.77,29.15,9584223,82.57,84.28,81.94,83.04,3364600,2026-01-17T03:44:47Z
EOG,2009-09-18,28.74,29.22,28.38,29.18,6378764,81.86,83.24,80.84,83.11,2239300,2026-01-17T03:44:47Z
EOG,2009-09-21,28.53,28.6,27.91,28.19,5823578,81.28,81.48,79.51,80.31,2044400,2026-01-17T03:44:47Z
EOG,2009-09-22,29.5,29.64,28.8,28.93,8093020,84.03,84.43,82.03,82.41,2841100,2026-01-17T03:44:47Z
EOG,2009-09-23,28.86,29.63,28.81,29.5,7158405,82.21,84.41,82.07,84.03,2513000,2026-01-17T03:44:47Z
EOG,2009-09-24,28.1,28.88,27.61,28.8,8412058,80.05,82.27,78.65,82.05,2953100,2026-01-17T03:44:47Z
EOG,2009-09-25,27.71,28.44,27.54,28.04,6252839,78.94,81,78.46,79.86,2195100,2026-01-17T03:44:47Z
EOG,2009-09-28,28.13,28.16,27.69,27.86,3755528,80.13,80.21,78.87,79.35,1318400,2026-01-17T03:44:47Z
EOG,2009-09-29,28.66,28.73,27.7,28.08,9142419,81.64,81.85,78.91,80,3209500,2026-01-17T03:44:47Z
EOG,2009-09-30,29.32,29.61,28.53,28.9,13589563,83.51,84.36,81.28,82.32,4770700,2026-01-17T03:44:47Z
EOG,2009-10-01,28.45,29.34,28.4,29.34,13155161,81.05,83.58,80.91,83.58,4618200,2026-01-17T03:44:47Z
EOG,2009-10-02,28.35,28.54,27.86,27.99,10749845,80.76,81.3,79.37,79.73,3773800,2026-01-17T03:44:47Z
EOG,2009-10-05,28.97,29.14,28.16,28.35,9158093,82.51,83,80.22,80.75,3215000,2026-01-17T03:44:47Z
EOG,2009-10-06,29.69,29.73,29.09,29.37,8028352,84.58,84.68,82.86,83.65,2818400,2026-01-17T03:44:47Z
EOG,2009-10-07,29.74,29.84,29.1,29.64,7647511,84.71,85,82.88,84.43,2684700,2026-01-17T03:44:47Z
EOG,2009-10-08,31.49,31.56,29.81,29.92,12972864,89.69,89.91,84.91,85.24,4554200,2026-01-17T03:44:47Z
EOG,2009-10-09,31.45,31.94,31.01,31.3,10602588,89.6,90.98,88.33,89.17,3722100,2026-01-17T03:44:47Z
EOG,2009-10-12,31.8,32.19,31.62,31.97,7242446,90.58,91.69,90.06,91.06,2542500,2026-01-17T03:44:47Z
EOG,2009-10-13,31.47,31.82,30.86,31.82,10315462,89.63,90.63,87.9,90.63,3621300,2026-01-17T03:44:47Z
EOG,2009-10-14,32.15,32.23,31.56,32.01,7819976,91.44,91.65,89.75,91.02,2749700,2026-01-17T03:44:47Z
EOG,2009-10-15,32.75,32.82,31.9,31.95,8882488,93.14,93.35,90.72,90.86,3123300,2026-01-17T03:44:47Z
EOG,2009-10-16,32.63,32.81,32.18,32.67,6509494,92.81,93.31,91.53,92.92,2288900,2026-01-17T03:44:47Z
EOG,2009-10-19,33.18,33.24,32.55,32.55,6703167,94.35,94.53,92.56,92.56,2357000,2026-01-17T03:44:47Z
EOG,2009-10-20,33.2,33.4,32.74,33.24,7783580,94.41,95,93.1,94.52,2736900,2026-01-17T03:44:47Z
EOG,2009-10-21,32.68,33.71,32.65,32.93,8178322,92.94,95.86,92.85,93.64,2875700,2026-01-17T03:44:47Z
EOG,2009-10-22,32.16,32.22,31.38,31.86,9153502,91.45,91.63,89.23,90.6,3218600,2026-01-17T03:44:47Z
EOG,2009-10-23,31.35,32.47,31.07,32.4,6645144,89.16,92.34,88.37,92.14,2336600,2026-01-17T03:44:47Z
EOG,2009-10-26,30.54,32.2,30.43,31.41,8404705,86.86,91.56,86.54,89.34,2955300,2026-01-17T03:44:47Z
EOG,2009-10-27,30.51,31.15,30.4,30.84,6173338,86.77,88.59,86.45,87.7,2170700,2026-01-17T03:44:47Z
EOG,2009-10-28,29.63,30.52,29.49,30.27,8685400,84.27,86.81,83.87,86.08,3054000,2026-01-17T03:44:47Z
EOG,2009-10-29,30.18,30.3,29.63,29.94,11772763,85.84,86.17,84.27,85.15,4139600,2026-01-17T03:44:47Z
EOG,2009-10-30,28.71,30.17,28.44,30.17,9772342,81.66,85.81,80.88,85.81,3436200,2026-01-17T03:44:47Z
EOG,2009-11-02,28.82,29.29,28.26,28.74,7883398,81.97,83.31,80.37,81.74,2772000,2026-01-17T03:44:47Z
EOG,2009-11-03,29.18,29.34,28.37,28.53,6713135,83,83.43,80.67,81.15,2360500,2026-01-17T03:44:47Z
EOG,2009-11-04,29.99,30.64,29.7,29.79,12247997,85.3,87.15,84.45,84.73,4306700,2026-01-17T03:44:47Z
EOG,2009-11-05,30.95,30.96,29.65,30.18,9302823,88.03,88.04,84.32,85.84,3271100,2026-01-17T03:44:47Z
EOG,2009-11-06,31.77,32.45,31.43,31.8,13154362,90.35,92.28,89.4,90.43,4625400,2026-01-17T03:44:47Z
EOG,2009-11-09,32.49,32.55,31.65,31.65,8632505,92.4,92.58,90.01,90.01,3035400,2026-01-17T03:44:47Z
EOG,2009-11-10,32.06,32.58,31.62,32.39,8672609,91.18,92.66,89.92,92.11,3049500,2026-01-17T03:44:47Z
EOG,2009-11-11,31.73,32.52,31.61,32.34,8532116,90.25,92.48,89.91,91.96,3000100,2026-01-17T03:44:47Z
EOG,2009-11-12,31.25,31.84,30.73,31.62,8374546,88.86,90.55,87.4,89.94,2944700,2026-01-17T03:44:47Z
EOG,2009-11-13,31.12,31.61,30.96,31.18,8499399,88.5,89.9,88.06,88.67,2988600,2026-01-17T03:44:47Z
EOG,2009-11-16,31.83,31.96,31.4,31.75,14415931,90.53,90.9,89.29,90.29,5069000,2026-01-17T03:44:47Z
EOG,2009-11-17,31.64,31.7,31.21,31.69,5066478,89.98,90.16,88.75,90.13,1781500,2026-01-17T03:44:47Z
EOG,2009-11-18,31.2,31.75,30.83,31.75,6222254,88.74,90.29,87.69,90.28,2187900,2026-01-17T03:44:47Z
EOG,2009-11-19,30.56,30.94,30.14,30.94,7120095,86.92,87.98,85.73,87.98,2503600,2026-01-17T03:44:47Z
EOG,2009-11-20,30.41,30.5,29.95,30.34,9154358,86.47,86.73,85.19,86.27,3218900,2026-01-17T03:44:47Z
EOG,2009-11-23,31.01,31.46,30.86,31.05,7629432,88.18,89.48,87.77,88.3,2682700,2026-01-17T03:44:47Z
EOG,2009-11-24,31.14,31.2,30.59,31.07,8948167,88.55,88.72,87.01,88.36,3146400,2026-01-17T03:44:47Z
EOG,2009-11-25,31.54,31.67,30.91,31.19,6076071,89.71,90.06,87.91,88.71,2136500,2026-01-17T03:44:47Z
EOG,2009-11-27,30.67,30.88,30.03,30.38,2566374,87.23,87.82,85.4,86.41,902400,2026-01-17T03:44:47Z
EOG,2009-11-30,30.41,30.8,30.06,30.31,8267058,86.49,87.59,85.48,86.2,2906900,2026-01-17T03:44:47Z
EOG,2009-12-01,31.04,31.45,30.74,30.81,6348823,88.29,89.43,87.43,87.61,2232400,2026-01-17T03:44:47Z
EOG,2009-12-02,30.62,31.17,30.44,30.99,4093568,87.09,88.65,86.56,88.14,1439400,2026-01-17T03:44:47Z
EOG,2009-12-03,30.54,30.91,30.3,30.58,9239403,86.86,87.9,86.18,86.97,3248800,2026-01-17T03:44:47Z
EOG,2009-12-04,30.62,31.73,30.13,31.02,9510128,87.07,90.23,85.69,88.23,3344000,2026-01-17T03:44:47Z
EOG,2009-12-07,30.69,31.23,30.25,30.51,6279988,87.27,88.83,86.04,86.78,2208200,2026-01-17T03:44:47Z
EOG,2009-12-08,29.98,30.56,29.87,30.53,6363320,85.25,86.91,84.95,86.83,2237500,2026-01-17T03:44:47Z
EOG,2009-12-09,30.13,30.4,29.54,30.15,6464852,85.69,86.45,84,85.74,2273200,2026-01-17T03:44:47Z
EOG,2009-12-10,30.48,30.78,30.1,30.1,6793893,86.67,87.53,85.59,85.6,2388900,2026-01-17T03:44:47Z
