ticker,tradeDate,clsPx,hiPx,loPx,open,stockVolume,unadjClsPx,unadjHiPx,unadjLoPx,unadjOpen,unadjStockVolume,updatedAt
GE,2006-01-03,107.54,107.63,105.81,106.72,10926389,35.37,35.4,34.8,35.1,33221200,2026-03-13T02:46:22Z
GE,2006-01-04,107.39,107.63,106.72,107.48,7899211,35.32,35.4,35.1,35.35,24017200,2026-03-13T02:46:22Z
GE,2006-01-05,107.12,107.48,106.72,107.24,6202422,35.23,35.35,35.1,35.27,18858200,2026-03-13T02:46:22Z
GE,2006-01-06,107.85,108.03,106.99,107.57,7263348,35.47,35.53,35.19,35.38,22083900,2026-03-13T02:46:22Z
GE,2006-01-09,107.57,107.72,107.15,107.63,6813585,35.38,35.43,35.24,35.4,20716400,2026-03-13T02:46:22Z
GE,2006-01-10,106.99,107.36,106.57,107.24,6921328,35.19,35.31,35.05,35.27,21044000,2026-03-13T02:46:22Z
GE,2006-01-11,107.72,108.09,106.72,106.84,7365472,35.43,35.55,35.1,35.14,22394400,2026-03-13T02:46:22Z
GE,2006-01-12,106.42,107.82,106.23,107.78,7288016,35,35.46,34.94,35.45,22158900,2026-03-13T02:46:22Z
GE,2006-01-13,106.72,107.18,105.81,106.11,5663789,35.1,35.25,34.8,34.9,17220500,2026-03-13T02:46:22Z
GE,2006-01-17,106.23,108.33,105.87,108.33,5285193,34.94,35.63,34.82,35.63,16069400,2026-03-13T02:46:22Z
GE,2006-01-18,105.87,106.14,105.23,106.11,6646013,34.82,34.91,34.61,34.9,20206900,2026-03-13T02:46:22Z
GE,2006-01-19,105.44,106.11,104.9,106.11,9644574,34.68,34.9,34.5,34.9,29323900,2026-03-13T02:46:22Z
GE,2006-01-20,101.46,104.9,101,104.29,29006811,33.37,34.5,33.22,34.3,88193904,2026-03-13T02:46:22Z
GE,2006-01-23,101.22,102.37,101.13,101.95,12765977,33.29,33.67,33.26,33.53,38814400,2026-03-13T02:46:22Z
GE,2006-01-24,100.21,102.01,100.06,102.01,15287315,32.96,33.55,32.91,33.55,46480400,2026-03-13T02:46:22Z
GE,2006-01-25,99.61,100.94,99.27,100.79,16901546,32.76,33.2,32.65,33.15,51388400,2026-03-13T02:46:22Z
GE,2006-01-26,100.4,100.55,99.54,100.12,16068443,33.02,33.07,32.74,32.93,48855400,2026-03-13T02:46:22Z
GE,2006-01-27,100.18,100.4,99.58,100.18,14247373,32.95,33.02,32.75,32.95,43318500,2026-03-13T02:46:22Z
GE,2006-01-30,100.12,100.61,99.42,100.03,11638718,32.93,33.09,32.7,32.9,35387000,2026-03-13T02:46:22Z
GE,2006-01-31,99.57,100.27,99.21,100.03,13057189,32.75,32.98,32.63,32.9,39699800,2026-03-13T02:46:22Z
GE,2006-02-01,100.76,100.91,99.24,99.3,12520296,33.14,33.19,32.64,32.66,38067400,2026-03-13T02:46:22Z
GE,2006-02-02,100.03,101.22,99.97,100.55,10020638,32.9,33.29,32.88,33.07,30467300,2026-03-13T02:46:22Z
GE,2006-02-03,99.88,100.76,99.64,99.73,8494643,32.85,33.14,32.77,32.8,25827600,2026-03-13T02:46:22Z
GE,2006-02-06,99.57,100,99.27,99.88,7618267,32.75,32.89,32.65,32.85,23163000,2026-03-13T02:46:22Z
GE,2006-02-07,98.24,99.51,97.93,99.3,12103344,32.31,32.73,32.21,32.66,36799700,2026-03-13T02:46:22Z
GE,2006-02-08,99.54,99.7,97.99,98.24,8800292,32.74,32.79,32.23,32.31,26756900,2026-03-13T02:46:22Z
GE,2006-02-09,100.09,100.46,99.61,99.67,8657979,32.92,33.04,32.76,32.78,26324200,2026-03-13T02:46:22Z
GE,2006-02-10,101.19,101.46,99.94,100.09,8735463,33.28,33.37,32.87,32.92,26559800,2026-03-13T02:46:22Z
GE,2006-02-13,101.1,101.73,100.58,100.94,6580556,33.25,33.46,33.08,33.2,20007900,2026-03-13T02:46:22Z
GE,2006-02-14,101.73,101.98,100.46,100.88,9625204,33.46,33.54,33.04,33.18,29265000,2026-03-13T02:46:22Z
GE,2006-02-15,101.73,101.98,101.13,101.98,6193710,33.46,33.54,33.26,33.54,18831700,2026-03-13T02:46:22Z
GE,2006-02-16,101.4,101.86,100.52,101.67,7858094,33.35,33.5,33.06,33.44,23892200,2026-03-13T02:46:22Z
GE,2006-02-17,102.19,102.19,101.22,101.4,8337206,33.61,33.61,33.29,33.35,25348900,2026-03-13T02:46:22Z
GE,2006-02-21,101.43,102.62,101,102.19,6549709,33.36,33.75,33.22,33.61,19914100,2026-03-13T02:46:22Z
GE,2006-02-22,102.28,102.62,101.86,102.01,8460477,33.64,33.75,33.5,33.55,25723700,2026-03-13T02:46:22Z
GE,2006-02-23,101.88,102.5,101.73,101.85,7230399,33.26,33.46,33.21,33.25,22148300,2026-03-13T02:46:22Z
GE,2006-02-24,101.52,102.04,101.15,101.85,5966043,33.14,33.31,33.02,33.25,18275300,2026-03-13T02:46:22Z
GE,2006-02-27,102.07,102.16,101.42,101.76,6309861,33.32,33.35,33.11,33.22,19328500,2026-03-13T02:46:22Z
GE,2006-02-28,100.69,102.01,100.63,101.7,9042774,32.87,33.3,32.85,33.2,27700000,2026-03-13T02:46:22Z
GE,2006-03-01,100.35,101.18,100.17,100.99,7991358,32.76,33.03,32.7,32.97,24479300,2026-03-13T02:46:22Z
GE,2006-03-02,100.63,100.81,99.8,100.17,8206720,32.85,32.91,32.58,32.7,25139000,2026-03-13T02:46:22Z
GE,2006-03-03,101.27,102.13,100.26,100.32,8350522,33.06,33.34,32.73,32.75,25579500,2026-03-13T02:46:22Z
GE,2006-03-06,101.39,101.85,100.93,101.27,6989602,33.1,33.25,32.95,33.06,21410700,2026-03-13T02:46:22Z
GE,2006-03-07,101.55,101.82,101.12,101.21,7099943,33.15,33.24,33.01,33.04,21748700,2026-03-13T02:46:22Z
GE,2006-03-08,102.4,102.71,101.12,101.27,8187955,33.43,33.53,33.01,33.06,25081500,2026-03-13T02:46:22Z
GE,2006-03-09,101.7,102.74,101.58,102.25,7903938,33.2,33.54,33.16,33.38,24211500,2026-03-13T02:46:22Z
GE,2006-03-10,103.08,103.17,101.88,101.94,8412622,33.65,33.68,33.26,33.28,25769700,2026-03-13T02:46:22Z
GE,2006-03-13,103.14,103.32,102.4,103.11,6372117,33.67,33.73,33.43,33.66,19519200,2026-03-13T02:46:22Z
GE,2006-03-14,103.48,103.69,102.56,102.62,6449648,33.78,33.85,33.48,33.5,19756700,2026-03-13T02:46:22Z
GE,2006-03-15,105.44,105.74,103.48,103.48,11940697,34.42,34.52,33.78,33.78,36577000,2026-03-13T02:46:22Z
GE,2006-03-16,105.31,106.29,105.19,106.14,10236290,34.38,34.7,34.34,34.65,31356000,2026-03-13T02:46:22Z
GE,2006-03-17,105.71,106.48,105.38,105.59,13252648,34.51,34.76,34.4,34.47,40595800,2026-03-13T02:46:22Z
GE,2006-03-20,105.68,106.29,105.38,105.8,5264493,34.5,34.7,34.4,34.54,16126300,2026-03-13T02:46:22Z
GE,2006-03-21,105.19,106.26,105.01,105.71,6541774,34.34,34.69,34.28,34.51,20038900,2026-03-13T02:46:22Z
GE,2006-03-22,105.77,105.9,105.19,105.19,5273208,34.53,34.57,34.34,34.34,16153000,2026-03-13T02:46:22Z
GE,2006-03-23,104.52,105.59,104.18,105.53,6719560,34.12,34.47,34.01,34.45,20583500,2026-03-13T02:46:22Z
GE,2006-03-24,104,104.55,103.81,104.24,4727901,33.95,34.13,33.89,34.03,14482600,2026-03-13T02:46:22Z
GE,2006-03-27,103.51,103.97,103.2,103.75,4935164,33.79,33.94,33.69,33.87,15117500,2026-03-13T02:46:22Z
GE,2006-03-28,102.92,103.69,102.59,103.26,7478307,33.6,33.85,33.49,33.71,22907700,2026-03-13T02:46:22Z
GE,2006-03-29,103.94,104.27,102.77,102.77,8401781,33.93,34.04,33.55,33.55,25736500,2026-03-13T02:46:22Z
GE,2006-03-30,106.14,106.45,104.3,104.36,14252744,34.65,34.75,34.05,34.07,43659300,2026-03-13T02:46:22Z
GE,2006-03-31,106.54,107.21,106.36,106.42,12204998,34.78,35,34.72,34.74,37386600,2026-03-13T02:46:22Z
GE,2006-04-03,106.26,107.18,105.96,106.57,7294675,34.69,34.99,34.59,34.79,22345200,2026-03-13T02:46:22Z
GE,2006-04-04,106.29,106.81,105.13,106.81,7039554,34.7,34.87,34.32,34.87,21563700,2026-03-13T02:46:22Z
GE,2006-04-05,105.44,106.42,105.34,106.14,6376782,34.42,34.74,34.39,34.65,19533500,2026-03-13T02:46:22Z
GE,2006-04-06,105.71,105.83,104.52,105.07,6601710,34.51,34.55,34.12,34.3,20222500,2026-03-13T02:46:22Z
GE,2006-04-07,104.24,106.45,104.18,105.83,7734079,34.03,34.75,34.01,34.55,23691200,2026-03-13T02:46:22Z
GE,2006-04-10,103.9,104.39,103.54,104.33,7448925,33.92,34.08,33.8,34.06,22817700,2026-03-13T02:46:22Z
GE,2006-04-11,104.3,104.36,103.02,103.9,7497239,34.05,34.07,33.63,33.92,22965700,2026-03-13T02:46:22Z
GE,2006-04-12,105.56,105.77,104.67,105.07,8560269,34.46,34.53,34.17,34.3,26222000,2026-03-13T02:46:22Z
GE,2006-04-13,103.81,105.25,102.96,104.73,12296769,33.89,34.36,33.61,34.19,37667700,2026-03-13T02:46:22Z
GE,2006-04-17,101.97,103.41,101.3,103.41,11553397,33.29,33.76,33.07,33.76,35390600,2026-03-13T02:46:22Z
GE,2006-04-18,103.75,104.06,101.73,102.68,10885436,33.87,33.97,33.21,33.52,33344500,2026-03-13T02:46:22Z
GE,2006-04-19,103.81,104.06,102.62,104,8037850,33.89,33.97,33.5,33.95,24621700,2026-03-13T02:46:22Z
GE,2006-04-20,104.52,104.7,103.02,103.54,8288528,34.12,34.18,33.63,33.8,25389600,2026-03-13T02:46:22Z
GE,2006-04-21,104.06,105.13,103.17,104.92,9546521,33.97,34.32,33.68,34.25,29243100,2026-03-13T02:46:22Z
GE,2006-04-24,103.94,104.15,103.54,103.57,5355345,33.93,34,33.8,33.81,16404600,2026-03-13T02:46:22Z
GE,2006-04-25,104.06,104.33,103.54,104.15,7415299,33.97,34.06,33.8,34,22714700,2026-03-13T02:46:22Z
GE,2006-04-26,104.55,105.5,103.78,104.36,7527078,34.13,34.44,33.88,34.07,23057100,2026-03-13T02:46:22Z
GE,2006-04-27,105.47,106.23,103.81,103.84,8251249,34.43,34.68,33.89,33.9,25275400,2026-03-13T02:46:22Z
GE,2006-04-28,105.96,106.54,105.22,105.65,8105912,34.59,34.78,34.35,34.49,24830200,2026-03-13T02:46:22Z
GE,2006-05-01,105.34,106.36,105.13,105.13,5786000,34.39,34.72,34.32,34.32,17723800,2026-03-13T02:46:22Z
GE,2006-05-02,105.62,105.96,104.46,105.34,5369937,34.48,34.59,34.1,34.39,16449300,2026-03-13T02:46:22Z
GE,2006-05-03,105.37,106.2,104.73,104.82,7242769,34.4,34.67,34.19,34.22,22186200,2026-03-13T02:46:22Z
GE,2006-05-04,106.6,107.03,105.62,105.68,7133013,34.8,34.94,34.48,34.5,21850000,2026-03-13T02:46:22Z
GE,2006-05-05,107.7,107.89,106.81,107.03,8508072,35.16,35.22,34.87,34.94,26062100,2026-03-13T02:46:22Z
GE,2006-05-08,107.21,107.95,107.12,107.52,5346465,35,35.24,34.97,35.1,16377400,2026-03-13T02:46:22Z
GE,2006-05-09,107.21,107.58,106.91,107.06,5468265,35,35.12,34.9,34.95,16750500,2026-03-13T02:46:22Z
GE,2006-05-10,106.29,107.18,105.68,107.03,6948636,34.7,34.99,34.5,34.94,21285200,2026-03-13T02:46:22Z
GE,2006-05-11,105.71,106.2,104.55,105.68,7439455,34.51,34.67,34.13,34.5,22788700,2026-03-13T02:46:22Z
GE,2006-05-12,105.01,105.8,104.7,105.31,7429567,34.28,34.54,34.18,34.38,22758400,2026-03-13T02:46:22Z
GE,2006-05-15,105.86,105.96,104.39,104.46,7522605,34.56,34.59,34.08,34.1,23043400,2026-03-13T02:46:22Z
GE,2006-05-16,106.57,106.97,106.32,106.42,7637422,34.79,34.92,34.71,34.74,23395100,2026-03-13T02:46:22Z
GE,2006-05-17,105.44,106.75,105.38,106.05,8333938,34.42,34.85,34.4,34.62,25528700,2026-03-13T02:46:22Z
GE,2006-05-18,104.61,105.83,104.58,105.65,7886700,34.15,34.55,34.14,34.49,24158700,2026-03-13T02:46:22Z
GE,2006-05-19,104.64,105.68,104,104.85,9797796,34.16,34.5,33.95,34.23,30012800,2026-03-13T02:46:22Z
GE,2006-05-22,104.36,105.25,104.21,104.3,8752098,34.07,34.36,34.02,34.05,26809600,2026-03-13T02:46:22Z
GE,2006-05-23,104.18,104.82,103.87,104.46,7212867,34.01,34.22,33.91,34.1,22094600,2026-03-13T02:46:22Z
GE,2006-05-24,104.95,105.31,103.23,103.41,9514921,34.26,34.38,33.7,33.76,29146300,2026-03-13T02:46:22Z
GE,2006-05-25,105.44,105.47,104.21,105.22,6575005,34.42,34.43,34.02,34.35,20140700,2026-03-13T02:46:22Z
GE,2006-05-26,105.16,105.77,104.46,105.59,6917586,34.33,34.53,34.1,34.47,21190100,2026-03-13T02:46:22Z
GE,2006-05-30,104.3,105.28,104.18,105.19,7233039,34.05,34.37,34.01,34.34,22156400,2026-03-13T02:46:22Z
GE,2006-05-31,104.95,104.95,104.06,104.61,9883976,34.26,34.26,33.97,34.15,30276800,2026-03-13T02:46:22Z
GE,2006-06-01,105.83,106.05,104.82,105.07,6406784,34.55,34.62,34.22,34.3,19625400,2026-03-13T02:46:22Z
GE,2006-06-02,106.17,106.63,105.62,106.11,6909885,34.66,34.81,34.48,34.64,21166500,2026-03-13T02:46:22Z
GE,2006-06-05,104.82,106.05,104.7,105.83,5969142,34.22,34.62,34.18,34.55,18284800,2026-03-13T02:46:22Z
GE,2006-06-06,105.83,105.93,104.79,105.38,9425175,34.55,34.58,34.21,34.4,28871400,2026-03-13T02:46:22Z
GE,2006-06-07,105.37,106.97,105.38,105.83,9116876,34.4,34.92,34.4,34.55,27927000,2026-03-13T02:46:22Z
GE,2006-06-08,105.9,105.99,103.97,105.16,12181300,34.57,34.6,33.94,34.33,37314000,2026-03-13T02:46:22Z
GE,2006-06-09,104.36,105.99,103.9,105.74,8388004,34.07,34.6,33.92,34.52,25694300,2026-03-13T02:46:22Z
GE,2006-06-12,103.75,104.98,103.72,104.67,5957943,33.87,34.27,33.86,34.17,18250500,2026-03-13T02:46:22Z
GE,2006-06-13,103.32,104.79,103.26,103.32,10361974,33.73,34.21,33.71,33.73,31741000,2026-03-13T02:46:22Z
GE,2006-06-14,103.84,104.12,103.11,103.23,7861135,33.9,33.99,33.66,33.7,24080400,2026-03-13T02:46:22Z
GE,2006-06-15,104.49,104.89,102.92,104.09,10326424,34.11,34.24,33.6,33.98,31632100,2026-03-13T02:46:22Z
GE,2006-06-16,103.94,104.18,103.08,103.72,11051477,33.93,34.01,33.65,33.86,33853100,2026-03-13T02:46:22Z
GE,2006-06-19,103.29,104,103.05,104,6679767,33.72,33.95,33.64,33.95,20461600,2026-03-13T02:46:22Z
GE,2006-06-20,103.23,103.6,102.74,103.29,9008431,33.7,33.82,33.54,33.72,27594800,2026-03-13T02:46:22Z
GE,2006-06-21,103.14,103.81,102.43,103.63,10110112,33.67,33.89,33.44,33.83,30969500,2026-03-13T02:46:22Z
GE,2006-06-22,102.58,103.26,102.28,102.68,8353333,33.24,33.46,33.14,33.27,25779500,2026-03-13T02:46:22Z
GE,2006-06-23,102.34,102.98,102.18,102.4,6643588,33.16,33.37,33.11,33.18,20503000,2026-03-13T02:46:22Z
GE,2006-06-26,102.49,102.68,101.6,102.4,6287542,33.21,33.27,32.92,33.18,19404200,2026-03-13T02:46:22Z
GE,2006-06-27,101.47,102.68,101.47,102,7634306,32.88,33.27,32.88,33.05,23560500,2026-03-13T02:46:22Z
GE,2006-06-28,101.63,101.97,101.16,101.63,6585845,32.93,33.04,32.78,32.93,20324800,2026-03-13T02:46:22Z
GE,2006-06-29,102.68,102.71,101.47,101.78,9205885,33.27,33.28,32.88,32.98,28410600,2026-03-13T02:46:22Z
GE,2006-06-30,101.72,102.98,101.66,102.86,12600354,32.96,33.37,32.94,33.33,38886400,2026-03-13T02:46:22Z
GE,2006-07-03,102.86,102.98,102.12,102.15,3877630,33.33,33.37,33.09,33.1,11966900,2026-03-13T02:46:22Z
GE,2006-07-05,102.8,103.17,102.31,102.55,8310139,33.31,33.43,33.15,33.23,25646200,2026-03-13T02:46:22Z
GE,2006-07-06,103.39,103.76,102.77,102.8,6489868,33.5,33.62,33.3,33.31,20028600,2026-03-13T02:46:22Z
GE,2006-07-07,102.77,103.42,102.49,102.92,6584610,33.3,33.51,33.21,33.35,20321000,2026-03-13T02:46:22Z
GE,2006-07-10,103.23,103.26,102.15,102.77,5131044,33.45,33.46,33.1,33.3,15835100,2026-03-13T02:46:22Z
GE,2006-07-11,102.64,103.02,101.81,102.98,7253471,33.26,33.38,32.99,33.37,22385200,2026-03-13T02:46:22Z
GE,2006-07-12,102.03,102.52,101.84,102.49,6977498,33.06,33.22,33,33.21,21533500,2026-03-13T02:46:22Z
GE,2006-07-13,100.82,102.03,100.49,101.87,10187629,32.67,33.06,32.56,33.01,31440400,2026-03-13T02:46:22Z
GE,2006-07-14,99.1,99.9,98.94,99.65,15953355,32.11,32.37,32.06,32.29,49234200,2026-03-13T02:46:22Z
GE,2006-07-17,99.87,100.08,99,99,7636804,32.36,32.43,32.08,32.08,23568200,2026-03-13T02:46:22Z
GE,2006-07-18,100.18,100.27,99.53,99.87,8509053,32.46,32.49,32.25,32.36,26260100,2026-03-13T02:46:22Z
GE,2006-07-19,101.47,101.97,100.27,100.55,8260785,32.88,33.04,32.49,32.58,25493900,2026-03-13T02:46:22Z
GE,2006-07-20,100.24,101.66,100.24,101.38,6669731,32.48,32.94,32.48,32.85,20583700,2026-03-13T02:46:22Z
GE,2006-07-21,99.53,100.64,99.37,100.64,9524595,32.25,32.61,32.2,32.61,29394200,2026-03-13T02:46:22Z
GE,2006-07-24,100.67,101.1,99.65,100.24,7408362,32.62,32.76,32.29,32.48,22863200,2026-03-13T02:46:22Z
GE,2006-07-25,100.92,101.26,100.15,101.23,7166667,32.7,32.81,32.45,32.8,22117300,2026-03-13T02:46:22Z
GE,2006-07-26,100.85,101.13,100.24,101.04,6901513,32.68,32.77,32.48,32.74,21299000,2026-03-13T02:46:22Z
GE,2006-07-27,100.76,101.47,100.42,101.07,7008862,32.65,32.88,32.54,32.75,21630300,2026-03-13T02:46:22Z
GE,2006-07-28,101.9,102.55,101.04,101.23,6784829,33.02,33.23,32.74,32.8,20938900,2026-03-13T02:46:22Z
GE,2006-07-31,100.89,101.57,100.86,101.23,7402363,32.69,32.91,32.68,32.8,22844700,2026-03-13T02:46:22Z
GE,2006-08-01,100.48,101.23,100.24,100.76,5408867,32.56,32.8,32.48,32.65,16692500,2026-03-13T02:46:22Z
GE,2006-08-02,100.61,101.26,100.05,100.45,5392668,32.6,32.81,32.42,32.55,16642500,2026-03-13T02:46:22Z
GE,2006-08-03,101.01,101.47,100.08,100.45,6276619,32.73,32.88,32.43,32.55,19370500,2026-03-13T02:46:22Z
GE,2006-08-04,101.23,101.81,100.61,101.57,5186457,32.8,32.99,32.6,32.91,16006100,2026-03-13T02:46:22Z
GE,2006-08-07,100.89,101.32,100.33,100.86,5084900,32.69,32.83,32.51,32.68,15692700,2026-03-13T02:46:22Z
GE,2006-08-08,99.81,101.23,99.37,101.23,7695129,32.34,32.8,32.2,32.8,23748200,2026-03-13T02:46:22Z
GE,2006-08-09,99.62,100.98,99.5,100.24,5902854,32.28,32.72,32.24,32.48,18217000,2026-03-13T02:46:22Z
GE,2006-08-10,100.82,101.16,99.5,99.84,7742208,32.67,32.78,32.24,32.35,23893500,2026-03-13T02:46:22Z
GE,2006-08-11,100.3,101.16,100.05,100.67,4972983,32.5,32.78,32.42,32.62,15347300,2026-03-13T02:46:22Z
GE,2006-08-14,101.29,104.81,100.7,100.95,8084478,32.82,33.96,32.63,32.71,24949800,2026-03-13T02:46:22Z
GE,2006-08-15,102.46,102.71,101.97,102.43,6574661,33.2,33.28,33.04,33.19,20290300,2026-03-13T02:46:22Z
GE,2006-08-16,104.03,104.44,102.83,102.98,7738160,33.71,33.84,33.32,33.37,23881000,2026-03-13T02:46:22Z
GE,2006-08-17,104.68,104.93,103.85,104,5690805,33.92,34,33.65,33.7,17562600,2026-03-13T02:46:22Z
GE,2006-08-18,104.93,104.93,104.03,104.03,5544927,34,34,33.71,33.71,17112400,2026-03-13T02:46:22Z
GE,2006-08-21,104.81,105.24,104.22,104.93,4145056,33.96,34.1,33.77,34,12792200,2026-03-13T02:46:22Z
GE,2006-08-22,104.81,105.52,103.94,104.62,5141093,33.96,34.19,33.68,33.9,15866100,2026-03-13T02:46:22Z
GE,2006-08-23,104.28,104.53,103.69,104.16,5887459,33.79,33.87,33.6,33.75,18169500,2026-03-13T02:46:22Z
GE,2006-08-24,104.47,104.96,104.16,104.74,4715314,33.85,34.01,33.75,33.94,14552100,2026-03-13T02:46:22Z
GE,2006-08-25,104.43,104.68,104.03,104.06,3777735,33.84,33.92,33.71,33.72,11658600,2026-03-13T02:46:22Z
GE,2006-08-28,104.71,104.93,104,104,4315268,33.93,34,33.7,33.7,13317500,2026-03-13T02:46:22Z
GE,2006-08-29,105.52,105.67,104.62,104.62,5963345,34.19,34.24,33.9,33.9,18403700,2026-03-13T02:46:22Z
GE,2006-08-30,105.76,106.29,105.52,105.55,4661427,34.27,34.44,34.19,34.2,14385800,2026-03-13T02:46:22Z
GE,2006-08-31,105.11,105.92,104.96,105.82,5980455,34.06,34.32,34.01,34.29,18456500,2026-03-13T02:46:22Z
GE,2006-09-01,105.36,105.76,104.99,105.48,6380182,34.14,34.27,34.02,34.18,19690100,2026-03-13T02:46:22Z
GE,2006-09-05,104.84,105.33,104.68,105.18,5868311,33.97,34.13,33.92,34.08,18110400,2026-03-13T02:46:22Z
GE,2006-09-06,104.77,105.08,104.47,104.53,6044355,33.95,34.05,33.85,33.87,18653700,2026-03-13T02:46:22Z
GE,2006-09-07,105.05,105.39,104.4,104.47,9640501,34.04,34.15,33.83,33.85,29751900,2026-03-13T02:46:22Z
GE,2006-09-08,104.96,105.08,104.56,104.62,4647335,34.01,34.05,33.88,33.9,14342300,2026-03-13T02:46:22Z
GE,2006-09-11,106.26,106.26,104.19,104.47,6970273,34.43,34.43,33.76,33.85,21511200,2026-03-13T02:46:22Z
GE,2006-09-12,107,107.18,106.1,106.26,7287431,34.67,34.73,34.38,34.43,22490000,2026-03-13T02:46:22Z
GE,2006-09-13,107.52,107.52,106.44,107.09,8719386,34.84,34.84,34.49,34.7,26909200,2026-03-13T02:46:22Z
GE,2006-09-14,107.34,107.58,106.47,106.63,6639564,34.78,34.86,34.5,34.55,20490600,2026-03-13T02:46:22Z
GE,2006-09-15,107.55,108.02,107.15,107.71,10817215,34.85,35,34.72,34.9,33383400,2026-03-13T02:46:22Z
GE,2006-09-18,107.61,107.89,106.81,106.94,7422392,34.87,34.96,34.61,34.65,22906500,2026-03-13T02:46:22Z
GE,2006-09-19,107.55,107.58,106.78,107.55,6056440,34.85,34.86,34.6,34.85,18691000,2026-03-13T02:46:22Z
GE,2006-09-20,108.08,108.23,106.94,107.61,7992654,35.02,35.07,34.65,34.87,24666400,2026-03-13T02:46:22Z
GE,2006-09-21,107.05,108.48,106.46,108.48,8501814,34.44,34.9,34.25,34.9,26426400,2026-03-13T02:46:22Z
GE,2006-09-22,106.93,107.24,106.52,106.8,5641462,34.4,34.5,34.27,34.36,17535500,2026-03-13T02:46:22Z
GE,2006-09-25,108.45,108.61,106.71,106.71,7228270,34.89,34.94,34.33,34.33,22467800,2026-03-13T02:46:22Z
GE,2006-09-26,110.16,110.72,108.45,108.48,11542653,35.44,35.62,34.89,34.9,35878300,2026-03-13T02:46:22Z
GE,2006-09-27,109.85,110.81,109.32,109.82,8532924,35.34,35.65,35.17,35.33,26523100,2026-03-13T02:46:22Z
GE,2006-09-28,110.28,110.69,109.48,110.04,6294710,35.48,35.61,35.22,35.4,19566000,2026-03-13T02:46:22Z
GE,2006-09-29,109.72,110.38,109.41,110.1,6577497,35.3,35.51,35.2,35.42,20445000,2026-03-13T02:46:22Z
GE,2006-10-02,110.35,111,109.66,110.04,6694990,35.5,35.71,35.28,35.4,20810200,2026-03-13T02:46:22Z
GE,2006-10-03,111,111.53,110.22,110.38,10650140,35.71,35.88,35.46,35.51,33104100,2026-03-13T02:46:22Z
GE,2006-10-04,112.21,112.27,110.53,110.87,10221614,36.1,36.12,35.56,35.67,31772100,2026-03-13T02:46:22Z
GE,2006-10-05,112.8,113.39,111.71,111.93,8058488,36.29,36.48,35.94,36.01,25048400,2026-03-13T02:46:22Z
GE,2006-10-06,112.33,112.83,111.53,112.15,6056057,36.14,36.3,35.88,36.08,18824200,2026-03-13T02:46:22Z
GE,2006-10-09,112.4,112.65,111.47,112.34,5909228,36.16,36.24,35.86,36.14,18367800,2026-03-13T02:46:22Z
GE,2006-10-10,112.83,113.02,112.09,112.21,7546603,36.3,36.36,36.06,36.1,23457300,2026-03-13T02:46:22Z
GE,2006-10-11,112.43,113.14,111.99,112.52,6264176,36.17,36.4,36.03,36.2,19471100,2026-03-13T02:46:22Z
GE,2006-10-12,112.58,112.89,112.21,112.68,7525889,36.22,36.32,36.1,36.25,23392900,2026-03-13T02:46:22Z
GE,2006-10-13,111.84,112.24,110.25,111.68,13698472,35.98,36.11,35.47,35.93,42579300,2026-03-13T02:46:22Z
GE,2006-10-16,110.53,111.06,109.85,111.06,10223871,35.56,35.73,35.34,35.73,31779100,2026-03-13T02:46:22Z
GE,2006-10-17,110.53,110.66,109.54,109.88,8019403,35.56,35.6,35.24,35.35,24926900,2026-03-13T02:46:22Z
GE,2006-10-18,110.53,111.4,110.22,111.34,8856639,35.56,35.84,35.46,35.82,27529300,2026-03-13T02:46:22Z
GE,2006-10-19,109.66,110.31,109.23,110.04,8431228,35.28,35.49,35.14,35.4,26207000,2026-03-13T02:46:22Z
GE,2006-10-20,110.25,110.59,109.6,110.04,8784956,35.47,35.58,35.26,35.4,27306500,2026-03-13T02:46:22Z
GE,2006-10-23,110.44,110.94,109.63,109.66,8392819,35.53,35.69,35.27,35.28,26087600,2026-03-13T02:46:22Z
GE,2006-10-24,110.1,110.59,109.85,110.19,7029091,35.42,35.58,35.34,35.45,21848700,2026-03-13T02:46:22Z
GE,2006-10-25,110.69,110.81,109.88,110.5,7110551,35.61,35.65,35.35,35.55,22101900,2026-03-13T02:46:22Z
GE,2006-10-26,110.63,111.25,110.1,111.12,6429893,35.59,35.79,35.42,35.75,19986200,2026-03-13T02:46:22Z
GE,2006-10-27,109.44,110.35,109.32,110.22,9542570,35.21,35.5,35.17,35.46,29661400,2026-03-13T02:46:22Z
GE,2006-10-30,109.41,110.07,109.13,109.48,5303244,35.2,35.41,35.11,35.22,16484200,2026-03-13T02:46:22Z
GE,2006-10-31,109.13,109.88,108.54,109.66,8566671,35.11,35.35,34.92,35.28,26628000,2026-03-13T02:46:22Z
GE,2006-11-01,108.48,109.41,108.33,109.41,7802243,34.9,35.2,34.85,35.2,24251900,2026-03-13T02:46:22Z
GE,2006-11-02,107.89,108.51,107.61,108.42,7531808,34.71,34.91,34.62,34.88,23411300,2026-03-13T02:46:22Z
GE,2006-11-03,108.08,108.79,107.83,108.11,6137681,34.77,35,34.69,34.78,19077900,2026-03-13T02:46:22Z
GE,2006-11-06,109.63,110.07,108.48,108.85,8629438,35.27,35.41,34.9,35.02,26823100,2026-03-13T02:46:22Z
GE,2006-11-07,110.47,110.81,109.63,109.88,7853360,35.54,35.65,35.27,35.35,24410800,2026-03-13T02:46:22Z
GE,2006-11-08,110.59,111.12,110.04,110.19,5756025,35.58,35.75,35.4,35.45,17891600,2026-03-13T02:46:22Z
GE,2006-11-09,109.69,110.84,109.57,110.38,6023051,35.29,35.66,35.25,35.51,18721600,2026-03-13T02:46:22Z
GE,2006-11-10,109.32,109.76,109.16,109.72,5787138,35.17,35.31,35.12,35.3,17988300,2026-03-13T02:46:22Z
GE,2006-11-13,109.91,110.84,109.66,109.66,6701554,35.36,35.66,35.28,35.28,20830600,2026-03-13T02:46:22Z
GE,2006-11-14,110.63,111.12,109.35,110.22,9174425,35.59,35.75,35.18,35.46,28517100,2026-03-13T02:46:22Z
GE,2006-11-15,111.25,111.65,110.31,110.38,7647949,35.79,35.92,35.49,35.51,23772300,2026-03-13T02:46:22Z
GE,2006-11-16,111.78,112.3,111.5,111.5,7367217,35.96,36.13,35.87,35.87,22899700,2026-03-13T02:46:22Z
GE,2006-11-17,112.68,112.74,111.22,111.43,9831307,36.25,36.27,35.78,35.85,30558900,2026-03-13T02:46:22Z
GE,2006-11-20,111.84,112.77,111.68,112.43,6451609,35.98,36.28,35.93,36.17,20053700,2026-03-13T02:46:22Z
GE,2006-11-21,111.28,111.9,111.03,111.84,8079853,35.8,36,35.72,35.98,25114800,2026-03-13T02:46:22Z
GE,2006-11-22,111.87,112.18,111.03,111.28,6043449,35.99,36.09,35.72,35.8,18785000,2026-03-13T02:46:22Z
GE,2006-11-24,110.94,111.53,110.94,111.43,2336209,35.69,35.88,35.69,35.85,7261700,2026-03-13T02:46:22Z
GE,2006-11-27,110.19,111.12,109.66,110.56,7918510,35.45,35.75,35.28,35.57,24613300,2026-03-13T02:46:22Z
GE,2006-11-28,109.41,109.91,108.95,109.72,8037709,35.2,35.36,35.05,35.3,24983800,2026-03-13T02:46:22Z
GE,2006-11-29,109.88,110.16,109.38,109.57,5841022,35.35,35.44,35.19,35.25,18155800,2026-03-13T02:46:22Z
GE,2006-11-30,109.66,110.35,109.29,110.07,7609789,35.28,35.5,35.16,35.41,23653700,2026-03-13T02:46:22Z
GE,2006-12-01,109.66,110.04,108.67,109.97,7719237,35.28,35.4,34.96,35.38,23993900,2026-03-13T02:46:22Z
GE,2006-12-04,110,110.35,109.63,110.13,6060723,35.39,35.5,35.27,35.43,18838700,2026-03-13T02:46:22Z
GE,2006-12-05,109.63,110.35,109.2,110.07,9730095,35.27,35.5,35.13,35.41,30244300,2026-03-13T02:46:22Z
GE,2006-12-06,109.13,110.19,109.01,109.88,12970844,35.11,35.45,35.07,35.35,40317600,2026-03-13T02:46:22Z
GE,2006-12-07,109.29,110,109.07,109.29,8239452,35.16,35.39,35.09,35.16,25610900,2026-03-13T02:46:22Z
GE,2006-12-08,109.63,109.91,108.79,109.26,7194164,35.27,35.36,35,35.15,22361800,2026-03-13T02:46:22Z
GE,2006-12-11,109.48,110.41,108.95,109.54,9678462,35.22,35.52,35.05,35.24,30083800,2026-03-13T02:46:22Z
GE,2006-12-12,110.78,111.65,109.01,109.44,16018734,35.64,35.92,35.07,35.21,49791400,2026-03-13T02:46:22Z
GE,2006-12-13,110.35,111.65,110.04,111.43,14534616,35.5,35.92,35.4,35.85,45178300,2026-03-13T02:46:22Z
GE,2006-12-14,112.55,112.93,109.91,110.31,13908233,36.21,36.33,35.36,35.49,43231300,2026-03-13T02:46:22Z
GE,2006-12-15,116.13,116.59,112.55,112.77,28434751,37.36,37.51,36.21,36.28,88384400,2026-03-13T02:46:22Z
GE,2006-12-18,118.12,118.52,116.28,116.41,16104274,38,38.13,37.41,37.45,50057300,2026-03-13T02:46:22Z
GE,2006-12-19,118.15,118.33,117.34,117.34,10093765,38.01,38.07,37.75,37.75,31374700,2026-03-13T02:46:22Z
GE,2006-12-20,118.58,119.64,118.15,118.52,11877143,38.15,38.49,38.01,38.13,36918000,2026-03-13T02:46:22Z
GE,2006-12-21,118.27,119.18,117.83,119.15,8070211,37.77,38.06,37.63,38.05,25270300,2026-03-13T02:46:22Z
GE,2006-12-22,117.64,118.68,117.46,118.65,4975205,37.57,37.9,37.51,37.89,15578900,2026-03-13T02:46:22Z
GE,2006-12-26,118.08,118.18,117.21,117.74,3831435,37.71,37.74,37.43,37.6,11997400,2026-03-13T02:46:22Z
GE,2006-12-27,118.33,119.08,117.64,118.33,5115369,37.79,38.03,37.57,37.79,16017800,2026-03-13T02:46:22Z
GE,2006-12-28,117.36,118.24,117.27,118.24,5385610,37.48,37.76,37.45,37.76,16864000,2026-03-13T02:46:22Z
GE,2006-12-29,116.52,117.49,116.36,117.36,8070783,37.21,37.52,37.16,37.48,25272100,2026-03-13T02:46:22Z
GE,2007-01-03,118.9,119.46,117.05,117.14,13804144,37.97,38.15,37.38,37.41,43225000,2026-03-13T02:46:22Z
GE,2007-01-04,118.21,118.99,117.27,118.9,9997489,37.75,38,37.45,37.97,31305200,2026-03-13T02:46:22Z
GE,2007-01-05,117.61,118.24,116.83,117.64,8631281,37.56,37.76,37.31,37.57,27027200,2026-03-13T02:46:22Z
GE,2007-01-08,117.58,117.96,116.64,117.27,7573902,37.55,37.67,37.25,37.45,23716200,2026-03-13T02:46:22Z
GE,2007-01-09,117.58,118.96,116.99,118.3,7858128,37.55,37.99,37.36,37.78,24606200,2026-03-13T02:46:22Z
GE,2007-01-10,117.61,117.77,116.92,117.05,7663475,37.56,37.61,37.34,37.38,23996700,2026-03-13T02:46:22Z
GE,2007-01-11,118.74,118.86,117.17,117.42,9846626,37.92,37.96,37.42,37.5,30832800,2026-03-13T02:46:22Z
GE,2007-01-12,118.65,118.99,117.96,118.49,8285327,37.89,38,37.67,37.84,25943900,2026-03-13T02:46:22Z
GE,2007-01-16,119.33,119.77,118.77,118.99,9937767,38.11,38.25,37.93,38,31118200,2026-03-13T02:46:22Z
GE,2007-01-17,118.93,119.87,118.52,119.55,9728463,37.98,38.28,37.85,38.18,30462800,2026-03-13T02:46:22Z
GE,2007-01-18,118.99,119.52,116.67,119.02,13290782,38,38.17,37.26,38.01,41617500,2026-03-13T02:46:22Z
GE,2007-01-19,115.7,117.42,115.39,116.33,20090076,36.95,37.5,36.85,37.15,62908200,2026-03-13T02:46:22Z
GE,2007-01-22,115.08,116.89,114.58,116.27,13216433,36.75,37.33,36.59,37.13,41384700,2026-03-13T02:46:22Z
GE,2007-01-23,114.45,115.04,113.92,114.86,11220811,36.55,36.74,36.38,36.68,35135800,2026-03-13T02:46:22Z
GE,2007-01-24,114.73,115.08,114.36,114.92,6852886,36.64,36.75,36.52,36.7,21458500,2026-03-13T02:46:22Z
GE,2007-01-25,113.79,114.92,113.54,114.76,8250135,36.34,36.7,36.26,36.65,25833700,2026-03-13T02:46:22Z
GE,2007-01-26,112.95,114.45,112.76,114.14,8278876,36.07,36.55,36.01,36.45,25923700,2026-03-13T02:46:22Z
GE,2007-01-29,113.32,113.82,112.82,112.95,7968587,36.19,36.35,36.03,36.07,24952100,2026-03-13T02:46:22Z
GE,2007-01-30,112.82,113.79,111.98,113.35,13780507,36.03,36.34,35.76,36.2,43151000,2026-03-13T02:46:22Z
GE,2007-01-31,112.88,113.42,112.2,112.73,11549268,36.05,36.22,35.83,36,36164300,2026-03-13T02:46:22Z
GE,2007-02-01,113.45,113.48,111.98,113.29,12093860,36.23,36.24,35.76,36.18,37869600,2026-03-13T02:46:22Z
GE,2007-02-02,113.57,113.98,113.1,113.54,8019557,36.27,36.4,36.12,36.26,25111700,2026-03-13T02:46:22Z
GE,2007-02-05,113.89,114.23,113.35,113.57,8367946,36.37,36.48,36.2,36.27,26202600,2026-03-13T02:46:22Z
GE,2007-02-06,113.7,114.11,113.45,113.98,7258951,36.31,36.44,36.23,36.4,22730000,2026-03-13T02:46:22Z
GE,2007-02-07,113.04,113.82,112.92,113.73,6825172,36.1,36.35,36.06,36.32,21371700,2026-03-13T02:46:22Z
GE,2007-02-08,111.91,112.92,111.48,112.92,10755955,35.74,36.06,35.6,36.06,33680200,2026-03-13T02:46:22Z
GE,2007-02-09,111.26,112.23,111.1,111.82,9519635,35.53,35.84,35.48,35.71,29808900,2026-03-13T02:46:22Z
GE,2007-02-12,111.6,112.35,111.32,111.32,6071555,35.64,35.88,35.55,35.55,19011900,2026-03-13T02:46:22Z
GE,2007-02-13,112.01,114.58,111.6,111.6,7333836,35.77,36.59,35.64,35.64,22964500,2026-03-13T02:46:22Z
GE,2007-02-14,114.2,114.29,112.07,112.51,10189800,36.47,36.5,35.79,35.93,31907400,2026-03-13T02:46:22Z
GE,2007-02-15,113.17,114.2,112.92,113.85,9139638,36.14,36.47,36.06,36.36,28619000,2026-03-13T02:46:22Z
GE,2007-02-16,112.32,113.04,112.32,112.95,9916662,35.87,36.1,35.87,36.07,31052100,2026-03-13T02:46:22Z
GE,2007-02-20,113.07,113.13,111.94,112.29,7519417,36.11,36.13,35.75,35.86,23545600,2026-03-13T02:46:22Z
GE,2007-02-21,112.45,113.04,112.16,112.7,11072763,35.91,36.1,35.82,35.99,34672200,2026-03-13T02:46:22Z
GE,2007-02-22,111.72,113.23,111.44,113.05,11934736,35.4,35.88,35.31,35.82,37665000,2026-03-13T02:46:22Z
GE,2007-02-23,110.77,111.56,110.74,111.5,12089650,35.1,35.35,35.09,35.33,38153900,2026-03-13T02:46:22Z
GE,2007-02-26,111.5,111.66,110.93,111.28,9161653,35.33,35.38,35.15,35.26,28913400,2026-03-13T02:46:22Z
GE,2007-02-27,109.38,112.64,108.88,111.4,19917143,34.66,35.69,34.5,35.3,62856800,2026-03-13T02:46:22Z
GE,2007-02-28,110.17,110.71,109.35,109.83,16071882,34.91,35.08,34.65,34.8,50721500,2026-03-13T02:46:22Z
GE,2007-03-01,110.46,111.15,108.31,109.23,16281971,35,35.22,34.32,34.61,51384500,2026-03-13T02:46:22Z
GE,2007-03-02,110.05,110.93,109.51,110.24,14316904,34.87,35.15,34.7,34.93,45182900,2026-03-13T02:46:22Z
GE,2007-03-05,109.04,110.36,108.94,109.64,10416509,34.55,34.97,34.52,34.74,32873600,2026-03-13T02:46:22Z
GE,2007-03-06,109.57,109.95,108.94,109.61,10772756,34.72,34.84,34.52,34.73,33997900,2026-03-13T02:46:22Z
GE,2007-03-07,108.34,109.67,108.31,109.64,12356075,34.33,34.75,34.32,34.74,38994700,2026-03-13T02:46:22Z
GE,2007-03-08,108.72,109.32,108.41,109.2,9228708,34.45,34.64,34.35,34.6,29125000,2026-03-13T02:46:22Z
GE,2007-03-09,108.31,109.32,108,109.1,10846204,34.32,34.64,34.22,34.57,34229700,2026-03-13T02:46:22Z
GE,2007-03-12,108.69,109.29,107.33,108.19,9571424,34.44,34.63,34.01,34.28,30206600,2026-03-13T02:46:22Z
GE,2007-03-13,107.59,108.5,107.33,108.15,12325463,34.09,34.38,34.01,34.27,38898100,2026-03-13T02:46:22Z
GE,2007-03-14,108.28,108.56,106.99,107.59,12854597,34.31,34.4,33.9,34.09,40568000,2026-03-13T02:46:22Z
GE,2007-03-15,108.94,109.45,107.65,107.93,11351606,34.52,34.68,34.11,34.2,35824700,2026-03-13T02:46:22Z
GE,2007-03-16,108.44,109.95,108.09,109.2,14201526,34.36,34.84,34.25,34.6,44818800,2026-03-13T02:46:22Z
GE,2007-03-19,109.42,109.42,108.66,108.88,8406916,34.67,34.67,34.43,34.5,26531500,2026-03-13T02:46:22Z
GE,2007-03-20,109.73,109.98,108.88,109.29,8955981,34.77,34.85,34.5,34.63,28264300,2026-03-13T02:46:22Z
GE,2007-03-21,111.97,112.67,109.61,109.67,15981427,35.48,35.7,34.73,34.75,50436000,2026-03-13T02:46:22Z
GE,2007-03-22,113.01,113.11,111.72,111.85,11312822,35.81,35.84,35.4,35.44,35702300,2026-03-13T02:46:22Z
GE,2007-03-23,113.04,113.33,112.35,112.95,10603714,35.82,35.91,35.6,35.79,33464400,2026-03-13T02:46:22Z
GE,2007-03-26,113.61,113.61,111.85,113.14,9403078,36,36,35.44,35.85,29675300,2026-03-13T02:46:22Z
GE,2007-03-27,112.95,113.3,112.54,112.98,9404055,35.79,35.9,35.66,35.8,29678400,2026-03-13T02:46:22Z
GE,2007-03-28,112.19,112.76,111.4,112.67,13125003,35.55,35.73,35.3,35.7,41421400,2026-03-13T02:46:22Z
GE,2007-03-29,112.19,112.76,111.53,112.35,8704859,35.55,35.73,35.34,35.6,27471800,2026-03-13T02:46:22Z
GE,2007-03-30,111.59,112.29,110.46,112.22,10827324,35.36,35.58,35,35.56,34170100,2026-03-13T02:46:22Z
GE,2007-04-02,111.37,112.13,110.8,111.59,7445103,35.29,35.53,35.11,35.36,23496100,2026-03-13T02:46:22Z
GE,2007-04-03,111.47,112.35,110.99,111.81,10281872,35.32,35.6,35.17,35.43,32448700,2026-03-13T02:46:22Z
GE,2007-04-04,110.8,111.66,110.68,111.63,10995097,35.11,35.38,35.07,35.37,34699600,2026-03-13T02:46:22Z
GE,2007-04-05,110.52,111.06,110.27,110.87,8436605,35.02,35.19,34.94,35.13,26625200,2026-03-13T02:46:22Z
GE,2007-04-09,109.76,110.93,109.67,110.77,8383591,34.78,35.15,34.75,35.1,26457900,2026-03-13T02:46:22Z
GE,2007-04-10,110.08,110.43,109.67,109.83,9278293,34.88,34.99,34.75,34.8,29281500,2026-03-13T02:46:22Z
GE,2007-04-11,110.3,111.09,110.02,110.46,9667592,34.95,35.2,34.86,35,30510100,2026-03-13T02:46:22Z
GE,2007-04-12,111.03,111.21,110.02,110.96,9758632,35.18,35.24,34.86,35.16,30797400,2026-03-13T02:46:22Z
GE,2007-04-13,111.66,112.35,111.25,112.35,11294259,35.38,35.6,35.25,35.6,35643700,2026-03-13T02:46:22Z
GE,2007-04-16,111.59,112.35,111.09,112.04,10712554,35.36,35.6,35.2,35.5,33807900,2026-03-13T02:46:22Z
GE,2007-04-17,111.09,111.63,110.65,111.63,12161355,35.2,35.37,35.06,35.37,38380200,2026-03-13T02:46:22Z
GE,2007-04-18,110.87,111.25,110.14,110.96,12038093,35.13,35.25,34.9,35.16,37991200,2026-03-13T02:46:22Z
GE,2007-04-19,110.46,111.66,110.14,110.62,12816729,35,35.38,34.9,35.05,40448500,2026-03-13T02:46:22Z
GE,2007-04-20,110.87,111.21,110.24,111.18,18498405,35.13,35.24,34.93,35.23,58379400,2026-03-13T02:46:22Z
GE,2007-04-23,109.83,110.93,109.76,110.87,11140005,34.8,35.15,34.78,35.13,35156900,2026-03-13T02:46:22Z
GE,2007-04-24,109.7,110.27,109.04,109.83,11869934,34.76,34.94,34.55,34.8,37460500,2026-03-13T02:46:22Z
GE,2007-04-25,111.75,111.88,110.17,110.39,14268476,35.41,35.45,34.91,34.98,45030100,2026-03-13T02:46:22Z
GE,2007-04-26,113.11,113.14,111.91,111.91,14628161,35.84,35.85,35.46,35.46,46165200,2026-03-13T02:46:22Z
GE,2007-04-27,116.26,117.46,113.68,113.93,29062000,36.84,37.22,36.02,36.1,91717200,2026-03-13T02:46:22Z
GE,2007-04-30,116.33,117.53,115.54,116.45,15906196,36.86,37.24,36.61,36.9,50198600,2026-03-13T02:46:22Z
GE,2007-05-01,117.08,117.34,115.89,116.2,13930228,37.1,37.18,36.72,36.82,43962600,2026-03-13T02:46:22Z
GE,2007-05-02,117.75,118.54,117.15,117.15,12969181,37.31,37.56,37.12,37.12,40929600,2026-03-13T02:46:22Z
GE,2007-05-03,117.84,118.09,117.18,117.84,8936079,37.34,37.42,37.13,37.34,28201500,2026-03-13T02:46:22Z
GE,2007-05-04,117.24,118.16,116.96,118.16,9519463,37.15,37.44,37.06,37.44,30042600,2026-03-13T02:46:22Z
GE,2007-05-07,117.53,118.13,117.24,117.5,6583891,37.24,37.43,37.15,37.23,20778200,2026-03-13T02:46:22Z
GE,2007-05-08,117.02,117.37,116.61,117.05,8443638,37.08,37.19,36.95,37.09,26647400,2026-03-13T02:46:22Z
GE,2007-05-09,117.59,117.81,116.33,116.52,9324460,37.26,37.33,36.86,36.92,29427200,2026-03-13T02:46:22Z
GE,2007-05-10,116.07,117.08,115.82,117.08,8664905,36.78,37.1,36.7,37.1,27345700,2026-03-13T02:46:22Z
GE,2007-05-11,116.67,116.9,116.14,116.14,6543651,36.97,37.04,36.8,36.8,20651200,2026-03-13T02:46:22Z
GE,2007-05-14,115.51,116.77,115.19,116.77,8782619,36.6,37,36.5,37,27717200,2026-03-13T02:46:22Z
GE,2007-05-15,115.63,117.4,115.54,115.73,8788577,36.64,37.2,36.61,36.67,27736000,2026-03-13T02:46:22Z
GE,2007-05-16,116.23,116.42,115.25,115.89,8319937,36.83,36.89,36.52,36.72,26257000,2026-03-13T02:46:22Z
GE,2007-05-17,115.29,116.23,115.03,115.98,7723532,36.53,36.83,36.45,36.75,24374800,2026-03-13T02:46:22Z
GE,2007-05-18,116.64,117.62,115.82,116.14,13146712,36.96,37.27,36.7,36.8,41489900,2026-03-13T02:46:22Z
GE,2007-05-21,117.08,118.19,116.77,117.75,12911694,37.1,37.45,37,37.31,40748200,2026-03-13T02:46:22Z
GE,2007-05-22,117.84,118.54,117.12,117.46,10000336,37.34,37.56,37.11,37.22,31560200,2026-03-13T02:46:22Z
GE,2007-05-23,118.66,119.29,117.84,118.35,10862400,37.6,37.8,37.34,37.5,34280800,2026-03-13T02:46:22Z
GE,2007-05-24,117.97,119.33,117.65,119.1,9740314,37.38,37.81,37.28,37.74,30739600,2026-03-13T02:46:22Z
GE,2007-05-25,118.54,118.76,117.78,118.13,7569693,37.56,37.63,37.32,37.43,23889300,2026-03-13T02:46:22Z
GE,2007-05-29,118.03,118.95,117.21,118.69,9252152,37.4,37.69,37.14,37.61,29199000,2026-03-13T02:46:22Z
GE,2007-05-30,119.07,119.14,117.27,117.37,8557676,37.73,37.75,37.16,37.19,27007300,2026-03-13T02:46:22Z
GE,2007-05-31,118.6,119.26,118.38,119.23,11739070,37.58,37.79,37.51,37.78,37047500,2026-03-13T02:46:22Z
GE,2007-06-01,118.19,119.14,117.53,118.51,10491187,37.45,37.75,37.24,37.55,33109300,2026-03-13T02:46:22Z
GE,2007-06-04,119.33,119.99,118.92,119.26,11062377,37.81,38.02,37.68,37.79,34911900,2026-03-13T02:46:22Z
GE,2007-06-05,118.03,119.33,117.94,119.33,12877599,37.4,37.81,37.37,37.81,40640600,2026-03-13T02:46:22Z
GE,2007-06-06,117.68,118.03,117.15,117.72,10807364,37.29,37.4,37.12,37.3,34107100,2026-03-13T02:46:22Z
GE,2007-06-07,116.01,117.94,115.92,117.43,12478950,36.76,37.37,36.73,37.21,39382500,2026-03-13T02:46:22Z
GE,2007-06-08,117.78,117.84,115.66,116.14,9507324,37.32,37.34,36.65,36.8,30004300,2026-03-13T02:46:22Z
GE,2007-06-11,118.22,118.73,116.93,116.99,8387301,37.46,37.62,37.05,37.07,26469600,2026-03-13T02:46:22Z
GE,2007-06-12,116.93,118.32,116.93,117.87,10159690,37.05,37.49,37.05,37.35,32063100,2026-03-13T02:46:22Z
GE,2007-06-13,118.79,118.85,117.08,117.56,10565624,37.64,37.66,37.1,37.25,33344200,2026-03-13T02:46:22Z
GE,2007-06-14,119.29,119.86,118.66,118.66,11001411,37.8,37.98,37.6,37.6,34719500,2026-03-13T02:46:22Z
GE,2007-06-15,120.3,120.43,119.8,119.8,15083718,38.12,38.16,37.96,37.96,47602900,2026-03-13T02:46:22Z
GE,2007-06-18,120.15,120.49,119.8,120.49,8084438,38.07,38.18,37.96,38.18,25513800,2026-03-13T02:46:22Z
GE,2007-06-19,124,124.97,119.64,119.77,24625679,39.29,39.6,37.91,37.95,77716496,2026-03-13T02:46:22Z
GE,2007-06-20,123.3,125.51,122.95,124.5,19068238,39.07,39.77,38.96,39.45,60177700,2026-03-13T02:46:22Z
GE,2007-06-21,123.33,123.81,122.38,123.81,15139429,38.8,38.95,38.5,38.95,48123600,2026-03-13T02:46:22Z
GE,2007-06-22,121.55,124.45,121.55,123.05,21467800,38.24,39.15,38.24,38.71,68239600,2026-03-13T02:46:22Z
GE,2007-06-25,121.46,122.67,120.57,121.84,15489852,38.21,38.59,37.93,38.33,49237500,2026-03-13T02:46:22Z
GE,2007-06-26,120.85,121.81,120.38,121.59,14039165,38.02,38.32,37.87,38.25,44626200,2026-03-13T02:46:22Z
GE,2007-06-27,120.98,121.08,119.65,120.22,13031328,38.06,38.09,37.64,37.82,41422600,2026-03-13T02:46:22Z
GE,2007-06-28,121.17,122,120.09,121.27,10741046,38.12,38.38,37.78,38.15,34142500,2026-03-13T02:46:22Z
GE,2007-06-29,121.68,123.02,120.79,121.52,14058880,38.28,38.7,38,38.23,44688900,2026-03-13T02:46:22Z
GE,2007-07-02,121.62,122.51,120.85,122.13,9325653,38.26,38.54,38.02,38.42,29643400,2026-03-13T02:46:22Z
GE,2007-07-03,123.02,123.3,121.94,121.94,6871309,38.7,38.79,38.36,38.36,21841800,2026-03-13T02:46:22Z
GE,2007-07-05,122.51,122.92,121.97,122.63,8168698,38.54,38.67,38.37,38.58,25965800,2026-03-13T02:46:22Z
GE,2007-07-06,122.32,122.7,121.97,122.32,9380104,38.48,38.6,38.37,38.48,29816500,2026-03-13T02:46:22Z
GE,2007-07-09,122.76,122.95,121.97,122.57,9649586,38.62,38.68,38.37,38.56,30673100,2026-03-13T02:46:22Z
GE,2007-07-10,120.47,122.35,120.44,122.22,12412611,37.9,38.49,37.89,38.45,39455900,2026-03-13T02:46:22Z
GE,2007-07-11,121.43,121.55,119.93,120.16,10470591,38.2,38.24,37.73,37.8,33282800,2026-03-13T02:46:22Z
GE,2007-07-12,123.97,123.97,121.43,122.19,14167544,39,39,38.2,38.44,45034300,2026-03-13T02:46:22Z
GE,2007-07-13,125.56,127.69,125.56,125.97,23919130,39.5,40.17,39.5,39.63,76031600,2026-03-13T02:46:22Z
GE,2007-07-16,127.53,127.78,125.69,125.88,12716546,40.12,40.2,39.54,39.6,40422000,2026-03-13T02:46:22Z
GE,2007-07-17,129.4,130.17,127.15,127.18,18267307,40.71,40.95,40,40.01,58066200,2026-03-13T02:46:22Z
GE,2007-07-18,128.58,129.63,126.93,128.17,15672505,40.45,40.78,39.93,40.32,49818100,2026-03-13T02:46:22Z
GE,2007-07-19,129.4,129.66,128.67,128.99,9365258,40.71,40.79,40.48,40.58,29769300,2026-03-13T02:46:22Z
GE,2007-07-20,127.53,129.75,127.15,128.55,15503320,40.12,40.82,40,40.44,49280300,2026-03-13T02:46:22Z
GE,2007-07-23,129.75,130.2,128.1,128.1,10521019,40.82,40.96,40.3,40.3,33443100,2026-03-13T02:46:22Z
GE,2007-07-24,127.85,130.26,127.63,129.15,14490102,40.22,40.98,40.15,40.63,46059600,2026-03-13T02:46:22Z
GE,2007-07-25,128.48,129.44,126.96,128.96,13257204,40.42,40.72,39.94,40.57,42140600,2026-03-13T02:46:22Z
GE,2007-07-26,125.65,129.18,125.08,127.18,19769934,39.53,40.64,39.35,40.01,62842600,2026-03-13T02:46:22Z
GE,2007-07-27,123.3,126.32,123.3,125.91,15132466,38.79,39.74,38.79,39.61,48101500,2026-03-13T02:46:22Z
GE,2007-07-30,124.83,125.37,122.86,124.06,12609895,39.27,39.44,38.65,39.03,40083000,2026-03-13T02:46:22Z
GE,2007-07-31,123.21,126.35,123.11,125.69,13457382,38.76,39.75,38.73,39.54,42776900,2026-03-13T02:46:22Z
GE,2007-08-01,123.81,124.89,122.22,122.7,16851859,38.95,39.29,38.45,38.6,53566900,2026-03-13T02:46:22Z
GE,2007-08-02,124.06,124.54,122.83,123.87,11658877,39.03,39.18,38.64,38.97,37060000,2026-03-13T02:46:22Z
GE,2007-08-03,120.98,124.26,120.98,123.49,14952369,38.06,39.09,38.06,38.85,47529000,2026-03-13T02:46:22Z
GE,2007-08-06,124.29,124.7,120.82,121.52,16561512,39.1,39.23,38.01,38.23,52644000,2026-03-13T02:46:22Z
GE,2007-08-07,125.49,126.29,123.14,123.62,14706283,39.48,39.73,38.74,38.89,46746800,2026-03-13T02:46:22Z
GE,2007-08-08,128.61,128.61,125.43,125.56,14625627,40.46,40.46,39.46,39.5,46490400,2026-03-13T02:46:22Z
GE,2007-08-09,123.78,127.56,123.56,126.1,18865864,38.94,40.13,38.87,39.67,59968800,2026-03-13T02:46:22Z
GE,2007-08-10,121.52,122.79,118.22,122.38,26917777,38.23,38.63,37.19,38.5,85563400,2026-03-13T02:46:22Z
GE,2007-08-13,121.33,123.33,120.79,122.6,13223447,38.17,38.8,38,38.57,42033300,2026-03-13T02:46:22Z
GE,2007-08-14,119.77,121.39,119.23,121.33,13890701,37.68,38.19,37.51,38.17,44154300,2026-03-13T02:46:22Z
GE,2007-08-15,117.29,120.57,116.72,119.46,17076124,36.9,37.93,36.72,37.58,54279800,2026-03-13T02:46:22Z
GE,2007-08-16,118.25,118.53,115.07,116.05,20666101,37.2,37.29,36.2,36.51,65691200,2026-03-13T02:46:22Z
GE,2007-08-17,122.22,122.83,119.9,121.14,19627302,38.45,38.64,37.72,38.11,62389200,2026-03-13T02:46:22Z
GE,2007-08-20,121.49,122.38,120,122.35,12672152,38.22,38.5,37.75,38.49,40280900,2026-03-13T02:46:22Z
GE,2007-08-21,121.9,123.24,120.73,120.89,11067156,38.35,38.77,37.98,38.03,35179100,2026-03-13T02:46:22Z
GE,2007-08-22,124.41,124.86,122.38,122.86,12114439,39.14,39.28,38.5,38.65,38508100,2026-03-13T02:46:22Z
GE,2007-08-23,124.35,125.3,122.7,124.64,10417518,39.12,39.42,38.6,39.21,33114100,2026-03-13T02:46:22Z
GE,2007-08-24,125.27,125.46,123.91,124.54,10954247,39.41,39.47,38.98,39.18,34820200,2026-03-13T02:46:22Z
GE,2007-08-27,123.97,124.8,123.65,124.8,7233473,39,39.26,38.9,39.26,22993000,2026-03-13T02:46:22Z
GE,2007-08-28,120.95,123.72,120.95,123.43,11796790,38.05,38.92,38.05,38.83,37498400,2026-03-13T02:46:22Z
GE,2007-08-29,123.05,123.17,121.27,121.55,13039759,38.71,38.75,38.15,38.24,41449400,2026-03-13T02:46:22Z
GE,2007-08-30,122.06,123.08,121.59,121.81,7277987,38.4,38.72,38.25,38.32,23134500,2026-03-13T02:46:22Z
GE,2007-08-31,123.56,124.26,122.35,123.33,11751866,38.87,39.09,38.49,38.8,37355600,2026-03-13T02:46:22Z
GE,2007-09-04,124.1,124.92,122.41,123.46,10477856,39.04,39.3,38.51,38.84,33305900,2026-03-13T02:46:22Z
GE,2007-09-05,123.17,123.87,122.22,123.24,11805666,38.75,38.97,38.45,38.77,37526600,2026-03-13T02:46:22Z
GE,2007-09-06,125.24,125.4,122.41,123.37,12405788,39.4,39.45,38.51,38.81,39434200,2026-03-13T02:46:22Z
GE,2007-09-07,123.17,123.97,122.73,123.68,14145151,38.75,39,38.61,38.91,44963100,2026-03-13T02:46:22Z
GE,2007-09-10,124.57,125.65,122.41,123.33,11965352,39.19,39.53,38.51,38.8,38034200,2026-03-13T02:46:22Z
GE,2007-09-11,125.56,126.32,124.13,124.61,10660007,39.5,39.74,39.05,39.2,33884900,2026-03-13T02:46:22Z
GE,2007-09-12,126.83,127.94,124.95,125.21,13250003,39.9,40.25,39.31,39.39,42117700,2026-03-13T02:46:22Z
GE,2007-09-13,128.77,129.69,126.96,127.18,14129292,40.51,40.8,39.94,40.01,44912700,2026-03-13T02:46:22Z
GE,2007-09-14,128.26,129.15,126.96,127.88,11282393,40.35,40.63,39.94,40.23,35863300,2026-03-13T02:46:22Z
GE,2007-09-17,127.72,128.26,127.28,127.4,7638106,40.18,40.35,40.04,40.08,24279200,2026-03-13T02:46:22Z
GE,2007-09-18,132.49,132.71,127.78,128.29,16196394,41.68,41.75,40.2,40.36,51483400,2026-03-13T02:46:22Z
GE,2007-09-19,132.77,133.73,132.36,133,13993037,41.77,42.07,41.64,41.84,44479600,2026-03-13T02:46:22Z
GE,2007-09-20,131.97,132.81,131.37,132.81,10152161,41.24,41.5,41.05,41.5,32488400,2026-03-13T02:46:22Z
GE,2007-09-21,132.01,133.54,131.78,133.16,11986795,41.25,41.73,41.18,41.61,38359500,2026-03-13T02:46:22Z
GE,2007-09-24,130.73,132.29,130.47,132.01,9057678,40.85,41.34,40.77,41.25,28985900,2026-03-13T02:46:22Z
GE,2007-09-25,131.53,132.29,129.8,130.41,8313369,41.1,41.34,40.56,40.75,26604000,2026-03-13T02:46:22Z
GE,2007-09-26,132.07,132.81,131.08,131.78,9997664,41.27,41.5,40.96,41.18,31994000,2026-03-13T02:46:22Z
GE,2007-09-27,132.45,132.9,131.62,132.49,7178013,41.39,41.53,41.13,41.4,22970700,2026-03-13T02:46:22Z
GE,2007-09-28,132.49,132.81,131.53,132.04,9287011,41.4,41.5,41.1,41.26,29719800,2026-03-13T02:46:22Z
GE,2007-10-01,134.47,134.69,132.1,132.1,13704502,42.02,42.09,41.28,41.28,43856400,2026-03-13T02:46:22Z
GE,2007-10-02,134.79,134.89,133.77,134.5,6027534,42.12,42.15,41.8,42.03,19289000,2026-03-13T02:46:22Z
GE,2007-10-03,132.97,134.76,132.81,134.25,8225965,41.55,42.11,41.5,41.95,26324300,2026-03-13T02:46:22Z
GE,2007-10-04,133.45,133.99,132.65,133.48,5014521,41.7,41.87,41.45,41.71,16047200,2026-03-13T02:46:22Z
GE,2007-10-05,133.67,134.57,133.41,134.18,6808345,41.77,42.05,41.69,41.93,21787700,2026-03-13T02:46:22Z
GE,2007-10-08,132.9,133.77,132.52,133.57,4534010,41.53,41.8,41.41,41.74,14509500,2026-03-13T02:46:22Z
GE,2007-10-09,134.47,134.5,132.81,132.84,6108065,42.02,42.03,41.5,41.51,19546700,2026-03-13T02:46:22Z
GE,2007-10-10,133.8,134.66,133.45,134.15,6007254,41.81,42.08,41.7,41.92,19224100,2026-03-13T02:46:22Z
GE,2007-10-11,133.13,134.69,132.39,134.25,9291920,41.6,42.09,41.37,41.95,29735500,2026-03-13T02:46:22Z
GE,2007-10-12,131.3,131.33,128.39,130.76,16063104,41.03,41.04,40.12,40.86,51404300,2026-03-13T02:46:22Z
GE,2007-10-15,130.63,131.01,129.32,130.89,12436085,40.82,40.94,40.41,40.9,39797300,2026-03-13T02:46:22Z
GE,2007-10-16,130.47,130.76,129.86,130.5,11020001,40.77,40.86,40.58,40.78,35265600,2026-03-13T02:46:22Z
GE,2007-10-17,131.21,131.65,130.47,130.98,13795587,41,41.14,40.77,40.93,44147900,2026-03-13T02:46:22Z
GE,2007-10-18,130.53,131.21,129.67,130.98,10067352,40.79,41,40.52,40.93,32217000,2026-03-13T02:46:22Z
GE,2007-10-19,128.13,130.53,127.59,129.7,17714373,40.04,40.79,39.87,40.53,56688600,2026-03-13T02:46:22Z
GE,2007-10-22,128.55,128.77,126.98,127.49,8909747,40.17,40.24,39.68,39.84,28512500,2026-03-13T02:46:22Z
GE,2007-10-23,129.54,129.89,128.07,128.84,8401805,40.48,40.59,40.02,40.26,26887000,2026-03-13T02:46:22Z
GE,2007-10-24,128.74,129.54,126.09,129.35,12868100,40.23,40.48,39.4,40.42,41179800,2026-03-13T02:46:22Z
GE,2007-10-25,128.52,129.77,127.11,129.22,13720932,40.16,40.55,39.72,40.38,43909000,2026-03-13T02:46:22Z
GE,2007-10-26,129.22,129.61,127.88,129.13,8035603,40.38,40.5,39.96,40.35,25715100,2026-03-13T02:46:22Z
GE,2007-10-29,129.8,130.18,129.03,129.51,8359208,40.56,40.68,40.32,40.47,26750700,2026-03-13T02:46:22Z
GE,2007-10-30,129.54,130.09,129,129.57,8083882,40.48,40.65,40.31,40.49,25869600,2026-03-13T02:46:22Z
GE,2007-10-31,131.72,131.91,129.48,129.99,10702481,41.16,41.22,40.46,40.62,34249500,2026-03-13T02:46:22Z
GE,2007-11-01,129.09,131.14,128.55,130.85,11896052,40.34,40.98,40.17,40.89,38069100,2026-03-13T02:46:22Z
GE,2007-11-02,129.06,129.7,127.91,129.61,11541476,40.33,40.53,39.97,40.5,36934400,2026-03-13T02:46:22Z
GE,2007-11-05,128.65,129.73,127.85,127.85,9281821,40.2,40.54,39.95,39.95,29703200,2026-03-13T02:46:22Z
GE,2007-11-06,128.58,129.57,127.91,128.65,13166021,40.18,40.49,39.97,40.2,42133200,2026-03-13T02:46:22Z
GE,2007-11-07,125.06,127.78,124.77,127.69,14599576,39.08,39.93,38.99,39.9,46720800,2026-03-13T02:46:22Z
GE,2007-11-08,124.87,125.83,120.01,125.45,16552431,39.02,39.32,37.5,39.2,52970200,2026-03-13T02:46:22Z
GE,2007-11-09,122.82,124.01,121.96,123.27,13337259,38.38,38.75,38.11,38.52,42681200,2026-03-13T02:46:22Z
GE,2007-11-12,122.41,124.93,122.15,122.37,11552749,38.25,39.04,38.17,38.24,36970500,2026-03-13T02:46:22Z
GE,2007-11-13,125.48,125.61,122.41,123.21,13141051,39.21,39.25,38.25,38.5,42053300,2026-03-13T02:46:22Z
GE,2007-11-14,124.84,127.85,124.23,127.69,12417621,39.01,39.95,38.82,39.9,39738200,2026-03-13T02:46:22Z
GE,2007-11-15,122.6,124.58,122.02,124.58,12996283,38.31,38.93,38.13,38.93,41590000,2026-03-13T02:46:22Z
GE,2007-11-16,123.69,123.75,121.19,123.21,15680873,38.65,38.67,37.87,38.5,50181100,2026-03-13T02:46:22Z
GE,2007-11-19,122.12,123.24,121.61,123.14,11066645,38.16,38.51,38,38.48,35414900,2026-03-13T02:46:22Z
GE,2007-11-20,121.73,123.56,120.01,122.09,13529322,38.04,38.61,37.5,38.15,43295800,2026-03-13T02:46:22Z
GE,2007-11-21,118.95,121.57,118.21,120.49,20154274,37.17,37.99,36.94,37.65,64496600,2026-03-13T02:46:22Z
GE,2007-11-23,120.55,121.19,118.92,119.59,7342695,37.67,37.87,37.16,37.37,23497700,2026-03-13T02:46:22Z
GE,2007-11-26,117.54,120.81,116.87,120.81,13122647,36.73,37.75,36.52,37.75,41994400,2026-03-13T02:46:22Z
GE,2007-11-27,119.85,120.55,117.77,117.93,13886767,37.45,37.67,36.8,36.85,44439700,2026-03-13T02:46:22Z
GE,2007-11-28,123.08,123.72,120.2,120.61,16075205,38.46,38.66,37.56,37.69,51443000,2026-03-13T02:46:22Z
GE,2007-11-29,122.05,122.63,120.97,122.53,11160704,38.14,38.32,37.8,38.29,35715900,2026-03-13T02:46:22Z
GE,2007-11-30,122.53,123.75,120.49,123.75,16938259,38.29,38.67,37.65,38.67,54204900,2026-03-13T02:46:22Z
GE,2007-12-03,118.18,122.25,117.13,122.25,21372903,36.93,38.2,36.6,38.2,68396400,2026-03-13T02:46:22Z
GE,2007-12-04,116.01,117.83,115.43,117.51,18376662,36.25,36.82,36.07,36.72,58808000,2026-03-13T02:46:22Z
GE,2007-12-05,117.48,117.89,115.97,117.13,18007267,36.71,36.84,36.24,36.6,57625900,2026-03-13T02:46:22Z
GE,2007-12-06,119.24,119.33,116.93,117.45,11123519,37.26,37.29,36.54,36.7,35596900,2026-03-13T02:46:22Z
GE,2007-12-07,119.14,120.01,118.25,119.21,10187098,37.23,37.5,36.95,37.25,32600200,2026-03-13T02:46:22Z
GE,2007-12-10,119.72,119.97,118.57,119.24,13980045,37.41,37.49,37.05,37.26,44738200,2026-03-13T02:46:22Z
GE,2007-12-11,118.5,121.45,115.69,119.69,20793307,37.03,37.95,36.15,37.4,66541600,2026-03-13T02:46:22Z
GE,2007-12-12,119.21,122.05,117.93,121.45,16050076,37.25,38.14,36.85,37.95,51362600,2026-03-13T02:46:22Z
GE,2007-12-13,120.26,120.93,117.61,118.41,11245895,37.58,37.79,36.75,37,35988500,2026-03-13T02:46:22Z
GE,2007-12-14,118.12,120.04,117.99,119.94,13074250,36.91,37.51,36.87,37.48,41839500,2026-03-13T02:46:22Z
GE,2007-12-17,116.74,118.09,116.1,117.83,12615583,36.48,36.9,36.28,36.82,40371700,2026-03-13T02:46:22Z
GE,2007-12-18,117.77,118.18,115.97,117.38,13192772,36.8,36.93,36.24,36.68,42218800,2026-03-13T02:46:22Z
GE,2007-12-19,117.03,118.47,116.23,117.7,12507644,36.57,37.02,36.32,36.78,40026300,2026-03-13T02:46:22Z
GE,2007-12-20,117.87,118.29,116.9,118.13,10429818,36.52,36.65,36.22,36.6,33662300,2026-03-13T02:46:22Z
GE,2007-12-21,119.87,121.35,118.29,118.48,23548555,37.14,37.6,36.65,36.71,76003104,2026-03-13T02:46:22Z
GE,2007-12-24,121.13,121.9,119.9,120.71,5256751,37.53,37.77,37.15,37.4,16966200,2026-03-13T02:46:22Z
GE,2007-12-26,121.19,121.65,120.71,120.74,6707627,37.55,37.69,37.4,37.41,21648900,2026-03-13T02:46:22Z
GE,2007-12-27,120.03,121.16,119.77,120.71,7241756,37.19,37.54,37.11,37.4,23372800,2026-03-13T02:46:22Z
GE,2007-12-28,120.52,121.29,119.61,120.55,7047549,37.34,37.58,37.06,37.35,22746000,2026-03-13T02:46:22Z
GE,2007-12-31,119.64,120.39,119.29,120.39,7476767,37.07,37.3,36.96,37.3,24131300,2026-03-13T02:46:22Z
GE,2008-01-02,118.64,120.87,117.97,119.74,12057110,36.76,37.45,36.55,37.1,38914400,2026-03-13T02:46:22Z
GE,2008-01-03,118.77,120.13,118.45,118.81,8358468,36.8,37.22,36.7,36.81,26977000,2026-03-13T02:46:22Z
GE,2008-01-04,116.32,118.35,116.13,117.93,12620087,36.04,36.67,35.98,36.54,40731400,2026-03-13T02:46:22Z
GE,2008-01-07,116.77,117.8,115.9,116.87,14720537,36.18,36.5,35.91,36.21,47510600,2026-03-13T02:46:22Z
GE,2008-01-08,114.25,117.58,113.61,117.58,13963790,35.4,36.43,35.2,36.43,45068200,2026-03-13T02:46:22Z
GE,2008-01-09,115.54,116,113.45,114.51,15090541,35.8,35.94,35.15,35.48,48704800,2026-03-13T02:46:22Z
GE,2008-01-10,115.93,116.93,114.16,114.9,14043602,35.92,36.23,35.37,35.6,45325800,2026-03-13T02:46:22Z
GE,2008-01-11,113.51,114.9,112.9,114.77,14258436,35.17,35.6,34.98,35.56,46019200,2026-03-13T02:46:22Z
GE,2008-01-14,114.45,115.42,113.77,115.42,10536500,35.46,35.76,35.25,35.76,34006600,2026-03-13T02:46:22Z
GE,2008-01-15,111.45,113.83,110.87,113.8,16705777,34.53,35.27,34.35,35.26,53918000,2026-03-13T02:46:22Z
GE,2008-01-16,111.54,113.22,110.74,110.8,19167804,34.56,35.08,34.31,34.33,61864200,2026-03-13T02:46:22Z
GE,2008-01-17,107.19,112.32,106.25,112.12,25248302,33.21,34.8,32.92,34.74,81489000,2026-03-13T02:46:22Z
GE,2008-01-18,110.74,112.9,109.09,109.48,28590601,34.31,34.98,33.8,33.92,92276304,2026-03-13T02:46:22Z
GE,2008-01-22,109.9,111.99,107.12,107.15,22801076,34.05,34.7,33.19,33.2,73590600,2026-03-13T02:46:22Z
GE,2008-01-23,111.64,111.99,107.32,108.93,24767425,34.59,34.7,33.25,33.75,79937000,2026-03-13T02:46:22Z
GE,2008-01-24,111.83,112.19,109.57,111.83,16601549,34.65,34.76,33.95,34.65,53581600,2026-03-13T02:46:22Z
GE,2008-01-25,109.74,113.25,109.32,112.8,16374377,34,35.09,33.87,34.95,52848400,2026-03-13T02:46:22Z
GE,2008-01-28,112.06,112.16,110.19,110.74,11727327,34.72,34.75,34.14,34.31,37850000,2026-03-13T02:46:22Z
GE,2008-01-29,112.19,113.19,111.35,112.61,11134419,34.76,35.07,34.5,34.89,35936400,2026-03-13T02:46:22Z
GE,2008-01-30,112.77,115.29,111.58,111.93,15938348,34.94,35.72,34.57,34.68,51441100,2026-03-13T02:46:22Z
GE,2008-01-31,114.12,115.13,111.35,111.7,17211464,35.36,35.67,34.5,34.61,55550100,2026-03-13T02:46:22Z
GE,2008-02-01,116.71,117.74,114.13,114.87,17426152,36.16,36.48,35.36,35.59,56243000,2026-03-13T02:46:22Z
GE,2008-02-04,114.16,117,113.58,116.74,13586370,35.37,36.25,35.19,36.17,43850100,2026-03-13T02:46:22Z
GE,2008-02-05,110.41,113.25,110.32,113.25,17102180,34.21,35.09,34.18,35.09,55197400,2026-03-13T02:46:22Z
GE,2008-02-06,110.38,111.74,109.74,111.22,11733332,34.2,34.62,34,34.46,37869400,2026-03-13T02:46:22Z
GE,2008-02-07,110.48,111.32,109.8,109.99,15992321,34.23,34.49,34.02,34.08,51615300,2026-03-13T02:46:22Z
GE,2008-02-08,109.22,110.35,108.25,110.09,12712387,33.84,34.19,33.54,34.11,41029300,2026-03-13T02:46:22Z
GE,2008-02-11,109.77,110.35,108.28,109.54,9976988,34.01,34.19,33.55,33.94,32200800,2026-03-13T02:46:22Z
GE,2008-02-12,110.93,111.83,110.06,110.54,11655590,34.37,34.65,34.1,34.25,37618500,2026-03-13T02:46:22Z
GE,2008-02-13,112.9,113.29,111.64,111.83,13315077,34.98,35.1,34.59,34.65,42974500,2026-03-13T02:46:22Z
GE,2008-02-14,110.99,113,110.61,112.93,12975691,34.39,35.01,34.27,34.99,41879100,2026-03-13T02:46:22Z
GE,2008-02-15,110.93,111.38,110.06,110.9,12354427,34.37,34.51,34.1,34.36,39874000,2026-03-13T02:46:22Z
GE,2008-02-19,110.64,112.54,110.09,111.54,10334421,34.28,34.87,34.11,34.56,33354400,2026-03-13T02:46:22Z
GE,2008-02-20,110.9,111.19,109.09,109.9,11223307,34.36,34.45,33.8,34.05,36223300,2026-03-13T02:46:22Z
GE,2008-02-21,109.72,111.91,109.01,111.91,16707655,33.69,34.36,33.47,34.36,54415000,2026-03-13T02:46:22Z
GE,2008-02-22,109.27,110.08,107.97,109.79,12283103,33.55,33.8,33.15,33.71,40004700,2026-03-13T02:46:22Z
GE,2008-02-25,111.42,111.61,109.27,109.27,12011737,34.21,34.27,33.55,33.55,39120900,2026-03-13T02:46:22Z
GE,2008-02-26,110.54,111.22,109.99,110.96,14320867,33.94,34.15,33.77,34.07,46641500,2026-03-13T02:46:22Z
GE,2008-02-27,110.8,111.65,109.86,110.08,10084004,34.02,34.28,33.73,33.8,32842500,2026-03-13T02:46:22Z
GE,2008-02-28,110.25,110.73,109.5,110.67,10072373,33.85,34,33.62,33.98,32804600,2026-03-13T02:46:22Z
GE,2008-02-29,107.93,109.92,107.77,109.89,16011940,33.14,33.75,33.09,33.74,52149100,2026-03-13T02:46:22Z
GE,2008-03-03,108.78,109.11,107.93,108.59,10594713,33.4,33.5,33.14,33.34,34505800,2026-03-13T02:46:22Z
GE,2008-03-04,109.17,109.43,107.93,108.03,13787640,33.52,33.6,33.14,33.17,44904800,2026-03-13T02:46:22Z
GE,2008-03-05,109.66,110.57,108.42,109.86,13363295,33.67,33.95,33.29,33.73,43522800,2026-03-13T02:46:22Z
GE,2008-03-06,107.02,109.4,106.83,109.24,16069808,32.86,33.59,32.8,33.54,52337600,2026-03-13T02:46:22Z
GE,2008-03-07,104.97,107.31,104.25,106.4,17480017,32.23,32.95,32.01,32.67,56930500,2026-03-13T02:46:22Z
GE,2008-03-10,103.24,105.69,103.08,105.65,17301108,31.7,32.45,31.65,32.44,56347800,2026-03-13T02:46:22Z
GE,2008-03-11,108.78,108.78,105.23,105.56,20718331,33.4,33.4,32.31,32.41,67477296,2026-03-13T02:46:22Z
GE,2008-03-12,110.6,112.23,108.94,108.94,21692200,33.96,34.46,33.45,33.45,70649104,2026-03-13T02:46:22Z
GE,2008-03-13,111.55,112.4,108.49,109.14,19814034,34.25,34.51,33.31,33.51,64532100,2026-03-13T02:46:22Z
GE,2008-03-14,110.15,112.59,107.67,112.46,22444857,33.82,34.57,33.06,34.53,73100400,2026-03-13T02:46:22Z
GE,2008-03-17,111.81,113.11,106.92,107.45,25010462,34.33,34.73,32.83,32.99,81456304,2026-03-13T02:46:22Z
GE,2008-03-18,117.7,117.97,113.05,113.7,25695927,36.14,36.22,34.71,34.91,83688800,2026-03-13T02:46:22Z
GE,2008-03-19,115.91,119.3,115.78,117.9,21323599,35.59,36.63,35.55,36.2,69448600,2026-03-13T02:46:22Z
GE,2008-03-20,122.1,122.92,115.91,119.01,34013742,37.49,37.74,35.59,36.54,110779000,2026-03-13T02:46:22Z
GE,2008-03-24,121.81,122.69,120.64,122.56,14430268,37.4,37.67,37.04,37.63,46997800,2026-03-13T02:46:22Z
GE,2008-03-25,121.38,122.23,120.24,121.32,13849471,37.27,37.53,36.92,37.25,45106200,2026-03-13T02:46:22Z
GE,2008-03-26,120.93,121.32,119.82,120.57,13657054,37.13,37.25,36.79,37.02,44479500,2026-03-13T02:46:22Z
GE,2008-03-27,119.95,121.65,119.59,121.35,11466455,36.83,37.35,36.72,37.26,37345000,2026-03-13T02:46:22Z
GE,2008-03-28,119.23,120.7,118.91,120.15,10534132,36.61,37.06,36.51,36.89,34308500,2026-03-13T02:46:22Z
GE,2008-03-31,120.54,121.42,119.01,119.14,12590106,37.01,37.28,36.54,36.58,41004600,2026-03-13T02:46:22Z
GE,2008-04-01,125.16,125.16,121.55,121.68,15553917,38.43,38.43,37.32,37.36,50657400,2026-03-13T02:46:22Z
GE,2008-04-02,123.83,125.46,122.82,124.61,11428912,38.02,38.52,37.71,38.26,37222700,2026-03-13T02:46:22Z
GE,2008-04-03,123.24,123.86,122.36,122.92,9945778,37.84,38.03,37.57,37.74,32392300,2026-03-13T02:46:22Z
GE,2008-04-04,122.33,123.37,121.55,123.18,9297709,37.56,37.88,37.32,37.82,30281600,2026-03-13T02:46:22Z
GE,2008-04-07,121.35,123.44,120.83,123.34,12118805,37.26,37.9,37.1,37.87,39469600,2026-03-13T02:46:22Z
GE,2008-04-08,120.34,120.77,119.04,120.18,11389730,36.95,37.08,36.55,36.9,37095100,2026-03-13T02:46:22Z
GE,2008-04-09,118.68,120.18,117.93,120.18,10617494,36.44,36.9,36.21,36.9,34580000,2026-03-13T02:46:22Z
GE,2008-04-10,119.69,120.73,117.77,118.55,13638992,36.75,37.07,36.16,36.4,44420700,2026-03-13T02:46:22Z
GE,2008-04-11,104.38,107.51,103.6,105.85,112413142,32.05,33.01,31.81,32.5,366117184,2026-03-13T02:46:22Z
GE,2008-04-14,103.41,105.59,103.41,105.46,30106581,31.75,32.42,31.75,32.38,98053800,2026-03-13T02:46:22Z
GE,2008-04-15,104.16,104.58,102.76,104.35,19934972,31.98,32.11,31.55,32.04,64926000,2026-03-13T02:46:22Z
GE,2008-04-16,104.97,105.36,104.29,105.33,24399810,32.23,32.35,32.02,32.34,79467504,2026-03-13T02:46:22Z
GE,2008-04-17,104.29,105.52,104.22,104.58,18750194,32.02,32.4,32,32.11,61067300,2026-03-13T02:46:22Z
GE,2008-04-18,106.47,107.38,105.1,105.59,22121297,32.69,32.97,32.27,32.42,72046600,2026-03-13T02:46:22Z
GE,2008-04-21,105.72,106.63,105.46,106.5,10246337,32.46,32.74,32.38,32.7,33371200,2026-03-13T02:46:22Z
GE,2008-04-22,105.3,106.5,104.87,105.85,12589524,32.33,32.7,32.2,32.5,41002700,2026-03-13T02:46:22Z
GE,2008-04-23,105.39,106.57,105.13,105.82,12858950,32.36,32.72,32.28,32.49,41880200,2026-03-13T02:46:22Z
GE,2008-04-24,106.86,108.68,105.62,105.65,16753649,32.81,33.37,32.43,32.44,54564800,2026-03-13T02:46:22Z
GE,2008-04-25,108.55,108.75,106.86,107.51,12736324,33.33,33.39,32.81,33.01,41480800,2026-03-13T02:46:22Z
GE,2008-04-28,108.03,109.63,107.58,109.01,11556366,33.17,33.66,33.03,33.47,37637800,2026-03-13T02:46:22Z
GE,2008-04-29,106.89,108.32,106.66,108.06,12310275,32.82,33.26,32.75,33.18,40093200,2026-03-13T02:46:22Z
GE,2008-04-30,106.5,108.39,106.18,106.99,12403983,32.7,33.28,32.6,32.85,40398400,2026-03-13T02:46:22Z
GE,2008-05-01,107.87,108.42,106.31,106.83,12896624,33.12,33.29,32.64,32.8,42002900,2026-03-13T02:46:22Z
GE,2008-05-02,108.58,109.5,108.03,108.81,12486941,33.34,33.62,33.17,33.41,40668600,2026-03-13T02:46:22Z
GE,2008-05-05,108.06,108.65,107.35,108.65,8438235,33.18,33.36,32.96,33.36,27482400,2026-03-13T02:46:22Z
GE,2008-05-06,107.48,108.03,106.24,107.71,13070511,33,33.17,32.62,33.07,42569200,2026-03-13T02:46:22Z
GE,2008-05-07,106.08,107.8,105.85,107.51,11688300,32.57,33.1,32.5,33.01,38067500,2026-03-13T02:46:22Z
GE,2008-05-08,106.14,106.83,105.69,106.57,10554674,32.59,32.8,32.45,32.72,34375400,2026-03-13T02:46:22Z
GE,2008-05-09,105.1,105.72,104.68,105.72,11925614,32.27,32.46,32.14,32.46,38840400,2026-03-13T02:46:22Z
GE,2008-05-12,105.52,105.95,104.87,105.3,9421719,32.4,32.53,32.2,32.33,30685500,2026-03-13T02:46:22Z
GE,2008-05-13,105.3,106.5,105.07,105.95,11348862,32.33,32.7,32.26,32.53,36962000,2026-03-13T02:46:22Z
GE,2008-05-14,105.88,106.57,105.3,105.59,10893611,32.51,32.72,32.33,32.42,35479300,2026-03-13T02:46:22Z
GE,2008-05-15,105.43,106.53,104.77,106.37,16699311,32.37,32.71,32.17,32.66,54387800,2026-03-13T02:46:22Z
GE,2008-05-16,104.64,105.72,104.12,105.69,17445936,32.13,32.46,31.97,32.45,56819500,2026-03-13T02:46:22Z
GE,2008-05-19,105.52,106.5,104.22,104.64,17846785,32.4,32.7,32,32.13,58125000,2026-03-13T02:46:22Z
GE,2008-05-20,103.31,105.1,102.76,105.1,21051841,31.72,32.27,31.55,32.27,68563504,2026-03-13T02:46:22Z
GE,2008-05-21,100.93,103.5,100.67,103.47,29266303,30.99,31.78,30.91,31.77,95317104,2026-03-13T02:46:22Z
GE,2008-05-22,101,101.78,100.31,101,16654180,31.01,31.25,30.8,31.01,54240800,2026-03-13T02:46:22Z
GE,2008-05-23,99.11,100.87,98.85,100.8,19181391,30.43,30.97,30.35,30.95,62471700,2026-03-13T02:46:22Z
GE,2008-05-27,99.01,100.28,98.39,99.08,20184864,30.4,30.79,30.21,30.42,65739900,2026-03-13T02:46:22Z
GE,2008-05-28,99.5,99.92,98.39,99.5,19467957,30.55,30.68,30.21,30.55,63405000,2026-03-13T02:46:22Z
GE,2008-05-29,99.79,100.9,98.55,99.17,19511103,30.64,30.98,30.26,30.45,63545500,2026-03-13T02:46:22Z
GE,2008-05-30,100.05,100.74,99.56,100.28,15364352,30.72,30.93,30.57,30.79,50040000,2026-03-13T02:46:22Z
GE,2008-06-02,99.04,100.61,98.29,100.15,15620155,30.41,30.89,30.18,30.75,50873100,2026-03-13T02:46:22Z
GE,2008-06-03,99.2,100.31,98.52,99.53,16099968,30.46,30.8,30.25,30.56,52435800,2026-03-13T02:46:22Z
GE,2008-06-04,99.17,100.08,98.68,99.21,13792052,30.45,30.73,30.3,30.46,44919200,2026-03-13T02:46:22Z
GE,2008-06-05,101.16,101.42,99.21,99.53,17009566,31.06,31.14,30.46,30.56,55398300,2026-03-13T02:46:22Z
GE,2008-06-06,97.77,100.51,97.71,100.48,21350679,30.02,30.86,30,30.85,69536800,2026-03-13T02:46:22Z
GE,2008-06-09,97.9,98.85,97.32,98.46,18063711,30.06,30.35,29.88,30.23,58831500,2026-03-13T02:46:22Z
GE,2008-06-10,98.78,100.12,96.99,97.48,15146746,30.33,30.74,29.78,29.93,49331300,2026-03-13T02:46:22Z
GE,2008-06-11,97.15,99.17,97.06,98.94,20613880,29.83,30.45,29.8,30.38,67137104,2026-03-13T02:46:22Z
GE,2008-06-12,94.61,98.72,94.09,97.61,29353298,29.05,30.31,28.89,29.97,95600400,2026-03-13T02:46:22Z
GE,2008-06-13,94.94,95.75,92.79,95.62,35549641,29.15,29.4,28.49,29.36,115781200,2026-03-13T02:46:22Z
GE,2008-06-16,94.35,95.26,92.43,93.31,26601971,28.97,29.25,28.38,28.65,86639696,2026-03-13T02:46:22Z
GE,2008-06-17,93.99,95.23,93.7,94.91,19476716,28.86,29.24,28.77,29.14,63433500,2026-03-13T02:46:22Z
GE,2008-06-18,91.88,93.7,91.71,93.47,27030756,28.21,28.77,28.16,28.7,88036200,2026-03-13T02:46:22Z
GE,2008-06-19,91.91,92.96,91.55,92.8,17233334,27.91,28.23,27.8,28.18,56750700,2026-03-13T02:46:22Z
GE,2008-06-20,90.16,92.27,89.8,91.75,27237940,27.38,28.02,27.27,27.86,89696600,2026-03-13T02:46:22Z
GE,2008-06-23,90.23,91.55,89.84,90.82,18564335,27.4,27.8,27.28,27.58,61133800,2026-03-13T02:46:22Z
GE,2008-06-24,90.86,91.75,89.57,90.13,17367673,27.59,27.86,27.2,27.37,57193100,2026-03-13T02:46:22Z
GE,2008-06-25,92.17,94.31,91.05,91.35,24902625,27.99,28.64,27.65,27.74,82006304,2026-03-13T02:46:22Z
GE,2008-06-26,87.37,91.09,87.3,91.09,26549529,26.53,27.66,26.51,27.66,87429600,2026-03-13T02:46:22Z
GE,2008-06-27,86.48,88.35,86.11,88.25,27720690,26.26,26.83,26.15,26.8,91286400,2026-03-13T02:46:22Z
GE,2008-06-30,87.89,88.12,86.64,86.77,23735618,26.69,26.76,26.31,26.35,78163200,2026-03-13T02:46:22Z
GE,2008-07-01,89.31,89.61,86.61,86.94,27097103,27.12,27.21,26.3,26.4,89232896,2026-03-13T02:46:22Z
GE,2008-07-02,87.3,89.77,87.14,89.54,18605787,26.51,27.26,26.46,27.19,61270300,2026-03-13T02:46:22Z
GE,2008-07-03,88.62,89.21,87.27,88.09,11743878,26.91,27.09,26.5,26.75,38673500,2026-03-13T02:46:22Z
GE,2008-07-07,89.24,90.46,88.39,89.24,23534731,27.1,27.47,26.84,27.1,77501696,2026-03-13T02:46:22Z
GE,2008-07-08,92.4,92.93,89.28,89.51,27051394,28.06,28.22,27.11,27.18,89082304,2026-03-13T02:46:22Z
GE,2008-07-09,89.54,93.33,89.37,92.67,19929837,27.19,28.34,27.14,28.14,65630500,2026-03-13T02:46:22Z
GE,2008-07-10,91.02,91.32,89.14,90.72,28113621,27.64,27.73,27.07,27.55,92580304,2026-03-13T02:46:22Z
GE,2008-07-11,91.09,93.03,89.9,90.89,29738668,27.66,28.25,27.3,27.6,97931696,2026-03-13T02:46:22Z
GE,2008-07-14,89.51,92.63,88.98,92.63,18044940,27.18,28.13,27.02,28.13,59423400,2026-03-13T02:46:22Z
GE,2008-07-15,87.76,89.57,84.3,89.08,28609205,26.65,27.2,25.6,27.05,94212304,2026-03-13T02:46:22Z
GE,2008-07-16,91.15,91.65,87,88.12,25177540,27.68,27.83,26.42,26.76,82911600,2026-03-13T02:46:22Z
GE,2008-07-17,92.21,93.59,91.19,92.54,22330021,28,28.42,27.69,28.1,73534496,2026-03-13T02:46:22Z
GE,2008-07-18,92.21,92.83,90.82,92.6,16806587,28,28.19,27.58,28.12,55345400,2026-03-13T02:46:22Z
GE,2008-07-21,91.19,92.8,90.92,92.54,12776621,27.69,28.18,27.61,28.1,42074400,2026-03-13T02:46:22Z
GE,2008-07-22,93.85,93.95,90.89,91.58,21787463,28.5,28.53,27.6,27.81,71747800,2026-03-13T02:46:22Z
GE,2008-07-23,96.59,96.78,94.02,94.78,23792710,29.33,29.39,28.55,28.78,78351200,2026-03-13T02:46:22Z
GE,2008-07-24,94.54,98.43,94.45,97.94,18571103,28.71,29.89,28.68,29.74,61156100,2026-03-13T02:46:22Z
GE,2008-07-25,94.54,96.26,93.36,95.34,14573839,28.71,29.23,28.35,28.95,47992800,2026-03-13T02:46:22Z
GE,2008-07-28,91.19,95.34,91.05,94.51,14961992,27.69,28.95,27.65,28.7,49271000,2026-03-13T02:46:22Z
GE,2008-07-29,93.52,93.52,91.38,91.48,13891170,28.4,28.4,27.75,27.78,45744700,2026-03-13T02:46:22Z
GE,2008-07-30,95.4,96.65,94.05,94.61,16833106,28.97,29.35,28.56,28.73,55432700,2026-03-13T02:46:22Z
GE,2008-07-31,93.16,95.37,93.16,94.51,16644955,28.29,28.96,28.29,28.7,54813100,2026-03-13T02:46:22Z
GE,2008-08-01,92.9,94.51,92.54,93.69,11372618,28.21,28.7,28.1,28.45,37450900,2026-03-13T02:46:22Z
GE,2008-08-04,92.77,93.62,91.42,92.67,11192384,28.17,28.43,27.76,28.14,36857400,2026-03-13T02:46:22Z
GE,2008-08-05,96.32,96.32,93.46,93.49,15863557,29.25,29.25,28.38,28.39,52239900,2026-03-13T02:46:22Z
GE,2008-08-06,95.5,96.09,94.61,96.06,11817458,29,29.18,28.73,29.17,38915800,2026-03-13T02:46:22Z
GE,2008-08-07,94.08,95.76,93.82,94.74,12615044,28.57,29.08,28.49,28.77,41542300,2026-03-13T02:46:22Z
GE,2008-08-08,97.61,97.94,94.08,94.12,18523316,29.64,29.74,28.57,28.58,60998700,2026-03-13T02:46:22Z
GE,2008-08-11,98.63,100.08,97.05,97.54,14930318,29.95,30.39,29.47,29.62,49166700,2026-03-13T02:46:22Z
GE,2008-08-12,97.94,99.39,97.38,98.53,11481940,29.74,30.18,29.57,29.92,37810900,2026-03-13T02:46:22Z
GE,2008-08-13,96.52,97.67,95.76,97.41,11754657,29.31,29.66,29.08,29.58,38709000,2026-03-13T02:46:22Z
GE,2008-08-14,97.21,98.43,95.53,95.86,10897349,29.52,29.89,29.01,29.11,35885800,2026-03-13T02:46:22Z
GE,2008-08-15,98.13,98.96,97.21,97.67,12205085,29.8,30.05,29.52,29.66,40192300,2026-03-13T02:46:22Z
GE,2008-08-18,96.65,99.81,95.99,98.69,12770939,29.35,30.31,29.15,29.97,42055700,2026-03-13T02:46:22Z
GE,2008-08-19,94.54,96.32,93.66,96.03,12775461,28.71,29.25,28.44,29.16,42070600,2026-03-13T02:46:22Z
GE,2008-08-20,94.35,95.27,92.5,94.64,12348423,28.65,28.93,28.09,28.74,40664300,2026-03-13T02:46:22Z
GE,2008-08-21,94.68,94.91,92.87,93.19,11426249,28.75,28.82,28.2,28.3,37627500,2026-03-13T02:46:22Z
GE,2008-08-22,95.89,96.29,95.01,95.17,9065263,29.12,29.24,28.85,28.9,29852600,2026-03-13T02:46:22Z
GE,2008-08-25,93.26,95.63,92.8,95.63,13080740,28.32,29.04,28.18,29.04,43075900,2026-03-13T02:46:22Z
GE,2008-08-26,93.1,93.82,92.14,93.82,12235878,28.27,28.49,27.98,28.49,40293700,2026-03-13T02:46:22Z
GE,2008-08-27,92.93,94.15,92.4,93.06,10155087,28.22,28.59,28.06,28.26,33441500,2026-03-13T02:46:22Z
GE,2008-08-28,94.94,95.2,93.19,93.36,12963075,28.83,28.91,28.3,28.35,42688400,2026-03-13T02:46:22Z
GE,2008-08-29,92.54,95.1,92.47,94.78,14298966,28.1,28.88,28.08,28.78,47087600,2026-03-13T02:46:22Z
GE,2008-09-02,93.95,95.99,93.66,94.02,17861372,28.53,29.15,28.44,28.55,58818900,2026-03-13T02:46:22Z
GE,2008-09-03,94.08,94.48,93.19,93.85,11266942,28.57,28.69,28.3,28.5,37102900,2026-03-13T02:46:22Z
GE,2008-09-04,91.22,93.82,90.89,93.56,18963213,27.7,28.49,27.6,28.41,62447300,2026-03-13T02:46:22Z
GE,2008-09-05,91.81,91.98,90.2,90.49,15205903,27.88,27.93,27.39,27.48,50074200,2026-03-13T02:46:22Z
GE,2008-09-08,95.8,96.06,93.03,95.1,25669881,29.09,29.17,28.25,28.88,84532896,2026-03-13T02:46:22Z
GE,2008-09-09,92.6,96.42,92.4,95.37,22017904,28.12,29.28,28.06,28.96,72506704,2026-03-13T02:46:22Z
GE,2008-09-10,92.5,93.62,91.38,93.43,16961516,28.09,28.43,27.75,28.37,55855600,2026-03-13T02:46:22Z
GE,2008-09-11,92.73,93.29,88.42,91.22,24929912,28.16,28.33,26.85,27.7,82096096,2026-03-13T02:46:22Z
GE,2008-09-12,88.09,91.35,86.71,91.32,46936209,26.75,27.74,26.33,27.73,154564496,2026-03-13T02:46:22Z
GE,2008-09-15,81.01,85.79,78.74,81.73,52734753,24.6,26.05,23.91,24.82,173659600,2026-03-13T02:46:22Z
GE,2008-09-16,82.52,83.74,72.97,73.01,55472350,25.06,25.43,22.16,22.17,182674704,2026-03-13T02:46:22Z
GE,2008-09-17,77.03,80.29,73.44,79,69187028,23.39,24.38,22.3,23.99,227838096,2026-03-13T02:46:22Z
GE,2008-09-18,82.73,85.2,74.06,79.23,62497999,24.79,25.53,22.19,23.74,208575104,2026-03-13T02:46:22Z
GE,2008-09-19,88.84,97.45,85.17,97.18,63192230,26.62,29.2,25.52,29.12,210892000,2026-03-13T02:46:22Z
GE,2008-09-22,87.27,91.71,85.6,91.38,16772463,26.15,27.48,25.65,27.38,55974900,2026-03-13T02:46:22Z
GE,2008-09-23,83.27,85.57,82.3,84.63,19220050,24.95,25.64,24.66,25.36,64143200,2026-03-13T02:46:22Z
GE,2008-09-24,82.06,83.7,79.46,83.7,18201528,24.59,25.08,23.81,25.08,60744100,2026-03-13T02:46:22Z
GE,2008-09-25,85.7,87.57,78.43,78.96,31420032,25.68,26.24,23.5,23.66,104858400,2026-03-13T02:46:22Z
GE,2008-09-26,84.27,86.14,81.83,82.6,14187416,25.25,25.81,24.52,24.75,47347800,2026-03-13T02:46:22Z
GE,2008-09-29,77.09,85.57,77.09,84.27,22512314,23.1,25.64,23.1,25.25,75130496,2026-03-13T02:46:22Z
GE,2008-09-30,85.1,86.94,79.66,79.66,22767111,25.5,26.05,23.87,23.87,75980896,2026-03-13T02:46:22Z
GE,2008-10-01,81.76,85.94,72.25,80.1,54528738,24.5,25.75,21.65,24,181979104,2026-03-13T02:46:22Z
GE,2008-10-02,73.92,76.39,73.45,76.19,155755923,22.15,22.89,22.01,22.83,519805504,2026-03-13T02:46:22Z
GE,2008-10-03,71.99,76.76,71.72,75.76,64390013,21.57,23,21.49,22.7,214889408,2026-03-13T02:46:22Z
GE,2008-10-06,71.35,72.99,65.71,68.52,55304061,21.38,21.87,19.69,20.53,184566800,2026-03-13T02:46:22Z
GE,2008-10-07,67.75,75.59,67.38,74.36,47351024,20.3,22.65,20.19,22.28,158024896,2026-03-13T02:46:22Z
GE,2008-10-08,68.92,73.39,66.41,66.81,41584642,20.65,21.99,19.9,20.02,138780800,2026-03-13T02:46:22Z
GE,2008-10-09,63.44,72.15,63.41,71.32,47095309,19.01,21.62,19,21.37,157171504,2026-03-13T02:46:22Z
GE,2008-10-10,71.75,71.75,61.41,62.41,82475322,21.5,21.5,18.4,18.7,275245408,2026-03-13T02:46:22Z
GE,2008-10-13,70.08,74.52,67.91,74.32,42650722,21,22.33,20.35,22.27,142338592,2026-03-13T02:46:22Z
GE,2008-10-14,69.58,74.72,65.91,74.46,45891145,20.85,22.39,19.75,22.31,153152992,2026-03-13T02:46:22Z
GE,2008-10-15,64.24,68.95,63.58,68.32,34315691,19.25,20.66,19.05,20.47,114522096,2026-03-13T02:46:22Z
GE,2008-10-16,66.38,66.61,61.11,65.11,45263949,19.89,19.96,18.31,19.51,151059808,2026-03-13T02:46:22Z
GE,2008-10-17,65.51,68.52,63.41,64.58,37328735,19.63,20.53,19,19.35,124577504,2026-03-13T02:46:22Z
GE,2008-10-20,67.21,67.98,64.84,67.61,28343257,20.14,20.37,19.43,20.26,94590200,2026-03-13T02:46:22Z
GE,2008-10-21,67.91,70.18,66.41,66.58,30825938,20.35,21.03,19.9,19.95,102875600,2026-03-13T02:46:22Z
GE,2008-10-22,63.28,67.41,61.74,66.88,35428934,18.96,20.2,18.5,20.04,118237296,2026-03-13T02:46:22Z
GE,2008-10-23,62.74,64.21,59.97,64.21,45920820,18.8,19.24,17.97,19.24,153252000,2026-03-13T02:46:22Z
GE,2008-10-24,59.5,60.84,57.64,58.27,38676688,17.83,18.23,17.27,17.46,129076000,2026-03-13T02:46:22Z
GE,2008-10-27,59.17,62.91,58.47,60.21,36180670,17.73,18.85,17.52,18.04,120746096,2026-03-13T02:46:22Z
GE,2008-10-28,65.04,65.41,59.17,61.31,41808829,19.49,19.6,17.73,18.37,139528896,2026-03-13T02:46:22Z
GE,2008-10-29,64.08,66.75,62.41,65.14,41104526,19.2,20,18.7,19.52,137178400,2026-03-13T02:46:22Z
GE,2008-10-30,64.58,66.65,63.18,66.08,27464595,19.35,19.97,18.93,19.8,91657800,2026-03-13T02:46:22Z
GE,2008-10-31,65.11,66.08,63.81,64.31,27547774,19.51,19.8,19.12,19.27,91935400,2026-03-13T02:46:22Z
GE,2008-11-03,64.41,66.35,64.08,65.98,16904333,19.3,19.88,19.2,19.77,56415000,2026-03-13T02:46:22Z
GE,2008-11-04,69.32,70.22,65.91,66.18,35059311,20.77,21.04,19.75,19.83,117003696,2026-03-13T02:46:22Z
GE,2008-11-05,66.51,70.02,66.08,69.05,26194662,19.93,20.98,19.8,20.69,87419600,2026-03-13T02:46:22Z
GE,2008-11-06,61.21,65.91,60.07,65.75,38171911,18.34,19.75,18,19.7,127391400,2026-03-13T02:46:22Z
GE,2008-11-07,62.94,63.74,61.01,62.14,23671551,18.86,19.1,18.28,18.62,78999200,2026-03-13T02:46:22Z
GE,2008-11-10,61.57,64.71,60.41,64.44,24440064,18.45,19.39,18.1,19.31,81564000,2026-03-13T02:46:22Z
GE,2008-11-11,59.44,61.07,57.94,61.01,31169515,17.81,18.3,17.36,18.28,104022304,2026-03-13T02:46:22Z
GE,2008-11-12,54.36,58.57,53.56,58.34,53066801,16.29,17.55,16.05,17.48,177100192,2026-03-13T02:46:22Z
GE,2008-11-13,56.27,56.5,48.66,54.77,90161913,16.86,16.93,14.58,16.41,300898112,2026-03-13T02:46:22Z
GE,2008-11-14,53.46,57.04,53.23,54.6,38440305,16.02,17.09,15.95,16.36,128287200,2026-03-13T02:46:22Z
GE,2008-11-17,53.76,55.07,51.4,53.1,29212832,16.11,16.5,15.4,15.91,97492304,2026-03-13T02:46:22Z
GE,2008-11-18,53.6,54.57,50.96,53.5,40489403,16.06,16.35,15.27,16.03,135125504,2026-03-13T02:46:22Z
GE,2008-11-19,48.22,54.06,48.22,52.96,54404189,14.45,16.2,14.45,15.87,181563600,2026-03-13T02:46:22Z
GE,2008-11-20,42.85,48.22,41.98,47.06,70447139,12.84,14.45,12.58,14.1,235103696,2026-03-13T02:46:22Z
GE,2008-11-21,46.82,46.92,42.72,45.35,51681012,14.03,14.06,12.8,13.59,172475600,2026-03-13T02:46:22Z
GE,2008-11-24,50.93,53.1,47.59,48.86,47712374,15.26,15.91,14.26,14.64,159230896,2026-03-13T02:46:22Z
GE,2008-11-25,52.63,53.66,50.36,53.2,36643219,15.77,16.08,15.09,15.94,122289800,2026-03-13T02:46:22Z
GE,2008-11-26,54.03,54.23,50.73,51.5,24822261,16.19,16.25,15.2,15.43,82839600,2026-03-13T02:46:22Z
GE,2008-11-28,57.3,57.37,54.06,54.63,17687122,17.17,17.19,16.2,16.37,59027400,2026-03-13T02:46:22Z
GE,2008-12-01,51.73,54.67,51.46,54.63,31331056,15.5,16.38,15.42,16.37,104561296,2026-03-13T02:46:22Z
GE,2008-12-02,58.77,59.37,52.63,53.86,65650369,17.61,17.79,15.77,16.14,219095504,2026-03-13T02:46:22Z
GE,2008-12-03,60.51,60.97,56.27,56.97,47106653,18.13,18.27,16.86,17.07,157209504,2026-03-13T02:46:22Z
GE,2008-12-04,58.57,60.77,57.14,59.5,33601565,17.55,18.21,17.12,17.83,112138704,2026-03-13T02:46:22Z
GE,2008-12-05,59.57,61.07,56.67,58,32124457,17.85,18.3,16.98,17.38,107209296,2026-03-13T02:46:22Z
GE,2008-12-08,63.01,64.41,61.24,61.47,39379146,18.88,19.3,18.35,18.42,131420400,2026-03-13T02:46:22Z
GE,2008-12-09,59.34,62.27,58.7,61.01,33196943,17.78,18.66,17.59,18.28,110788400,2026-03-13T02:46:22Z
GE,2008-12-10,60.07,61.57,58.97,60.17,23059373,18,18.45,17.67,18.03,76956200,2026-03-13T02:46:22Z
GE,2008-12-11,56.9,58.74,56.7,58.07,24166875,17.05,17.6,16.99,17.4,80652304,2026-03-13T02:46:22Z
GE,2008-12-12,57.1,57.7,54.73,55.4,21602851,17.11,17.29,16.4,16.6,72095400,2026-03-13T02:46:22Z
GE,2008-12-15,56.57,57.1,55.6,56.57,19096126,16.95,17.11,16.66,16.95,63729700,2026-03-13T02:46:22Z
GE,2008-12-16,59.8,60.51,56.77,57.17,35604406,17.92,18.13,17.01,17.13,118822896,2026-03-13T02:46:22Z
GE,2008-12-17,58.04,59.37,55,58.8,30505656,17.39,17.79,16.48,17.62,101806800,2026-03-13T02:46:22Z
GE,2008-12-18,53.26,58.6,52.63,58.54,46045619,15.96,17.56,15.77,17.54,153668400,2026-03-13T02:46:22Z
GE,2008-12-19,55.07,55.23,53.4,53.93,40862555,16.5,16.55,16,16.16,136371008,2026-03-13T02:46:22Z
GE,2008-12-22,53.63,55.5,52.56,55.27,21738574,16.07,16.63,15.75,16.56,72548304,2026-03-13T02:46:22Z
GE,2008-12-23,54.83,55.07,54,54.3,19553185,16.43,16.5,16.18,16.27,65255000,2026-03-13T02:46:22Z
GE,2008-12-24,54.8,55.21,54.15,54.76,6882279,16.11,16.23,15.92,16.1,23410000,2026-03-13T02:46:22Z
GE,2008-12-26,54.32,54.87,53.68,54.59,8723974,15.97,16.13,15.78,16.05,29674500,2026-03-13T02:46:22Z
GE,2008-12-29,53.27,54.42,52.21,54.25,16436017,15.66,16,15.35,15.95,55906900,2026-03-13T02:46:22Z
GE,2008-12-30,53.81,53.91,52.89,53.74,17176137,15.82,15.85,15.55,15.8,58424400,2026-03-13T02:46:22Z
GE,2008-12-31,55.1,55.58,53.64,53.81,17727253,16.2,16.34,15.77,15.82,60299000,2026-03-13T02:46:22Z
GE,2009-01-02,58.06,58.06,55.34,56.16,16798408,17.07,17.07,16.27,16.51,57139600,2026-03-13T02:46:22Z
GE,2009-01-05,56.57,58.64,56.12,58.4,21323265,16.63,17.24,16.5,17.17,72530800,2026-03-13T02:46:22Z
GE,2009-01-06,57.35,57.76,55.99,57.35,20930210,16.86,16.98,16.46,16.86,71193904,2026-03-13T02:46:22Z
GE,2009-01-07,54.8,56.81,54.46,56.7,20830583,16.11,16.7,16.01,16.67,70855000,2026-03-13T02:46:22Z
GE,2009-01-08,54.9,55.1,53.47,54.59,18267420,16.14,16.2,15.72,16.05,62136400,2026-03-13T02:46:22Z
GE,2009-01-09,54.42,55.75,53.85,55.14,15627430,16,16.39,15.83,16.21,53156500,2026-03-13T02:46:22Z
GE,2009-01-12,53.85,55.1,53.34,54.32,19218983,15.83,16.2,15.68,15.97,65373100,2026-03-13T02:46:22Z
GE,2009-01-13,50.82,53.37,50.07,53.23,37956802,14.94,15.69,14.72,15.65,129109696,2026-03-13T02:46:22Z
GE,2009-01-14,48,49.8,47.69,49.63,29660356,14.11,14.64,14.02,14.59,100889400,2026-03-13T02:46:22Z
GE,2009-01-15,46.84,48.1,45.07,47.89,41338256,13.77,14.14,13.25,14.08,140611696,2026-03-13T02:46:22Z
GE,2009-01-16,47.48,48.78,44.42,48.3,37923411,13.96,14.34,13.06,14.2,128996096,2026-03-13T02:46:22Z
GE,2009-01-20,43.98,47.93,43.54,47.45,34922923,12.93,14.09,12.8,13.95,118789800,2026-03-13T02:46:22Z
GE,2009-01-21,44.32,45,40.41,40.41,43354726,13.03,13.23,11.88,11.88,147470592,2026-03-13T02:46:22Z
GE,2009-01-22,45.85,46.12,41.06,42.14,44550803,13.48,13.56,12.07,12.39,151539104,2026-03-13T02:46:22Z
GE,2009-01-23,40.92,44.87,40.38,43.17,95940897,12.03,13.19,11.87,12.69,326341888,2026-03-13T02:46:22Z
GE,2009-01-26,42.25,43.03,41.4,42.45,36539963,12.42,12.65,12.17,12.48,124290200,2026-03-13T02:46:22Z
GE,2009-01-27,44.42,44.87,43.03,43.3,35109685,13.06,13.19,12.65,12.73,119425104,2026-03-13T02:46:22Z
GE,2009-01-28,45.92,46.77,44.8,45.27,33940017,13.5,13.75,13.17,13.31,115446600,2026-03-13T02:46:22Z
GE,2009-01-29,43.27,45.41,43.17,45.34,23343469,12.72,13.35,12.69,13.33,79402496,2026-03-13T02:46:22Z
GE,2009-01-30,41.26,43.54,40.85,43.27,32755821,12.13,12.8,12.01,12.72,111418400,2026-03-13T02:46:22Z
GE,2009-02-02,39.53,40.92,39.15,40.92,41317825,11.62,12.03,11.51,12.03,140542000,2026-03-13T02:46:22Z
GE,2009-02-03,38.67,40.41,38.51,40.41,37032963,11.37,11.88,11.32,11.88,125967200,2026-03-13T02:46:22Z
GE,2009-02-04,38.3,40.07,38.06,39.32,30314961,11.26,11.78,11.19,11.56,103115904,2026-03-13T02:46:22Z
GE,2009-02-05,36.91,38.37,36.26,37.72,57252232,10.85,11.28,10.66,11.09,194742496,2026-03-13T02:46:22Z
GE,2009-02-06,37.76,38.95,36.57,37.08,64300271,11.1,11.45,10.75,10.9,218716496,2026-03-13T02:46:22Z
GE,2009-02-09,42.99,43.88,37.83,38.57,68449531,12.64,12.9,11.12,11.34,232830000,2026-03-13T02:46:22Z
GE,2009-02-10,39.53,43,38.64,42.66,57691075,11.62,12.64,11.36,12.54,196235392,2026-03-13T02:46:22Z
GE,2009-02-11,40.61,40.99,39.83,40.65,25743582,11.94,12.05,11.71,11.95,87566400,2026-03-13T02:46:22Z
GE,2009-02-12,39.73,39.97,38.1,39.97,38824367,11.68,11.75,11.2,11.75,132060704,2026-03-13T02:46:22Z
GE,2009-02-13,38.91,39.93,38.61,39.29,25452819,11.44,11.74,11.35,11.55,86577400,2026-03-13T02:46:22Z
GE,2009-02-17,36.77,38.1,36.43,38.1,39322461,10.81,11.2,10.71,11.2,133754800,2026-03-13T02:46:22Z
GE,2009-02-18,36.94,37.93,36.33,37.65,28003893,10.86,11.15,10.68,11.07,95255000,2026-03-13T02:46:22Z
GE,2009-02-19,35.22,38.45,34.84,38.31,44817890,10.06,10.98,9.95,10.94,156927200,2026-03-13T02:46:22Z
GE,2009-02-20,32.84,34.45,31.44,34,92783724,9.38,9.84,8.98,9.71,324876512,2026-03-13T02:46:22Z
GE,2009-02-23,30.99,33.61,30.74,33.54,63965493,8.85,9.6,8.78,9.58,223971200,2026-03-13T02:46:22Z
GE,2009-02-24,31.79,32.42,29.52,31.34,74662180,9.08,9.26,8.43,8.95,261424704,2026-03-13T02:46:22Z
GE,2009-02-25,31.55,33.12,30.5,31.83,54761688,9.01,9.46,8.71,9.09,191744800,2026-03-13T02:46:22Z
GE,2009-02-26,31.86,34.14,31.55,32.49,44348572,9.1,9.75,9.01,9.28,155283696,2026-03-13T02:46:22Z
GE,2009-02-27,29.8,32.21,29.41,30.11,91560416,8.51,9.2,8.4,8.6,320592992,2026-03-13T02:46:22Z
GE,2009-03-02,26.61,29.06,26.3,29.03,84437784,7.6,8.3,7.51,8.29,295653696,2026-03-13T02:46:22Z
GE,2009-03-03,24.55,27.63,23.99,27.45,118321405,7.01,7.89,6.85,7.84,414294016,2026-03-13T02:46:22Z
GE,2009-03-04,23.42,25.39,20.06,25.32,214977547,6.69,7.25,5.73,7.23,752731008,2026-03-13T02:46:22Z
GE,2009-03-05,23.32,25.11,22.86,23.64,127127427,6.66,7.17,6.53,6.75,445129504,2026-03-13T02:46:22Z
GE,2009-03-06,24.72,25.39,23.32,24.51,91222533,7.06,7.25,6.66,7,319410400,2026-03-13T02:46:22Z
GE,2009-03-09,25.95,27.42,24.09,24.34,75665382,7.41,7.83,6.88,6.95,264937904,2026-03-13T02:46:22Z
GE,2009-03-10,31.06,31.48,27.84,28.05,105272224,8.87,8.99,7.95,8.01,368604288,2026-03-13T02:46:22Z
GE,2009-03-11,29.73,32.77,29.1,32.32,71796495,8.49,9.36,8.31,9.23,251391008,2026-03-13T02:46:22Z
GE,2009-03-12,33.51,34.24,29.52,30.57,101413129,9.57,9.78,8.43,8.73,355091904,2026-03-13T02:46:22Z
GE,2009-03-13,33.68,34.94,32.56,34.66,61753310,9.62,9.98,9.3,9.9,216225200,2026-03-13T02:46:22Z
GE,2009-03-16,33.82,36.28,33.61,34.91,64615914,9.66,10.36,9.6,9.97,226248192,2026-03-13T02:46:22Z
GE,2009-03-17,35.01,35.19,33.05,34.49,42978717,10,10.05,9.44,9.85,150487104,2026-03-13T02:46:22Z
GE,2009-03-18,36.13,37.43,33.96,34.77,56981090,10.32,10.69,9.7,9.93,199515600,2026-03-13T02:46:22Z
GE,2009-03-19,35.47,39.74,34.84,39.22,82179638,10.13,11.35,9.95,11.2,287746912,2026-03-13T02:46:22Z
GE,2009-03-20,33.4,35.26,32.42,35.19,72199028,9.54,10.07,9.26,10.05,252800496,2026-03-13T02:46:22Z
GE,2009-03-23,36.52,36.59,34.24,35.99,60795996,10.43,10.45,9.78,10.28,212873504,2026-03-13T02:46:22Z
GE,2009-03-24,36.45,38.2,35.19,35.78,56126492,10.41,10.91,10.05,10.22,196523600,2026-03-13T02:46:22Z
GE,2009-03-25,36.73,38.83,35.33,37.6,59858535,10.49,11.09,10.09,10.74,209590896,2026-03-13T02:46:22Z
GE,2009-03-26,38.17,38.52,37.29,37.99,45949332,10.9,11,10.65,10.85,160888496,2026-03-13T02:46:22Z
GE,2009-03-27,37.75,38.62,37.29,37.71,29881516,10.78,11.03,10.65,10.77,104628304,2026-03-13T02:46:22Z
GE,2009-03-30,34.77,39.11,34.24,36.17,44035505,9.93,11.17,9.78,10.33,154187600,2026-03-13T02:46:22Z
GE,2009-03-31,35.4,36.63,34.77,36.17,37892474,10.11,10.46,9.93,10.33,132678096,2026-03-13T02:46:22Z
GE,2009-04-01,35.61,35.92,34.31,34.7,32539892,10.17,10.26,9.8,9.91,113936304,2026-03-13T02:46:22Z
GE,2009-04-02,37.61,38.52,37.01,37.64,41874741,10.74,11,10.57,10.75,146621600,2026-03-13T02:46:22Z
GE,2009-04-03,38.31,38.48,37.5,37.85,35322630,10.94,10.99,10.71,10.81,123679800,2026-03-13T02:46:22Z
GE,2009-04-06,39.18,39.32,37.33,37.99,37570539,11.19,11.23,10.66,10.85,131550896,2026-03-13T02:46:22Z
GE,2009-04-07,37.29,38.2,37.01,38.17,30685459,10.65,10.91,10.57,10.9,107443200,2026-03-13T02:46:22Z
GE,2009-04-08,37.26,37.71,36.45,37.57,27366988,10.64,10.77,10.41,10.73,95823800,2026-03-13T02:46:22Z
GE,2009-04-09,39.67,40.72,38.83,39.36,42954231,11.33,11.63,11.09,11.24,150401600,2026-03-13T02:46:22Z
GE,2009-04-13,42.47,43.49,39.39,40.06,54387311,12.13,12.42,11.25,11.44,190433600,2026-03-13T02:46:22Z
GE,2009-04-14,40.3,43.77,39.99,43.73,52414609,11.51,12.5,11.42,12.49,183526592,2026-03-13T02:46:22Z
GE,2009-04-15,41.42,41.84,39.01,40.23,34322058,11.83,11.95,11.14,11.49,120176600,2026-03-13T02:46:22Z
GE,2009-04-16,42.96,43.52,41,42.23,37823629,12.27,12.43,11.71,12.06,132437000,2026-03-13T02:46:22Z
GE,2009-04-17,43.38,44.57,41.14,43.42,63813663,12.39,12.73,11.75,12.4,223439600,2026-03-13T02:46:22Z
GE,2009-04-20,39.74,42.44,39.39,42.02,40991797,11.35,12.12,11.25,12,143530208,2026-03-13T02:46:22Z
GE,2009-04-21,40.97,41.63,37.99,38.48,35237071,11.7,11.89,10.85,10.99,123380400,2026-03-13T02:46:22Z
GE,2009-04-22,41.32,43.7,40.34,40.83,37179040,11.8,12.48,11.52,11.66,130179904,2026-03-13T02:46:22Z
GE,2009-04-23,41.6,42.68,40.51,42.58,27091470,11.88,12.19,11.57,12.16,94859104,2026-03-13T02:46:22Z
GE,2009-04-24,42.4,43.24,41.84,42.12,27814159,12.11,12.35,11.95,12.03,97389504,2026-03-13T02:46:22Z
GE,2009-04-27,42.33,43.24,41.49,42.47,23336561,12.09,12.35,11.85,12.13,81711504,2026-03-13T02:46:22Z
GE,2009-04-28,42.02,43,41.25,41.84,23557761,12,12.28,11.78,11.95,82485904,2026-03-13T02:46:22Z
GE,2009-04-29,42.79,44.01,42.4,42.61,29094837,12.22,12.57,12.11,12.17,101873800,2026-03-13T02:46:22Z
GE,2009-04-30,44.29,44.85,43.84,43.87,32670934,12.65,12.81,12.52,12.53,114395200,2026-03-13T02:46:22Z
GE,2009-05-01,44.43,44.99,43.77,44.61,22848154,12.69,12.85,12.5,12.74,80001296,2026-03-13T02:46:22Z
GE,2009-05-04,45.87,46.11,44.85,45.38,33518802,13.1,13.17,12.81,12.96,117364000,2026-03-13T02:46:22Z
GE,2009-05-05,45.87,47.23,45.52,46.39,30120970,13.1,13.49,13,13.25,105466704,2026-03-13T02:46:22Z
GE,2009-05-06,47.86,48.32,46.6,47.16,36807980,13.67,13.8,13.31,13.47,128880800,2026-03-13T02:46:22Z
GE,2009-05-07,48.88,50.39,48.22,50.07,40578650,13.96,14.39,13.77,14.3,142083696,2026-03-13T02:46:22Z
GE,2009-05-08,50.88,50.95,49.51,50.35,36557720,14.53,14.55,14.14,14.38,128004600,2026-03-13T02:46:22Z
GE,2009-05-11,49.69,50.49,49.37,50.35,26697721,14.19,14.42,14.1,14.38,93480400,2026-03-13T02:46:22Z
GE,2009-05-12,47.9,50.11,46.43,49.86,33726917,13.68,14.31,13.26,14.24,118092704,2026-03-13T02:46:22Z
GE,2009-05-13,45.2,46.39,44.64,46.25,30440448,12.91,13.25,12.75,13.21,106585400,2026-03-13T02:46:22Z
GE,2009-05-14,45.66,46.15,43.77,44.71,25771243,13.04,13.18,12.5,12.77,90236304,2026-03-13T02:46:22Z
GE,2009-05-15,45.03,46.43,44.47,45.76,23771324,12.86,13.26,12.7,13.07,83233696,2026-03-13T02:46:22Z
GE,2009-05-18,47.16,47.27,45.8,45.9,21940154,13.47,13.5,13.08,13.11,76822096,2026-03-13T02:46:22Z
GE,2009-05-19,47.97,48.88,47.23,47.76,26298803,13.7,13.96,13.49,13.64,92083600,2026-03-13T02:46:22Z
GE,2009-05-20,48.21,50.35,48.11,49.13,32433857,13.77,14.38,13.74,14.03,113565200,2026-03-13T02:46:22Z
GE,2009-05-21,46.36,47.37,45.69,47.3,30104724,13.24,13.53,13.05,13.51,105409696,2026-03-13T02:46:22Z
GE,2009-05-22,45.87,46.92,45.59,46.78,15429034,13.1,13.4,13.02,13.36,54023800,2026-03-13T02:46:22Z
GE,2009-05-26,46.88,47.66,44.99,45.59,27391202,13.39,13.61,12.85,13.02,95908496,2026-03-13T02:46:22Z
GE,2009-05-27,45.48,47.27,45.03,47.16,30699994,12.99,13.5,12.86,13.47,107494096,2026-03-13T02:46:22Z
GE,2009-05-28,46.18,46.5,44.85,46.32,23551322,13.19,13.28,12.81,13.23,82463400,2026-03-13T02:46:22Z
GE,2009-05-29,47.2,47.37,42.79,46.67,24242295,13.48,13.53,12.22,13.33,84882896,2026-03-13T02:46:22Z
GE,2009-06-01,48.53,48.99,47.3,48.39,24673961,13.86,13.99,13.51,13.82,86394304,2026-03-13T02:46:22Z
GE,2009-06-02,48.32,48.5,47.44,47.97,18878415,13.8,13.85,13.55,13.7,66101500,2026-03-13T02:46:22Z
GE,2009-06-03,47.27,47.97,46.57,47.8,19514758,13.5,13.7,13.3,13.65,68329696,2026-03-13T02:46:22Z
GE,2009-06-04,48.14,48.15,47.02,47.69,16664689,13.75,13.75,13.43,13.62,58350300,2026-03-13T02:46:22Z
GE,2009-06-05,47.41,48.95,47.3,48.88,21602119,13.54,13.98,13.51,13.96,75638400,2026-03-13T02:46:22Z
GE,2009-06-08,47.48,47.94,46.71,47.27,16700408,13.56,13.69,13.34,13.5,58475400,2026-03-13T02:46:22Z
GE,2009-06-09,47.51,47.94,46.92,47.48,15525950,13.57,13.69,13.4,13.56,54363100,2026-03-13T02:46:22Z
GE,2009-06-10,46.92,48.22,45.94,48.04,23391650,13.4,13.77,13.12,13.72,81904304,2026-03-13T02:46:22Z
GE,2009-06-11,47.13,48.15,46.71,47.02,20394557,13.46,13.75,13.34,13.43,71410304,2026-03-13T02:46:22Z
GE,2009-06-12,47.3,47.34,46.53,47.09,16399983,13.51,13.52,13.29,13.45,57423500,2026-03-13T02:46:22Z
GE,2009-06-15,46.04,46.78,45.55,46.78,21560404,13.15,13.36,13.01,13.36,75492400,2026-03-13T02:46:22Z
GE,2009-06-16,44.75,46.32,44.54,46.15,26090169,12.78,13.23,12.72,13.18,91353104,2026-03-13T02:46:22Z
GE,2009-06-17,42.89,44.57,42.51,44.5,37029652,12.25,12.73,12.14,12.71,129657000,2026-03-13T02:46:22Z
GE,2009-06-18,42.26,43.21,40.46,43,49890401,11.97,12.24,11.46,12.18,176125904,2026-03-13T02:46:22Z
GE,2009-06-19,42.72,43.32,42.12,42.82,35261167,12.1,12.27,11.93,12.13,124480896,2026-03-13T02:46:22Z
GE,2009-06-22,40.67,42.01,40.6,41.87,29016799,11.52,11.9,11.5,11.86,102436800,2026-03-13T02:46:22Z
GE,2009-06-23,40.95,41.16,39.72,40.7,24637079,11.6,11.66,11.25,11.53,86975104,2026-03-13T02:46:22Z
GE,2009-06-24,41.3,42.47,41.02,41.55,23408713,11.7,12.03,11.62,11.77,82638800,2026-03-13T02:46:22Z
GE,2009-06-25,41.87,42.12,40.67,41.02,21466463,11.86,11.93,11.52,11.62,75782000,2026-03-13T02:46:22Z
GE,2009-06-26,41.48,42.36,41.3,42.01,19293712,11.75,12,11.7,11.9,68111696,2026-03-13T02:46:22Z
GE,2009-06-29,41.52,41.76,41.09,41.73,14927311,11.76,11.83,11.64,11.82,52697200,2026-03-13T02:46:22Z
GE,2009-06-30,41.37,42.15,40.77,41.8,24837442,11.72,11.94,11.55,11.84,87682600,2026-03-13T02:46:22Z
GE,2009-07-01,41.59,42.01,41.09,41.52,18179285,11.78,11.9,11.64,11.76,64177500,2026-03-13T02:46:22Z
GE,2009-07-02,40.46,41.59,40.46,41.09,20288995,11.46,11.78,11.46,11.64,71625296,2026-03-13T02:46:22Z
GE,2009-07-06,40.53,40.67,39.79,40.14,18547359,11.48,11.52,11.27,11.37,65476900,2026-03-13T02:46:22Z
GE,2009-07-07,38.87,40.74,38.69,40.49,28118447,11.01,11.54,10.96,11.47,99265296,2026-03-13T02:46:22Z
GE,2009-07-08,37.81,39.05,37.07,38.8,39565256,10.71,11.06,10.5,10.99,139675600,2026-03-13T02:46:22Z
GE,2009-07-09,38.34,38.8,37.53,38.62,23108996,10.86,10.99,10.63,10.94,81580704,2026-03-13T02:46:22Z
GE,2009-07-10,38.06,38.3,37.42,37.92,19861190,10.78,10.85,10.6,10.74,70115000,2026-03-13T02:46:22Z
GE,2009-07-13,40.46,40.6,38.37,38.41,28813790,11.46,11.5,10.87,10.88,101720000,2026-03-13T02:46:22Z
GE,2009-07-14,41.09,41.41,40.46,40.85,20278188,11.64,11.73,11.46,11.57,71587200,2026-03-13T02:46:22Z
GE,2009-07-15,43.21,43.35,41.87,42.08,26129799,12.24,12.28,11.86,11.92,92244800,2026-03-13T02:46:22Z
GE,2009-07-16,43.78,44.13,42.01,42.61,26188584,12.4,12.5,11.9,12.07,92452304,2026-03-13T02:46:22Z
GE,2009-07-17,41.13,42.29,40.77,42.05,51245602,11.65,11.98,11.55,11.91,180910096,2026-03-13T02:46:22Z
GE,2009-07-20,41.2,42.12,40.88,41.34,26744623,11.67,11.93,11.58,11.71,94415400,2026-03-13T02:46:22Z
GE,2009-07-21,40.49,41.69,39.96,41.59,28668727,11.47,11.81,11.32,11.78,101207904,2026-03-13T02:46:22Z
GE,2009-07-22,41.06,41.45,39.72,40.1,22138566,11.63,11.74,11.25,11.36,78154800,2026-03-13T02:46:22Z
GE,2009-07-23,42.19,42.65,40.85,41.13,28990099,11.95,12.08,11.57,11.65,102342400,2026-03-13T02:46:22Z
GE,2009-07-24,42.47,42.54,41.59,41.98,16920487,12.03,12.05,11.78,11.89,59733700,2026-03-13T02:46:22Z
GE,2009-07-27,43.49,43.71,42.47,42.96,21833986,12.32,12.38,12.03,12.17,77079600,2026-03-13T02:46:22Z
GE,2009-07-28,44.2,44.83,43,43.25,29888128,12.52,12.7,12.18,12.25,105512800,2026-03-13T02:46:22Z
GE,2009-07-29,43.28,43.92,42.75,43.92,22671515,12.26,12.44,12.11,12.44,80036200,2026-03-13T02:46:22Z
GE,2009-07-30,46.28,47.2,45.79,45.93,47863117,13.11,13.37,12.97,13.01,168969104,2026-03-13T02:46:22Z
GE,2009-07-31,47.31,47.48,46.42,46.74,30955819,13.4,13.45,13.15,13.24,109281904,2026-03-13T02:46:22Z
GE,2009-08-03,48.44,48.86,47.48,48.19,28041434,13.72,13.84,13.45,13.65,98993400,2026-03-13T02:46:22Z
GE,2009-08-04,48.79,48.79,47.27,48.22,32391284,13.82,13.82,13.39,13.66,114349400,2026-03-13T02:46:22Z
GE,2009-08-05,49.39,49.78,48.82,48.89,28246006,13.99,14.1,13.83,13.85,99715504,2026-03-13T02:46:22Z
GE,2009-08-06,50.52,50.94,49.49,50.09,34054088,14.31,14.43,14.02,14.19,120219504,2026-03-13T02:46:22Z
GE,2009-08-07,51.89,52.53,50.8,51.3,27136944,14.7,14.88,14.39,14.53,95800304,2026-03-13T02:46:22Z
GE,2009-08-10,51.44,52.35,50.8,51.61,24279544,14.57,14.83,14.39,14.62,85713000,2026-03-13T02:46:22Z
GE,2009-08-11,49.39,51.15,48.97,50.98,29097959,13.99,14.49,13.87,14.44,102723104,2026-03-13T02:46:22Z
GE,2009-08-12,49.88,50.62,48.29,48.72,26160002,14.13,14.34,13.68,13.8,92351400,2026-03-13T02:46:22Z
GE,2009-08-13,49.78,50.91,49.21,50.77,23730797,14.1,14.42,13.94,14.38,83775800,2026-03-13T02:46:22Z
GE,2009-08-14,49.14,49.95,48.61,49.81,18602981,13.92,14.15,13.77,14.11,65673300,2026-03-13T02:46:22Z
GE,2009-08-17,47.16,47.38,46.46,47.13,23024129,13.36,13.42,13.16,13.35,81281000,2026-03-13T02:46:22Z
GE,2009-08-18,47.98,48.19,47.48,47.76,17034570,13.59,13.65,13.45,13.53,60136400,2026-03-13T02:46:22Z
GE,2009-08-19,47.76,48.08,46.92,47.06,17097869,13.53,13.62,13.29,13.33,60359800,2026-03-13T02:46:22Z
GE,2009-08-20,48.75,49,47.91,48.22,18095223,13.81,13.88,13.57,13.66,63880700,2026-03-13T02:46:22Z
GE,2009-08-21,50.16,50.41,49.42,49.99,25669029,14.21,14.28,14,14.16,90618200,2026-03-13T02:46:22Z
GE,2009-08-24,50.13,51.19,49.6,50.69,24246952,14.2,14.5,14.05,14.36,85597904,2026-03-13T02:46:22Z
GE,2009-08-25,50.48,50.98,50.13,50.24,21845243,14.3,14.44,14.2,14.23,77119200,2026-03-13T02:46:22Z
GE,2009-08-26,49.81,50.48,49.46,50.27,18877210,14.11,14.3,14.01,14.24,66641400,2026-03-13T02:46:22Z
GE,2009-08-27,50.09,50.31,49.25,49.81,18077170,14.19,14.25,13.95,14.11,63817000,2026-03-13T02:46:22Z
GE,2009-08-28,49.71,50.73,49.35,50.66,20928822,14.08,14.37,13.98,14.35,73884096,2026-03-13T02:46:22Z
GE,2009-08-31,49.07,49.35,48.54,49.21,19006422,13.9,13.98,13.75,13.94,67097500,2026-03-13T02:46:22Z
GE,2009-09-01,47.09,49,46.92,48.51,29310761,13.34,13.88,13.29,13.74,103474400,2026-03-13T02:46:22Z
GE,2009-09-02,46.6,47.02,46,46.64,19943932,13.2,13.32,13.03,13.21,70407104,2026-03-13T02:46:22Z
GE,2009-09-03,47.48,47.59,46.92,47.13,15425927,13.45,13.48,13.29,13.35,54457500,2026-03-13T02:46:22Z
GE,2009-09-04,48.96,49.07,46.95,47.59,21876957,13.87,13.9,13.3,13.48,77231200,2026-03-13T02:46:22Z
GE,2009-09-08,51.19,51.86,50.69,51.26,40503010,14.5,14.69,14.36,14.52,142985904,2026-03-13T02:46:22Z
GE,2009-09-09,52.49,53.06,51.58,52.18,43638595,14.87,15.03,14.61,14.78,154055392,2026-03-13T02:46:22Z
GE,2009-09-10,52.25,52.74,51.26,52.67,33957920,14.8,14.94,14.52,14.92,119880000,2026-03-13T02:46:22Z
GE,2009-09-11,51.79,52.88,51.65,52.5,28671881,14.67,14.98,14.63,14.87,101219000,2026-03-13T02:46:22Z
GE,2009-09-14,54.19,54.4,50.84,51.37,39454378,15.35,15.41,14.4,14.55,139284000,2026-03-13T02:46:22Z
GE,2009-09-15,56.48,57.01,54.65,54.68,59258737,16,16.15,15.48,15.49,209198496,2026-03-13T02:46:22Z
GE,2009-09-16,60.01,60.65,57.65,57.86,76160374,17,17.18,16.33,16.39,268865696,2026-03-13T02:46:22Z
GE,2009-09-17,59.16,62.22,58.06,60.26,71826578,16.66,17.52,16.35,16.97,255066592,2026-03-13T02:46:22Z
GE,2009-09-18,58.59,59.94,58.35,59.94,34631550,16.5,16.88,16.43,16.88,122981696,2026-03-13T02:46:22Z
GE,2009-09-21,59.52,59.98,57.67,58.35,30778550,16.76,16.89,16.24,16.43,109299000,2026-03-13T02:46:22Z
GE,2009-09-22,60.41,61.04,60.05,60.58,27008333,17.01,17.19,16.91,17.06,95910496,2026-03-13T02:46:22Z
GE,2009-09-23,60.37,62.15,60.19,60.97,37849648,17,17.5,16.95,17.17,134409600,2026-03-13T02:46:22Z
GE,2009-09-24,58.88,60.97,58.03,60.58,34701253,16.58,17.17,16.34,17.06,123229200,2026-03-13T02:46:22Z
GE,2009-09-25,58.13,58.84,57.03,58.06,29211921,16.37,16.57,16.06,16.35,103735696,2026-03-13T02:46:22Z
GE,2009-09-28,59.52,60.05,58.38,58.49,20777824,16.76,16.91,16.44,16.47,73785000,2026-03-13T02:46:22Z
GE,2009-09-29,59.34,60.69,59.2,60.05,22747067,16.71,17.09,16.67,16.91,80778096,2026-03-13T02:46:22Z
GE,2009-09-30,58.31,59.87,57.92,59.77,34006942,16.42,16.86,16.31,16.83,120763504,2026-03-13T02:46:22Z
GE,2009-10-01,56.71,58.2,56.64,57.92,31959843,15.97,16.39,15.95,16.31,113494000,2026-03-13T02:46:22Z
GE,2009-10-02,54.55,55.61,53.8,54.87,37478510,15.36,15.66,15.15,15.45,133091696,2026-03-13T02:46:22Z
GE,2009-10-05,56.21,56.5,55.08,55.36,20866229,15.83,15.91,15.51,15.59,74099000,2026-03-13T02:46:22Z
GE,2009-10-06,57.1,58.24,56.82,57.32,26948484,16.08,16.4,16,16.14,95697904,2026-03-13T02:46:22Z
GE,2009-10-07,57.39,57.96,56.5,56.93,17152604,16.16,16.32,15.91,16.03,60911400,2026-03-13T02:46:22Z
GE,2009-10-08,57.6,58.77,57.53,58.45,21787168,16.22,16.55,16.2,16.46,77369400,2026-03-13T02:46:22Z
GE,2009-10-09,57.46,58.13,57.17,57.53,19826507,16.18,16.37,16.1,16.2,70406800,2026-03-13T02:46:22Z
GE,2009-10-12,57.99,58.56,57.78,58.1,16509385,16.33,16.49,16.27,16.36,58627200,2026-03-13T02:46:22Z
GE,2009-10-13,58.2,58.74,57.1,57.96,19893008,16.39,16.54,16.08,16.32,70642896,2026-03-13T02:46:22Z
GE,2009-10-14,59.8,59.91,58.81,59.55,26067468,16.84,16.87,16.56,16.77,92569400,2026-03-13T02:46:22Z
GE,2009-10-15,59.62,59.8,58.52,59.62,25999746,16.79,16.84,16.48,16.79,92328800,2026-03-13T02:46:22Z
GE,2009-10-16,57.1,58.27,56.29,58.06,51345365,16.08,16.41,15.85,16.35,182334704,2026-03-13T02:46:22Z
GE,2009-10-19,56.25,57.28,56.11,57,27947498,15.84,16.13,15.8,16.05,99245600,2026-03-13T02:46:22Z
GE,2009-10-20,55.33,56.18,54.94,56.11,28466157,15.58,15.82,15.47,15.8,101087400,2026-03-13T02:46:22Z
GE,2009-10-21,55.15,56.64,55.04,55.08,27226010,15.53,15.95,15.5,15.51,96683504,2026-03-13T02:46:22Z
GE,2009-10-22,54.47,55.33,53.66,55.04,35234110,15.34,15.58,15.11,15.5,125121296,2026-03-13T02:46:22Z
GE,2009-10-23,53.98,54.69,53.66,54.58,24805132,15.2,15.4,15.11,15.37,88086600,2026-03-13T02:46:22Z
GE,2009-10-26,53.3,54.87,52.66,54.12,27109780,15.01,15.45,14.83,15.24,96270800,2026-03-13T02:46:22Z
GE,2009-10-27,53.02,53.76,52.77,53.52,24630129,14.93,15.14,14.86,15.07,87465104,2026-03-13T02:46:22Z
GE,2009-10-28,51.21,52.63,50.96,52.45,30207924,14.42,14.82,14.35,14.77,107272704,2026-03-13T02:46:22Z
GE,2009-10-29,52.81,53.23,51.35,51.63,23556952,14.87,14.99,14.46,14.54,83654096,2026-03-13T02:46:22Z
GE,2009-10-30,50.64,53.05,50.25,53.02,36564864,14.26,14.94,14.15,14.93,129847000,2026-03-13T02:46:22Z
GE,2009-11-02,51.39,51.81,50.39,50.78,28484015,14.47,14.59,14.19,14.3,101150800,2026-03-13T02:46:22Z
GE,2009-11-03,50.85,51.39,50.32,50.43,21693704,14.32,14.47,14.17,14.2,77037504,2026-03-13T02:46:22Z
GE,2009-11-04,50.39,51.81,50.25,51.28,22612019,14.19,14.59,14.15,14.44,80298496,2026-03-13T02:46:22Z
GE,2009-11-05,51.24,51.67,50.46,50.71,19865147,14.43,14.55,14.21,14.28,70544000,2026-03-13T02:46:22Z
GE,2009-11-06,54.44,55.01,52.66,53.2,46478942,15.33,15.49,14.83,14.98,165053296,2026-03-13T02:46:22Z
