ticker,tradeDate,clsPx,hiPx,loPx,open,stockVolume,unadjClsPx,unadjHiPx,unadjLoPx,unadjOpen,unadjStockVolume,updatedAt
GILD,2006-01-03,9.5,9.61,9.12,9.21,24797425,54.7,55.33,52.48,53,4307000,2025-12-19T03:46:12Z
GILD,2006-01-04,9.63,9.72,9.48,9.52,24964880,55.45,55.97,54.61,54.83,4336100,2025-12-19T03:46:12Z
GILD,2006-01-05,9.83,9.95,9.73,9.8,25885534,56.62,57.26,56,56.44,4496000,2025-12-19T03:46:12Z
GILD,2006-01-06,9.91,10.01,9.84,9.92,21434467,57.03,57.65,56.64,57.1,3722900,2025-12-19T03:46:12Z
GILD,2006-01-09,10.06,10.23,10,10.23,23275002,57.91,58.93,57.56,58.93,4042600,2025-12-19T03:46:12Z
GILD,2006-01-10,9.92,10.08,9.78,10.06,23443297,57.09,58.05,56.3,57.95,4071800,2025-12-19T03:46:12Z
GILD,2006-01-11,9.89,10,9.86,9.94,17293178,56.93,57.6,56.74,57.25,3003600,2025-12-19T03:46:12Z
GILD,2006-01-12,10.15,10.15,9.81,9.99,24704707,58.44,58.46,56.5,57.5,4290900,2025-12-19T03:46:12Z
GILD,2006-01-13,10.32,10.38,10.17,10.19,18709351,59.4,59.75,58.55,58.67,3249600,2025-12-19T03:46:12Z
GILD,2006-01-17,10.26,10.3,10.13,10.2,17003499,59.06,59.28,58.3,58.72,2953300,2025-12-19T03:46:12Z
GILD,2006-01-18,10.18,10.22,9.99,10.22,21051521,58.62,58.86,57.52,58.83,3656400,2025-12-19T03:46:12Z
GILD,2006-01-19,10.28,10.31,9.99,10.26,17728309,59.16,59.38,57.53,59.07,3079200,2025-12-19T03:46:12Z
GILD,2006-01-20,10,10.45,9.94,10.28,28208574,57.56,60.14,57.25,59.19,4899500,2025-12-19T03:46:12Z
GILD,2006-01-23,9.79,9.96,9.67,9.94,24790343,56.39,57.32,55.7,57.25,4305800,2025-12-19T03:46:12Z
GILD,2006-01-24,10.08,10.2,9.87,10.02,28367072,58.01,58.73,56.8,57.7,4927000,2025-12-19T03:46:12Z
GILD,2006-01-25,9.96,10.19,9.9,10.12,17082429,57.36,58.65,57.01,58.28,2967000,2025-12-19T03:46:12Z
GILD,2006-01-26,10.23,10.25,9.98,10.07,18453131,58.91,59,57.45,58,3205100,2025-12-19T03:46:12Z
GILD,2006-01-27,10.38,10.42,10.08,10.25,23257846,59.74,60,58.05,59,4039600,2025-12-19T03:46:12Z
GILD,2006-01-30,10.06,10.43,9.97,10.42,40354685,57.9,60.02,57.4,60,7009100,2025-12-19T03:46:12Z
GILD,2006-01-31,10.57,10.64,10,10.06,66185269,60.87,61.29,57.6,57.9,11495600,2025-12-19T03:46:12Z
GILD,2006-02-01,10.68,10.71,10.35,10.57,47025914,61.51,61.67,59.56,60.84,8167800,2025-12-19T03:46:12Z
GILD,2006-02-02,10.54,10.61,10.41,10.47,32071296,60.71,61.07,59.95,60.27,5570400,2025-12-19T03:46:12Z
GILD,2006-02-03,10.54,10.68,10.4,10.45,25566439,60.7,61.5,59.9,60.14,4440600,2025-12-19T03:46:12Z
GILD,2006-02-06,10.42,10.58,10.33,10.57,20065969,60.02,60.89,59.45,60.87,3485200,2025-12-19T03:46:12Z
GILD,2006-02-07,10.48,10.55,10.36,10.45,19616847,60.34,60.73,59.62,60.19,3407200,2025-12-19T03:46:12Z
GILD,2006-02-08,10.31,10.55,10.25,10.5,22701612,59.38,60.74,59.01,60.45,3943000,2025-12-19T03:46:12Z
GILD,2006-02-09,10.13,10.38,9.97,10.31,40598168,58.33,59.77,57.38,59.34,7051400,2025-12-19T03:46:12Z
GILD,2006-02-10,10.27,10.31,10.02,10.13,27862497,59.1,59.35,57.68,58.3,4839400,2025-12-19T03:46:12Z
GILD,2006-02-13,10.28,10.35,10.16,10.27,16779027,59.18,59.61,58.5,59.1,2914300,2025-12-19T03:46:12Z
GILD,2006-02-14,10.47,10.5,10.2,10.31,22835307,60.29,60.43,58.7,59.37,3966200,2025-12-19T03:46:12Z
GILD,2006-02-15,10.63,10.63,10.41,10.49,18553903,61.19,61.19,59.96,60.41,3222600,2025-12-19T03:46:12Z
GILD,2006-02-16,10.68,10.75,10.59,10.63,22995857,61.5,61.87,60.99,61.2,3994100,2025-12-19T03:46:12Z
GILD,2006-02-17,10.67,10.81,10.6,10.68,16866394,61.46,62.23,61.01,61.5,2929500,2025-12-19T03:46:12Z
GILD,2006-02-21,10.42,10.76,10.31,10.76,23833552,59.98,61.96,59.38,61.96,4139600,2025-12-19T03:46:12Z
GILD,2006-02-22,10.75,10.78,10.41,10.45,21728568,61.87,62.07,59.91,60.15,3774000,2025-12-19T03:46:12Z
GILD,2006-02-23,10.64,10.87,10.59,10.75,16595850,61.28,62.6,60.95,61.9,2882500,2025-12-19T03:46:12Z
GILD,2006-02-24,10.71,10.77,10.46,10.67,12763692,61.66,61.99,60.21,61.41,2216900,2025-12-19T03:46:12Z
GILD,2006-02-27,11.06,11.11,10.74,10.78,21589315,63.67,63.97,61.85,62.05,3749800,2025-12-19T03:46:12Z
GILD,2006-02-28,10.82,11.04,10.75,10.99,19699208,62.27,63.57,61.9,63.28,3421500,2025-12-19T03:46:12Z
GILD,2006-03-01,10.6,10.85,10.57,10.83,26059500,61.05,62.49,60.87,62.35,4526200,2025-12-19T03:46:12Z
GILD,2006-03-02,10.65,10.71,10.54,10.56,14879606,61.29,61.64,60.71,60.8,2584400,2025-12-19T03:46:12Z
GILD,2006-03-03,10.44,10.64,10.44,10.56,18178018,60.09,61.28,60.09,60.78,3157300,2025-12-19T03:46:12Z
GILD,2006-03-06,10.33,10.49,10.22,10.46,15933799,59.5,60.37,58.85,60.2,2767500,2025-12-19T03:46:12Z
GILD,2006-03-07,10.26,10.38,10.18,10.3,14267570,59.09,59.77,58.59,59.3,2478100,2025-12-19T03:46:12Z
GILD,2006-03-08,10.56,10.65,10.14,10.28,21682097,60.78,61.3,58.4,59.17,3765900,2025-12-19T03:46:12Z
GILD,2006-03-09,10.52,10.69,10.49,10.62,17656918,60.57,61.53,60.4,61.15,3066800,2025-12-19T03:46:12Z
GILD,2006-03-10,10.61,10.68,10.25,10.25,13912877,61.09,61.5,59,59,2416500,2025-12-19T03:46:12Z
GILD,2006-03-13,10.68,10.76,10.57,10.68,13798273,61.49,61.92,60.84,61.5,2396600,2025-12-19T03:46:12Z
GILD,2006-03-14,10.92,10.93,10.61,10.66,20821750,62.87,62.95,61.1,61.4,3616500,2025-12-19T03:46:12Z
GILD,2006-03-15,11.07,11.07,10.86,10.92,17141039,63.74,63.75,62.5,62.87,2977200,2025-12-19T03:46:12Z
GILD,2006-03-16,10.92,11.23,10.9,11.15,32042625,62.89,64.66,62.78,64.22,5565400,2025-12-19T03:46:12Z
GILD,2006-03-17,11,11.07,10.89,10.89,22763781,63.31,63.71,62.68,62.68,3953800,2025-12-19T03:46:12Z
GILD,2006-03-20,10.95,11.12,10.78,11.12,15554928,63.02,64,62.08,64,2701700,2025-12-19T03:46:12Z
GILD,2006-03-21,10.82,11.12,10.78,10.8,18314961,62.3,64.05,62.05,62.2,3181100,2025-12-19T03:46:12Z
GILD,2006-03-22,10.89,10.92,10.69,10.78,17834915,62.7,62.89,61.52,62.08,3097700,2025-12-19T03:46:12Z
GILD,2006-03-23,10.77,10.89,10.65,10.88,12208706,62.02,62.72,61.32,62.62,2120500,2025-12-19T03:46:12Z
GILD,2006-03-24,10.83,10.91,10.72,10.86,9548164,62.34,62.81,61.75,62.55,1658400,2025-12-19T03:46:12Z
GILD,2006-03-27,10.85,10.85,10.68,10.78,12960570,62.44,62.47,61.47,62.08,2251100,2025-12-19T03:46:12Z
GILD,2006-03-28,10.71,10.98,10.63,10.98,16470956,61.64,63.22,61.18,63.2,2860800,2025-12-19T03:46:12Z
GILD,2006-03-29,10.77,10.85,10.65,10.76,13519106,62.02,62.48,61.34,61.96,2348100,2025-12-19T03:46:12Z
GILD,2006-03-30,10.71,10.9,10.68,10.79,12009508,61.67,62.75,61.5,62.11,2085900,2025-12-19T03:46:12Z
GILD,2006-03-31,10.81,10.93,10.72,10.76,15474827,62.22,62.95,61.71,61.93,2687800,2025-12-19T03:46:12Z
GILD,2006-04-03,11.03,11.09,10.81,10.9,19336486,63.49,63.83,62.22,62.75,3358500,2025-12-19T03:46:12Z
GILD,2006-04-04,11.21,11.29,11,11.09,25419686,64.53,65,63.33,63.85,4415100,2025-12-19T03:46:12Z
GILD,2006-04-05,11.1,11.24,11.07,11.16,17360439,63.91,64.74,63.72,64.26,3015300,2025-12-19T03:46:12Z
GILD,2006-04-06,10.72,11.09,10.66,11.06,27749723,61.71,63.87,61.35,63.68,4819800,2025-12-19T03:46:12Z
GILD,2006-04-07,10.68,10.9,10.66,10.84,16542900,61.5,62.75,61.36,62.39,2873300,2025-12-19T03:46:12Z
GILD,2006-04-10,10.75,10.86,10.54,10.66,15991857,61.87,62.5,60.7,61.4,2777600,2025-12-19T03:46:12Z
GILD,2006-04-11,10.49,10.82,10.44,10.82,17587269,60.41,62.31,60.08,62.31,3054700,2025-12-19T03:46:12Z
GILD,2006-04-12,10.61,10.74,10.39,10.5,22308967,61.09,61.81,59.83,60.45,3874800,2025-12-19T03:46:12Z
GILD,2006-04-13,10.67,10.75,10.52,10.61,12888693,61.43,61.9,60.57,61.09,2238600,2025-12-19T03:46:12Z
GILD,2006-04-17,10.63,10.76,10.43,10.69,15157017,61.19,61.95,60.07,61.52,2632600,2025-12-19T03:46:12Z
GILD,2006-04-18,10.74,10.85,10.55,10.65,32253708,61.84,62.48,60.76,61.31,5602100,2025-12-19T03:46:12Z
GILD,2006-04-19,11.31,11.35,10.93,10.94,50940189,65.13,65.35,62.94,63,8847700,2025-12-19T03:46:12Z
GILD,2006-04-20,11.32,11.5,11.24,11.4,123181340,65.16,66.2,64.7,65.62,21395100,2025-12-19T03:46:12Z
GILD,2006-04-21,11.21,11.44,11.14,11.38,34281160,64.52,65.86,64.15,65.54,5954200,2025-12-19T03:46:12Z
GILD,2006-04-24,11.04,11.24,10.82,11.24,26754957,63.54,64.72,62.32,64.71,4647000,2025-12-19T03:46:12Z
GILD,2006-04-25,10.67,11.09,10.6,11.04,31504817,61.42,63.87,61.01,63.55,5472000,2025-12-19T03:46:12Z
GILD,2006-04-26,9.95,10.64,9.77,10.63,85109741,57.31,61.26,56.22,61.22,14782600,2025-12-19T03:46:12Z
GILD,2006-04-27,9.86,10.04,9.71,10,66445034,56.78,57.82,55.9,57.55,11540700,2025-12-19T03:46:12Z
GILD,2006-04-28,9.99,10.09,9.86,10.07,25706336,57.5,58.1,56.75,58,4464900,2025-12-19T03:46:12Z
GILD,2006-05-01,10.05,10.2,9.94,10.05,30074035,57.89,58.74,57.24,57.84,5223500,2025-12-19T03:46:12Z
GILD,2006-05-02,9.52,10.11,9.33,10.09,89443170,54.8,58.2,53.72,58.11,15535200,2025-12-19T03:46:12Z
GILD,2006-05-03,9.75,9.77,9.49,9.55,48530291,56.11,56.23,54.62,54.96,8429100,2025-12-19T03:46:12Z
GILD,2006-05-04,9.59,9.86,9.56,9.81,30966949,55.2,56.75,55.02,56.47,5378600,2025-12-19T03:46:12Z
GILD,2006-05-05,9.77,9.79,9.43,9.67,40400232,56.25,56.36,54.27,55.67,7017000,2025-12-19T03:46:12Z
GILD,2006-05-08,9.82,9.91,9.77,9.77,25980038,56.52,57.05,56.25,56.25,4512400,2025-12-19T03:46:12Z
GILD,2006-05-09,9.96,10.01,9.82,9.84,23562955,57.35,57.63,56.53,56.65,4092600,2025-12-19T03:46:12Z
GILD,2006-05-10,9.86,10.14,9.86,9.94,31979892,56.79,58.37,56.74,57.23,5554500,2025-12-19T03:46:12Z
GILD,2006-05-11,9.83,9.94,9.77,9.89,25536699,56.6,57.25,56.24,56.95,4435400,2025-12-19T03:46:12Z
GILD,2006-05-12,9.65,9.81,9.51,9.78,22837000,55.54,56.46,54.77,56.29,3966500,2025-12-19T03:46:12Z
GILD,2006-05-15,9.91,10.01,9.74,9.79,34802674,57.08,57.65,56.1,56.38,6044800,2025-12-19T03:46:12Z
GILD,2006-05-16,9.86,10.02,9.71,9.87,22230222,56.74,57.66,55.89,56.81,3861100,2025-12-19T03:46:12Z
GILD,2006-05-17,9.69,9.86,9.59,9.78,27274165,55.8,56.75,55.21,56.31,4737200,2025-12-19T03:46:12Z
GILD,2006-05-18,9.34,9.77,9.21,9.73,35668093,53.75,56.23,53.02,56.05,6195100,2025-12-19T03:46:12Z
GILD,2006-05-19,9.54,9.55,9.13,9.33,40451920,54.94,55,52.55,53.7,7026000,2025-12-19T03:46:12Z
GILD,2006-05-22,9.5,9.55,9.27,9.44,22853526,54.68,55.01,53.38,54.32,3969400,2025-12-19T03:46:12Z
GILD,2006-05-23,9.34,9.68,9.31,9.6,25076008,53.77,55.75,53.59,55.25,4355400,2025-12-19T03:46:12Z
GILD,2006-05-24,9.64,9.81,9.4,9.49,68390908,55.5,56.51,54.15,54.62,11878700,2025-12-19T03:46:12Z
GILD,2006-05-25,9.69,9.73,9.56,9.65,22488003,55.8,56,55.04,55.54,3905900,2025-12-19T03:46:12Z
GILD,2006-05-26,9.93,10,9.6,9.77,25112859,57.16,57.58,55.25,56.25,4361800,2025-12-19T03:46:12Z
GILD,2006-05-30,9.69,9.93,9.68,9.93,20294969,55.77,57.18,55.75,57.18,3525000,2025-12-19T03:46:12Z
GILD,2006-05-31,9.96,9.96,9.68,9.73,23793315,57.33,57.35,55.75,56.01,4132600,2025-12-19T03:46:12Z
GILD,2006-06-01,10.19,10.23,10.03,10.1,33694448,58.66,58.88,57.72,58.13,5852300,2025-12-19T03:46:12Z
GILD,2006-06-02,10.14,10.32,10.04,10.25,27102564,58.4,59.4,57.83,58.99,4707400,2025-12-19T03:46:12Z
GILD,2006-06-05,9.81,10.16,9.79,10.06,17044418,56.49,58.52,56.34,57.94,2960400,2025-12-19T03:46:12Z
GILD,2006-06-06,9.83,10,9.73,9.81,24563594,56.59,57.58,56.05,56.47,4266400,2025-12-19T03:46:12Z
GILD,2006-06-07,9.87,10.07,9.83,9.83,29140804,56.81,57.98,56.59,56.59,5061400,2025-12-19T03:46:12Z
GILD,2006-06-08,9.83,9.87,9.59,9.79,37341209,56.57,56.8,55.2,56.39,6485700,2025-12-19T03:46:12Z
GILD,2006-06-09,9.95,10.12,9.84,9.87,24213434,57.31,58.25,56.65,56.81,4205600,2025-12-19T03:46:12Z
GILD,2006-06-12,9.75,10.03,9.73,9.99,20930672,56.16,57.75,56.02,57.5,3635400,2025-12-19T03:46:12Z
GILD,2006-06-13,9.9,10.03,9.66,9.76,29837954,57.02,57.75,55.6,56.18,5182500,2025-12-19T03:46:12Z
GILD,2006-06-14,9.89,9.96,9.71,9.87,22830004,56.94,57.34,55.88,56.8,3965300,2025-12-19T03:46:12Z
GILD,2006-06-15,10.18,10.22,9.85,9.87,33341327,58.59,58.82,56.71,56.84,5791000,2025-12-19T03:46:12Z
GILD,2006-06-16,10.05,10.2,10,10.13,26504390,57.86,58.75,57.56,58.31,4603500,2025-12-19T03:46:12Z
GILD,2006-06-19,9.75,10.07,9.68,10.04,24312069,56.11,57.97,55.75,57.8,4222700,2025-12-19T03:46:12Z
GILD,2006-06-20,9.59,9.77,9.47,9.77,24986249,55.24,56.25,54.53,56.25,4339800,2025-12-19T03:46:12Z
GILD,2006-06-21,9.73,9.84,9.61,9.64,22091831,56.01,56.66,55.3,55.49,3837100,2025-12-19T03:46:12Z
GILD,2006-06-22,9.54,9.84,9.51,9.68,16413434,54.95,56.66,54.75,55.71,2850800,2025-12-19T03:46:12Z
GILD,2006-06-23,9.65,9.76,9.49,9.49,12876593,55.57,56.21,54.67,54.67,2236500,2025-12-19T03:46:12Z
GILD,2006-06-26,9.69,9.7,9.57,9.64,12167287,55.79,55.84,55.1,55.5,2113300,2025-12-19T03:46:12Z
GILD,2006-06-27,9.58,9.78,9.51,9.7,17943100,55.18,56.33,54.77,55.85,3116500,2025-12-19T03:46:12Z
GILD,2006-06-28,9.74,9.77,9.53,9.63,14995793,56.09,56.22,54.86,55.44,2604600,2025-12-19T03:46:12Z
GILD,2006-06-29,10.24,10.25,9.78,9.81,41134130,58.95,59.03,56.33,56.5,7144500,2025-12-19T03:46:12Z
GILD,2006-06-30,10.28,10.37,10.17,10.26,23985493,59.16,59.68,58.54,59.05,4166000,2025-12-19T03:46:12Z
GILD,2006-07-03,10.29,10.31,10.2,10.27,5926172,59.26,59.39,58.75,59.14,1029300,2025-12-19T03:46:12Z
GILD,2006-07-05,10.25,10.28,10.09,10.19,18837327,58.99,59.21,58.1,58.64,3271800,2025-12-19T03:46:12Z
GILD,2006-07-06,10.44,10.46,10.24,10.24,16584413,60.1,60.24,58.94,58.94,2880500,2025-12-19T03:46:12Z
GILD,2006-07-07,10.55,10.64,10.34,10.4,25948785,60.76,61.27,59.52,59.86,4507000,2025-12-19T03:46:12Z
GILD,2006-07-10,10.7,10.75,10.56,10.62,24358577,61.6,61.9,60.8,61.12,4230800,2025-12-19T03:46:12Z
GILD,2006-07-11,10.73,10.87,10.54,10.74,35053563,61.76,62.56,60.66,61.82,6088400,2025-12-19T03:46:12Z
GILD,2006-07-12,10.73,10.86,10.58,10.73,44187200,61.79,62.5,60.91,61.76,7674800,2025-12-19T03:46:12Z
GILD,2006-07-13,10.61,10.75,10.55,10.65,24507822,61.1,61.9,60.72,61.3,4256700,2025-12-19T03:46:12Z
GILD,2006-07-14,10.41,10.65,10.27,10.64,20646312,59.91,61.32,59.15,61.25,3586000,2025-12-19T03:46:12Z
GILD,2006-07-17,10.32,10.51,10.29,10.35,20963386,59.4,60.5,59.25,59.61,3641100,2025-12-19T03:46:12Z
GILD,2006-07-18,10.46,10.54,10.29,10.38,32434601,60.25,60.68,59.27,59.76,5633500,2025-12-19T03:46:12Z
GILD,2006-07-19,10.63,10.75,10.43,10.49,30345263,61.23,61.89,60.07,60.4,5270600,2025-12-19T03:46:12Z
GILD,2006-07-20,10.31,10.7,10.13,10.6,46863261,59.35,61.61,58.32,61.03,8139600,2025-12-19T03:46:12Z
GILD,2006-07-21,10.37,10.46,10.08,10.1,39002732,59.71,60.25,58.02,58.17,6774300,2025-12-19T03:46:12Z
GILD,2006-07-24,10.49,10.53,10.31,10.43,22397615,60.41,60.61,59.36,60.02,3890200,2025-12-19T03:46:12Z
GILD,2006-07-25,10.75,10.78,10.45,10.46,21971684,61.89,62.09,60.14,60.2,3816200,2025-12-19T03:46:12Z
GILD,2006-07-26,10.83,10.94,10.7,10.7,20114774,62.36,62.96,61.59,61.59,3493700,2025-12-19T03:46:12Z
GILD,2006-07-27,10.63,10.91,10.52,10.85,14159352,61.21,62.84,60.55,62.47,2459300,2025-12-19T03:46:12Z
GILD,2006-07-28,10.85,10.85,10.56,10.72,16785310,62.48,62.48,60.8,61.73,2915400,2025-12-19T03:46:12Z
GILD,2006-07-31,10.69,10.85,10.57,10.85,21573712,61.52,62.49,60.86,62.48,3747100,2025-12-19T03:46:12Z
GILD,2006-08-01,10.54,10.68,10.48,10.67,20516095,60.71,61.51,60.35,61.45,3563400,2025-12-19T03:46:12Z
GILD,2006-08-02,10.7,10.79,10.55,10.55,18366809,61.6,62.1,60.75,60.75,3190100,2025-12-19T03:46:12Z
GILD,2006-08-03,10.78,10.83,10.53,10.68,17111739,62.07,62.37,60.63,61.51,2972100,2025-12-19T03:46:12Z
GILD,2006-08-04,10.65,10.94,10.58,10.91,12176414,61.33,63,60.91,62.8,2114900,2025-12-19T03:46:12Z
GILD,2006-08-07,10.76,10.79,10.61,10.68,10377225,61.93,62.11,61.06,61.46,1802400,2025-12-19T03:46:12Z
GILD,2006-08-08,10.7,10.76,10.54,10.75,15340161,61.58,61.93,60.71,61.9,2664400,2025-12-19T03:46:12Z
GILD,2006-08-09,10.71,10.94,10.67,10.76,16366090,61.68,62.98,61.43,61.96,2842600,2025-12-19T03:46:12Z
GILD,2006-08-10,10.74,10.88,10.65,10.72,18323153,61.86,62.63,61.31,61.7,3182500,2025-12-19T03:46:12Z
GILD,2006-08-11,10.78,10.83,10.69,10.69,13630238,62.05,62.34,61.55,61.57,2367400,2025-12-19T03:46:12Z
GILD,2006-08-14,10.69,10.99,10.69,10.92,25818187,61.53,63.27,61.53,62.89,4484300,2025-12-19T03:46:12Z
GILD,2006-08-15,10.81,10.91,10.65,10.84,22547258,62.22,62.79,61.32,62.41,3916200,2025-12-19T03:46:12Z
GILD,2006-08-16,11.12,11.13,10.86,10.88,28059013,64,64.06,62.55,62.63,4873500,2025-12-19T03:46:12Z
GILD,2006-08-17,11.11,11.29,11.1,11.14,20927286,63.98,64.99,63.88,64.16,3634800,2025-12-19T03:46:12Z
GILD,2006-08-18,11.06,11.2,10.98,11.12,20442479,63.65,64.46,63.24,64.05,3550600,2025-12-19T03:46:12Z
GILD,2006-08-21,11.05,11.11,10.93,10.98,16806523,63.63,63.99,62.9,63.2,2919100,2025-12-19T03:46:12Z
GILD,2006-08-22,11.02,11.13,10.96,11.03,15363236,63.46,64.1,63.09,63.5,2668400,2025-12-19T03:46:12Z
GILD,2006-08-23,10.97,11.07,10.86,11.06,13509232,63.14,63.74,62.55,63.69,2346400,2025-12-19T03:46:12Z
GILD,2006-08-24,11.06,11.14,10.97,10.97,12169550,63.7,64.13,63.16,63.17,2113700,2025-12-19T03:46:12Z
GILD,2006-08-25,10.98,11.08,10.95,11,14026276,63.2,63.8,63.07,63.35,2436200,2025-12-19T03:46:12Z
GILD,2006-08-28,11.2,11.23,10.94,10.99,14924416,64.47,64.68,63,63.27,2592200,2025-12-19T03:46:12Z
GILD,2006-08-29,11.12,11.23,10.98,11.14,16273402,64.04,64.65,63.21,64.12,2826500,2025-12-19T03:46:12Z
GILD,2006-08-30,11.02,11.15,11,11.13,13331425,63.46,64.2,63.32,64.07,2315500,2025-12-19T03:46:12Z
GILD,2006-08-31,11.01,11.1,10.95,11.1,14079869,63.4,63.91,63.03,63.91,2445500,2025-12-19T03:46:12Z
GILD,2006-09-01,11,11.13,10.96,11.05,11318531,63.33,64.09,63.09,63.64,1965900,2025-12-19T03:46:12Z
GILD,2006-09-05,10.92,11.05,10.86,11.05,14478296,62.86,63.6,62.54,63.6,2514700,2025-12-19T03:46:12Z
GILD,2006-09-06,10.69,10.92,10.59,10.87,26083455,61.54,62.86,60.94,62.56,4530400,2025-12-19T03:46:12Z
GILD,2006-09-07,10.74,10.84,10.67,10.72,21500029,61.82,62.4,61.43,61.73,3734300,2025-12-19T03:46:12Z
GILD,2006-09-08,11.06,11.13,10.73,10.74,22279007,63.69,64.1,61.78,61.86,3869600,2025-12-19T03:46:12Z
GILD,2006-09-11,11.02,11.05,10.88,10.99,21619230,63.45,63.62,62.63,63.3,3755000,2025-12-19T03:46:12Z
GILD,2006-09-12,11.09,11.11,10.86,11.03,18537908,63.84,63.99,62.5,63.52,3219800,2025-12-19T03:46:12Z
GILD,2006-09-13,11.06,11.09,10.97,11.06,13706793,63.7,63.85,63.15,63.67,2380700,2025-12-19T03:46:12Z
GILD,2006-09-14,11.03,11.11,10.98,11.05,12331363,63.49,63.94,63.22,63.61,2141800,2025-12-19T03:46:12Z
GILD,2006-09-15,11.25,11.27,11.08,11.09,33769167,64.75,64.91,63.78,63.84,5865300,2025-12-19T03:46:12Z
GILD,2006-09-18,11.26,11.36,11.15,11.25,18721594,64.82,65.4,64.21,64.78,3251700,2025-12-19T03:46:12Z
GILD,2006-09-19,11.28,11.3,11.19,11.26,17821568,64.96,65.09,64.43,64.85,3095400,2025-12-19T03:46:12Z
GILD,2006-09-20,11.28,11.4,11.21,11.26,26370929,64.95,65.66,64.55,64.85,4580300,2025-12-19T03:46:12Z
GILD,2006-09-21,11.16,11.31,11.15,11.29,20656035,64.24,65.12,64.21,65,3587700,2025-12-19T03:46:12Z
GILD,2006-09-22,11.25,11.31,11.13,11.17,22581310,64.78,65.1,64.1,64.3,3922100,2025-12-19T03:46:12Z
GILD,2006-09-25,11.49,11.49,11.2,11.33,20441313,66.17,66.17,64.5,65.25,3550400,2025-12-19T03:46:12Z
GILD,2006-09-26,11.6,11.61,11.41,11.45,23845022,66.78,66.84,65.7,65.93,4141600,2025-12-19T03:46:12Z
GILD,2006-09-27,11.69,11.71,11.49,11.62,26853931,67.33,67.39,66.16,66.89,4664200,2025-12-19T03:46:12Z
GILD,2006-09-28,11.92,11.92,11.71,11.71,24817502,68.63,68.63,67.42,67.45,4310500,2025-12-19T03:46:12Z
GILD,2006-09-29,11.94,12.03,11.81,11.9,23808830,68.77,69.27,68,68.52,4135300,2025-12-19T03:46:12Z
GILD,2006-10-02,11.16,11.41,11.08,11.28,86849712,64.28,65.67,63.79,64.93,15084800,2025-12-19T03:46:12Z
GILD,2006-10-03,10.77,11.21,10.69,11.17,67094809,62.03,64.55,61.52,64.3,11653600,2025-12-19T03:46:12Z
GILD,2006-10-04,11.11,11.28,10.75,10.76,51747654,63.98,64.93,61.9,61.93,8987900,2025-12-19T03:46:12Z
GILD,2006-10-05,11.34,11.39,11.12,11.16,29638105,65.31,65.59,64.04,64.26,5147800,2025-12-19T03:46:12Z
GILD,2006-10-06,11.35,11.4,11.26,11.36,17496906,65.35,65.66,64.8,65.41,3039000,2025-12-19T03:46:12Z
GILD,2006-10-09,11.32,11.38,11.22,11.35,14192669,65.18,65.52,64.6,65.35,2465100,2025-12-19T03:46:12Z
GILD,2006-10-10,11.28,11.4,11.13,11.4,16778375,64.97,65.65,64.07,65.65,2914200,2025-12-19T03:46:12Z
GILD,2006-10-11,11.34,11.37,11.13,11.22,19855079,65.31,65.44,64.1,64.58,3448600,2025-12-19T03:46:12Z
GILD,2006-10-12,11.61,11.65,11.28,11.38,27669830,66.85,67.1,64.95,65.5,4805900,2025-12-19T03:46:12Z
GILD,2006-10-13,11.62,11.67,11.53,11.55,19653039,66.89,67.21,66.37,66.51,3413500,2025-12-19T03:46:12Z
GILD,2006-10-16,11.73,11.75,11.53,11.59,17602218,67.51,67.66,66.4,66.72,3057300,2025-12-19T03:46:12Z
GILD,2006-10-17,11.81,11.92,11.65,11.82,20630643,68,68.64,67.08,68.07,3583300,2025-12-19T03:46:12Z
GILD,2006-10-18,11.76,11.99,11.76,11.87,33390477,67.72,69.05,67.71,68.36,5799500,2025-12-19T03:46:12Z
GILD,2006-10-19,11.86,11.94,11.74,11.8,32532446,68.3,68.75,67.6,67.96,5650500,2025-12-19T03:46:12Z
GILD,2006-10-20,11.98,11.98,11.77,11.92,28345159,68.99,69,67.76,68.62,4923200,2025-12-19T03:46:12Z
GILD,2006-10-23,12.05,12.09,11.85,11.93,17863025,69.38,69.63,68.24,68.67,3102600,2025-12-19T03:46:12Z
GILD,2006-10-24,11.92,12.04,11.82,12.03,16178495,68.64,69.35,68.04,69.25,2810000,2025-12-19T03:46:12Z
GILD,2006-10-25,11.8,11.94,11.66,11.88,22057942,67.95,68.75,67.12,68.39,3831200,2025-12-19T03:46:12Z
GILD,2006-10-26,12.05,12.06,11.71,11.77,14240433,69.35,69.41,67.4,67.77,2473400,2025-12-19T03:46:12Z
GILD,2006-10-27,11.84,12.04,11.82,11.98,13728695,68.18,69.29,68.03,68.95,2384500,2025-12-19T03:46:12Z
GILD,2006-10-30,11.98,12,11.77,11.81,18987434,68.97,69.08,67.75,68,3297900,2025-12-19T03:46:12Z
GILD,2006-10-31,11.97,12.13,11.9,12.02,16540583,68.9,69.85,68.51,69.2,2872900,2025-12-19T03:46:12Z
GILD,2006-11-01,11.74,12.06,11.64,12,20470100,67.58,69.46,67.02,69.1,3555400,2025-12-19T03:46:12Z
GILD,2006-11-02,11.81,11.84,11.58,11.74,20376227,68.01,68.17,66.67,67.58,3539100,2025-12-19T03:46:12Z
GILD,2006-11-03,11.79,11.85,11.66,11.79,13643392,67.86,68.25,67.15,67.86,2369700,2025-12-19T03:46:12Z
GILD,2006-11-06,11.95,12.04,11.81,11.81,16180172,68.82,69.35,67.99,67.99,2810300,2025-12-19T03:46:12Z
GILD,2006-11-07,12.11,12.14,11.84,11.91,19026129,69.75,69.9,68.17,68.59,3304600,2025-12-19T03:46:12Z
GILD,2006-11-08,11.98,12.07,11.83,12.04,16457670,68.98,69.5,68.13,69.29,2858500,2025-12-19T03:46:12Z
GILD,2006-11-09,11.65,12.06,11.59,12.06,20585792,67.06,69.42,66.75,69.42,3575500,2025-12-19T03:46:12Z
GILD,2006-11-10,11.7,11.7,11.52,11.65,17435935,67.34,67.36,66.35,67.07,3028400,2025-12-19T03:46:12Z
GILD,2006-11-13,11.65,11.74,11.53,11.68,13383830,67.07,67.59,66.39,67.22,2324600,2025-12-19T03:46:12Z
GILD,2006-11-14,11.74,11.76,11.55,11.57,15900938,67.6,67.73,66.5,66.6,2761800,2025-12-19T03:46:12Z
GILD,2006-11-15,11.79,11.94,11.71,11.73,21684867,67.87,68.75,67.41,67.54,3766400,2025-12-19T03:46:12Z
GILD,2006-11-16,11.86,11.97,11.83,11.85,14914696,68.28,68.92,68.11,68.2,2590500,2025-12-19T03:46:12Z
GILD,2006-11-17,12.06,12.06,11.82,11.82,25365718,69.43,69.44,68.04,68.04,4405700,2025-12-19T03:46:12Z
GILD,2006-11-20,11.97,12.16,11.85,12.04,22192096,68.9,70,68.25,69.35,3854500,2025-12-19T03:46:12Z
GILD,2006-11-21,11.73,12.05,11.69,12.05,17942482,67.51,69.39,67.3,69.39,3116400,2025-12-19T03:46:12Z
GILD,2006-11-22,11.56,11.74,11.44,11.73,21840380,66.55,67.6,65.87,67.53,3793400,2025-12-19T03:46:12Z
GILD,2006-11-24,11.49,11.6,11.44,11.47,6463867,66.15,66.8,65.89,66.05,1122700,2025-12-19T03:46:12Z
GILD,2006-11-27,11.32,11.49,11.26,11.46,20424082,65.2,66.15,64.8,66.01,3547400,2025-12-19T03:46:12Z
GILD,2006-11-28,11.49,11.51,11.27,11.32,20363501,66.13,66.28,64.91,65.2,3536900,2025-12-19T03:46:12Z
GILD,2006-11-29,11.59,11.6,11.4,11.46,18313255,66.75,66.78,65.62,65.96,3180800,2025-12-19T03:46:12Z
GILD,2006-11-30,11.46,11.61,11.41,11.61,13641654,65.96,66.87,65.72,66.87,2369400,2025-12-19T03:46:12Z
GILD,2006-12-01,11.33,11.55,11.13,11.51,27559263,65.22,66.5,64.11,66.28,4786700,2025-12-19T03:46:12Z
GILD,2006-12-04,11.74,11.82,11.36,11.4,27514815,67.62,68.07,65.43,65.65,4779000,2025-12-19T03:46:12Z
GILD,2006-12-05,11.76,11.81,11.64,11.74,25390305,67.7,68,67,67.6,4410000,2025-12-19T03:46:12Z
GILD,2006-12-06,11.83,11.84,11.67,11.8,17088188,68.1,68.14,67.18,67.92,2968000,2025-12-19T03:46:12Z
GILD,2006-12-07,11.62,11.85,11.56,11.85,18786068,66.88,68.23,66.55,68.2,3262900,2025-12-19T03:46:12Z
GILD,2006-12-08,11.48,11.71,11.39,11.46,18155049,66.12,67.44,65.58,66,3153300,2025-12-19T03:46:12Z
GILD,2006-12-11,11.42,11.49,11.33,11.39,12206355,65.75,66.15,65.22,65.59,2120100,2025-12-19T03:46:12Z
GILD,2006-12-12,11.33,11.48,11.33,11.4,21579459,65.26,66.11,65.21,65.61,3748100,2025-12-19T03:46:12Z
GILD,2006-12-13,11.11,11.36,11.07,11.32,28411345,63.97,65.39,63.75,65.15,4934700,2025-12-19T03:46:12Z
GILD,2006-12-14,11,11.28,10.96,11.11,31542289,63.35,64.95,63.12,63.97,5478500,2025-12-19T03:46:12Z
GILD,2006-12-15,11.2,11.24,10.96,11.13,40034566,64.49,64.69,63.11,64.06,6953500,2025-12-19T03:46:12Z
GILD,2006-12-18,11.08,11.27,11.03,11.19,15640194,63.79,64.86,63.53,64.44,2716500,2025-12-19T03:46:12Z
GILD,2006-12-19,11.23,11.28,10.98,11.07,19472259,64.64,64.93,63.21,63.72,3382100,2025-12-19T03:46:12Z
GILD,2006-12-20,11.25,11.46,11.24,11.33,29288816,64.76,65.98,64.71,65.25,5087100,2025-12-19T03:46:12Z
GILD,2006-12-21,11.35,11.44,11.24,11.28,30344023,65.37,65.85,64.74,64.97,5270400,2025-12-19T03:46:12Z
GILD,2006-12-22,11.2,11.4,11.1,11.4,15462175,64.5,65.65,63.92,65.64,2685600,2025-12-19T03:46:12Z
GILD,2006-12-26,11.31,11.32,11.14,11.24,8603377,65.11,65.2,64.13,64.72,1494300,2025-12-19T03:46:12Z
GILD,2006-12-27,11.47,11.5,11.35,11.41,14893971,66.03,66.22,65.35,65.69,2586900,2025-12-19T03:46:12Z
GILD,2006-12-28,11.35,11.48,11.24,11.43,12774066,65.35,66.09,64.7,65.83,2218700,2025-12-19T03:46:12Z
GILD,2006-12-29,11.28,11.44,11.25,11.33,11345590,64.93,65.84,64.75,65.23,1970600,2025-12-19T03:46:12Z
GILD,2007-01-03,10.97,11.49,10.76,11.34,47076354,63.15,66.14,61.92,65.28,8176600,2025-12-19T03:46:12Z
GILD,2007-01-04,11.15,11.22,10.85,10.96,26878736,64.19,64.63,62.47,63.12,4668500,2025-12-19T03:46:12Z
GILD,2007-01-05,11.15,11.26,11.09,11.15,20180449,64.21,64.82,63.85,64.22,3505100,2025-12-19T03:46:12Z
GILD,2007-01-08,11.16,11.18,11.03,11.11,19174578,64.23,64.34,63.51,63.98,3330400,2025-12-19T03:46:12Z
GILD,2007-01-09,11.29,11.38,11.21,11.28,29596321,65.01,65.51,64.52,64.95,5140500,2025-12-19T03:46:12Z
GILD,2007-01-10,11.24,11.28,11.12,11.23,18289655,64.69,64.97,64.05,64.65,3176700,2025-12-19T03:46:12Z
GILD,2007-01-11,11.51,11.51,11.24,11.29,25474398,66.24,66.25,64.71,64.99,4424600,2025-12-19T03:46:12Z
GILD,2007-01-12,11.49,11.55,11.43,11.43,21924367,66.16,66.49,65.79,65.8,3808000,2025-12-19T03:46:12Z
GILD,2007-01-16,11.52,11.55,11.44,11.49,20364098,66.35,66.48,65.85,66.17,3537000,2025-12-19T03:46:12Z
GILD,2007-01-17,11.53,11.57,11.4,11.51,26545982,66.39,66.59,65.65,66.24,4610700,2025-12-19T03:46:12Z
GILD,2007-01-18,11.49,11.63,11.34,11.59,21063054,66.16,66.98,65.27,66.7,3658400,2025-12-19T03:46:12Z
GILD,2007-01-19,11.39,11.59,11.36,11.44,18366937,65.58,66.71,65.38,65.87,3190100,2025-12-19T03:46:12Z
GILD,2007-01-22,11.16,11.41,11.14,11.38,21857691,64.25,65.68,64.12,65.5,3796400,2025-12-19T03:46:12Z
GILD,2007-01-23,11.09,11.23,11.02,11.16,19574829,63.84,64.64,63.45,64.26,3399900,2025-12-19T03:46:12Z
GILD,2007-01-24,11.16,11.21,11.05,11.05,17937423,64.25,64.51,63.63,63.63,3115500,2025-12-19T03:46:12Z
GILD,2007-01-25,11.01,11.16,10.97,11.13,23910236,63.41,64.25,63.19,64.11,4152900,2025-12-19T03:46:12Z
GILD,2007-01-26,10.9,11.06,10.84,11.02,33171694,62.73,63.69,62.4,63.45,5761500,2025-12-19T03:46:12Z
GILD,2007-01-29,10.98,11.11,10.84,10.88,22839319,63.19,63.96,62.43,62.65,3966900,2025-12-19T03:46:12Z
GILD,2007-01-30,11.02,11.05,10.93,10.99,18358168,63.47,63.63,62.92,63.25,3188600,2025-12-19T03:46:12Z
GILD,2007-01-31,11.17,11.35,10.96,11.13,35993889,64.32,65.32,63.11,64.1,6251700,2025-12-19T03:46:12Z
GILD,2007-02-01,12.42,12.49,12.07,12.13,106712630,71.53,71.92,69.51,69.85,18534700,2025-12-19T03:46:12Z
GILD,2007-02-02,12.27,12.49,12.2,12.33,41148598,70.67,71.9,70.24,71,7147000,2025-12-19T03:46:12Z
GILD,2007-02-05,12.16,12.3,12.15,12.27,27091179,70.02,70.84,69.95,70.65,4705400,2025-12-19T03:46:12Z
GILD,2007-02-06,12.22,12.24,12.1,12.16,27253990,70.33,70.45,69.67,69.99,4733700,2025-12-19T03:46:12Z
GILD,2007-02-07,12.55,12.72,12.32,12.35,42677744,72.24,73.25,70.93,71.12,7412600,2025-12-19T03:46:12Z
GILD,2007-02-08,12.53,12.6,12.43,12.52,19892033,72.16,72.53,71.58,72.06,3455000,2025-12-19T03:46:12Z
GILD,2007-02-09,12.36,12.55,12.3,12.41,27903569,71.16,72.27,70.81,71.47,4846500,2025-12-19T03:46:12Z
GILD,2007-02-12,12.3,12.41,12.2,12.34,15720201,70.81,71.46,70.24,71.05,2730400,2025-12-19T03:46:12Z
GILD,2007-02-13,12.26,12.41,12.23,12.33,21153381,70.57,71.47,70.43,70.97,3674100,2025-12-19T03:46:12Z
GILD,2007-02-14,12.46,12.46,12.25,12.32,23287165,71.72,71.74,70.51,70.94,4044700,2025-12-19T03:46:12Z
GILD,2007-02-15,12.54,12.55,12.38,12.42,21037210,72.19,72.27,71.29,71.52,3653900,2025-12-19T03:46:12Z
GILD,2007-02-16,12.52,12.59,12.43,12.54,19899563,72.06,72.5,71.58,72.17,3456300,2025-12-19T03:46:12Z
GILD,2007-02-20,12.63,12.67,12.43,12.63,20541974,72.69,72.96,71.58,72.73,3567900,2025-12-19T03:46:12Z
GILD,2007-02-21,12.89,12.91,12.65,12.65,31394372,74.23,74.36,72.84,72.84,5452800,2025-12-19T03:46:12Z
GILD,2007-02-22,12.86,12.98,12.7,12.89,19889737,74.06,74.75,73.1,74.2,3454600,2025-12-19T03:46:12Z
GILD,2007-02-23,12.79,12.93,12.66,12.89,14054563,73.63,74.46,72.9,74.2,2441100,2025-12-19T03:46:12Z
GILD,2007-02-26,12.86,13.02,12.68,12.93,18501561,74.05,74.97,73,74.44,3213500,2025-12-19T03:46:12Z
GILD,2007-02-27,12.26,12.75,12.16,12.75,44224126,70.58,73.4,70,73.4,7681200,2025-12-19T03:46:12Z
GILD,2007-02-28,12.43,12.52,12.08,12.08,40070744,71.56,72.07,69.55,69.55,6959800,2025-12-19T03:46:12Z
GILD,2007-03-01,12.26,12.43,12,12.2,44534579,70.59,71.59,69.1,70.25,7735100,2025-12-19T03:46:12Z
GILD,2007-03-02,12.23,12.42,12.12,12.22,26363327,70.44,71.5,69.76,70.35,4579000,2025-12-19T03:46:12Z
GILD,2007-03-05,12.16,12.4,12.04,12.12,25061651,69.99,71.41,69.33,69.75,4352900,2025-12-19T03:46:12Z
GILD,2007-03-06,12.28,12.37,12.09,12.22,25814135,70.72,71.22,69.59,70.35,4483600,2025-12-19T03:46:12Z
GILD,2007-03-07,12.17,12.28,12.15,12.22,22075825,70.07,70.69,69.96,70.35,3834300,2025-12-19T03:46:12Z
GILD,2007-03-08,12.17,12.33,12.12,12.27,18127879,70.06,70.97,69.8,70.62,3148600,2025-12-19T03:46:12Z
GILD,2007-03-09,12.2,12.32,12.12,12.29,16702389,70.26,70.95,69.75,70.77,2901000,2025-12-19T03:46:12Z
GILD,2007-03-12,12.3,12.33,12.09,12.13,17844617,70.82,70.99,69.61,69.85,3099400,2025-12-19T03:46:12Z
GILD,2007-03-13,11.95,12.29,11.96,12.17,23582029,68.83,70.77,68.83,70.09,4095900,2025-12-19T03:46:12Z
GILD,2007-03-14,12.08,12.11,11.86,11.96,25050741,69.56,69.73,68.29,68.88,4351000,2025-12-19T03:46:12Z
GILD,2007-03-15,12.18,12.2,12.05,12.1,21445931,70.12,70.23,69.36,69.66,3724900,2025-12-19T03:46:12Z
GILD,2007-03-16,12.08,12.21,12,12.13,32579584,69.54,70.28,69.1,69.86,5658700,2025-12-19T03:46:12Z
GILD,2007-03-19,12.29,12.38,12.07,12.15,18687530,70.77,71.27,69.47,69.98,3245800,2025-12-19T03:46:12Z
GILD,2007-03-20,12.65,12.78,12.55,12.55,39205427,72.81,73.58,72.25,72.25,6809500,2025-12-19T03:46:12Z
GILD,2007-03-21,12.92,12.92,12.52,12.65,36971537,74.41,74.41,72.06,72.84,6421500,2025-12-19T03:46:12Z
GILD,2007-03-22,12.98,13.01,12.88,13,30740188,74.73,74.9,74.13,74.84,5339200,2025-12-19T03:46:12Z
GILD,2007-03-23,12.95,13.11,12.92,13.01,29759802,74.58,75.49,74.37,74.9,5168900,2025-12-19T03:46:12Z
GILD,2007-03-26,13.08,13.11,12.75,12.93,21840900,75.3,75.45,73.41,74.43,3793500,2025-12-19T03:46:12Z
GILD,2007-03-27,13.03,13.08,12.94,13.03,17082354,75,75.3,74.51,75.01,2967000,2025-12-19T03:46:12Z
GILD,2007-03-28,13.03,13.14,12.9,12.98,20858743,75.04,75.63,74.29,74.71,3622900,2025-12-19T03:46:12Z
GILD,2007-03-29,13.24,13.25,13.08,13.14,25989150,76.25,76.29,75.32,75.66,4514000,2025-12-19T03:46:12Z
GILD,2007-03-30,13.31,13.39,13.12,13.21,23422434,76.65,77.08,75.53,76.08,4068200,2025-12-19T03:46:12Z
GILD,2007-04-02,13.29,13.39,13.15,13.32,14577254,76.51,77.09,75.74,76.7,2531900,2025-12-19T03:46:12Z
GILD,2007-04-03,13.53,13.55,13.27,13.38,16212397,77.9,78,76.4,77.03,2815900,2025-12-19T03:46:12Z
GILD,2007-04-04,13.54,13.59,13.44,13.54,17557975,77.94,78.25,77.4,77.98,3049600,2025-12-19T03:46:12Z
GILD,2007-04-05,13.6,13.64,13.47,13.47,15061538,78.32,78.51,77.53,77.53,2616000,2025-12-19T03:46:12Z
GILD,2007-04-09,13.5,13.58,13.43,13.52,21663650,77.7,78.2,77.3,77.85,3762700,2025-12-19T03:46:12Z
GILD,2007-04-10,13.42,13.63,13.38,13.45,24294727,77.28,78.5,77.02,77.43,4219700,2025-12-19T03:46:12Z
GILD,2007-04-11,13.32,13.47,13.17,13.44,24302716,76.7,77.54,75.85,77.35,4221100,2025-12-19T03:46:12Z
GILD,2007-04-12,13.72,13.78,13.32,13.37,28458530,78.99,79.32,76.7,76.96,4942900,2025-12-19T03:46:12Z
GILD,2007-04-13,13.62,13.78,13.52,13.77,19275384,78.42,79.35,77.84,79.26,3347900,2025-12-19T03:46:12Z
GILD,2007-04-16,13.84,13.85,13.62,13.67,18738817,79.7,79.76,78.42,78.72,3254700,2025-12-19T03:46:12Z
GILD,2007-04-17,13.78,13.89,13.74,13.81,21645101,79.36,79.96,79.11,79.5,3759500,2025-12-19T03:46:12Z
GILD,2007-04-18,13.62,13.83,13.55,13.76,31864724,78.43,79.63,78,79.24,5534500,2025-12-19T03:46:12Z
GILD,2007-04-19,14.19,14.35,13.66,13.83,56667308,81.71,82.63,78.67,79.6,9842400,2025-12-19T03:46:12Z
GILD,2007-04-20,14.31,14.42,14.22,14.35,30853717,82.39,83,81.85,82.63,5358900,2025-12-19T03:46:12Z
GILD,2007-04-23,14.45,14.61,14.33,14.34,38600265,83.19,84.13,82.51,82.54,6704400,2025-12-19T03:46:12Z
GILD,2007-04-24,14.48,14.56,14.36,14.45,26569999,83.37,83.81,82.66,83.2,4614900,2025-12-19T03:46:12Z
GILD,2007-04-25,14.63,14.64,14.31,14.46,31521471,84.22,84.27,82.41,83.25,5474900,2025-12-19T03:46:12Z
GILD,2007-04-26,14.59,14.63,14.49,14.59,20436674,83.98,84.22,83.44,84,3549600,2025-12-19T03:46:12Z
GILD,2007-04-27,14.22,14.6,14.14,14.55,34867694,81.86,84.05,81.41,83.75,6056100,2025-12-19T03:46:12Z
GILD,2007-04-30,14.19,14.33,14.03,14.22,31386127,81.72,82.48,80.75,81.88,5451400,2025-12-19T03:46:12Z
GILD,2007-05-01,14.34,14.36,14.17,14.26,26270195,82.58,82.65,81.58,82.12,4562800,2025-12-19T03:46:12Z
GILD,2007-05-02,14.49,14.6,14.28,14.37,33128982,83.41,84.05,82.23,82.72,5754100,2025-12-19T03:46:12Z
GILD,2007-05-03,14.45,14.58,14.39,14.52,16890606,83.21,83.94,82.88,83.62,2933700,2025-12-19T03:46:12Z
GILD,2007-05-04,14.44,14.61,14.32,14.49,15044841,83.12,84.1,82.45,83.4,2613100,2025-12-19T03:46:12Z
GILD,2007-05-07,14.41,14.57,14.38,14.51,10687596,82.96,83.91,82.82,83.55,1856300,2025-12-19T03:46:12Z
GILD,2007-05-08,14.38,14.44,14.21,14.42,19961134,82.82,83.12,81.83,83.04,3467000,2025-12-19T03:46:12Z
GILD,2007-05-09,14.43,14.62,14.38,14.47,21531655,83.07,84.16,82.79,83.32,3739800,2025-12-19T03:46:12Z
GILD,2007-05-10,14.07,14.38,14.01,14.36,20780995,81.03,82.81,80.65,82.69,3609400,2025-12-19T03:46:12Z
GILD,2007-05-11,14.27,14.37,14.08,14.08,22268716,82.14,82.74,81.08,81.08,3867800,2025-12-19T03:46:12Z
GILD,2007-05-14,14.19,14.4,14.11,14.28,18459548,81.7,82.89,81.21,82.2,3206200,2025-12-19T03:46:12Z
GILD,2007-05-15,14.21,14.45,14.16,14.26,24416239,81.84,83.18,81.55,82.09,4240800,2025-12-19T03:46:12Z
GILD,2007-05-16,14.59,14.59,14.23,14.3,26175769,83.99,83.99,81.91,82.33,4546400,2025-12-19T03:46:12Z
GILD,2007-05-17,14.4,14.67,14.39,14.59,18945526,82.93,84.45,82.83,83.98,3290600,2025-12-19T03:46:12Z
GILD,2007-05-18,14.42,14.57,14.24,14.41,18997252,83.02,83.86,81.97,82.97,3299600,2025-12-19T03:46:12Z
GILD,2007-05-21,14.36,14.47,14.29,14.38,16479546,82.7,83.34,82.27,82.82,2862300,2025-12-19T03:46:12Z
GILD,2007-05-22,14.54,14.67,14.32,14.43,17414631,83.72,84.45,82.43,83.07,3024700,2025-12-19T03:46:12Z
GILD,2007-05-23,14.34,14.67,14.33,14.52,24476677,82.57,84.47,82.51,83.61,4251300,2025-12-19T03:46:12Z
GILD,2007-05-24,14.3,14.43,14.11,14.37,23012582,82.33,83.05,81.25,82.76,3997000,2025-12-19T03:46:12Z
GILD,2007-05-25,14.2,14.38,14.18,14.32,14500771,81.74,82.78,81.61,82.47,2518600,2025-12-19T03:46:12Z
GILD,2007-05-29,14.24,14.26,14.08,14.14,12748693,81.96,82.1,81.06,81.43,2214300,2025-12-19T03:46:12Z
GILD,2007-05-30,14.29,14.36,14.03,14.21,24383910,82.26,82.7,80.78,81.83,4235200,2025-12-19T03:46:12Z
GILD,2007-05-31,14.38,14.52,14.25,14.27,22142662,82.77,83.57,82.06,82.16,3845900,2025-12-19T03:46:12Z
GILD,2007-06-01,14.42,14.51,14.35,14.43,13531162,83,83.55,82.61,83.05,2350200,2025-12-19T03:46:12Z
GILD,2007-06-04,14.55,14.59,14.3,14.34,20090018,83.78,84.01,82.35,82.58,3489400,2025-12-19T03:46:12Z
GILD,2007-06-05,14.47,14.59,14.29,14.56,19245392,83.29,83.98,82.25,83.83,3342700,2025-12-19T03:46:12Z
GILD,2007-06-06,14.14,14.29,14.14,14.19,29347533,81.41,82.3,81.4,81.68,5097300,2025-12-19T03:46:12Z
GILD,2007-06-07,13.65,14.13,13.59,14.08,39417240,78.58,81.34,78.22,81.05,6846300,2025-12-19T03:46:12Z
GILD,2007-06-08,13.72,13.8,13.54,13.59,26341585,79,79.45,77.96,78.24,4575200,2025-12-19T03:46:12Z
GILD,2007-06-11,13.76,13.94,13.64,13.68,19875817,79.22,80.26,78.51,78.77,3452200,2025-12-19T03:46:12Z
GILD,2007-06-12,13.71,13.94,13.67,13.81,22542812,78.92,80.25,78.69,79.51,3915400,2025-12-19T03:46:12Z
GILD,2007-06-13,13.95,13.95,13.7,13.73,24165734,80.34,80.34,78.85,79.05,4197300,2025-12-19T03:46:12Z
GILD,2007-06-14,14.01,14.1,13.9,13.92,20130349,80.64,81.19,80.05,80.13,3496400,2025-12-19T03:46:12Z
GILD,2007-06-15,14.04,14.27,13.98,14.11,38761461,80.83,82.17,80.48,81.24,6732400,2025-12-19T03:46:12Z
GILD,2007-06-18,13.98,14.24,13.91,14.23,25099066,80.51,82,80.1,81.93,4359400,2025-12-19T03:46:12Z
GILD,2007-06-19,14.03,14.05,13.81,13.94,20675565,80.8,80.89,79.54,80.27,3591100,2025-12-19T03:46:12Z
GILD,2007-06-20,13.74,14.04,13.72,14.02,21830555,79.1,80.85,79.02,80.7,3791700,2025-12-19T03:46:12Z
GILD,2007-06-21,13.78,13.85,13.68,13.74,16196333,79.35,79.73,78.78,79.11,2813100,2025-12-19T03:46:12Z
GILD,2007-06-22,13.63,13.81,13.45,13.72,26987541,78.48,79.49,77.46,79.02,4687400,2025-12-19T03:46:12Z
GILD,2007-06-25,13.45,13.8,13.38,13.7,20774892,38.72,39.72,38.52,39.45,7216700,2025-12-19T03:46:12Z
GILD,2007-06-26,13.48,13.65,13.37,13.55,21006902,38.8,39.3,38.5,39.02,7297300,2025-12-19T03:46:12Z
GILD,2007-06-27,13.83,13.85,13.41,13.49,24619945,39.8,39.86,38.6,38.84,8552400,2025-12-19T03:46:12Z
GILD,2007-06-28,13.75,13.89,13.71,13.84,17298567,39.59,39.99,39.48,39.85,6009100,2025-12-19T03:46:12Z
GILD,2007-06-29,13.48,13.8,13.33,13.76,18824830,38.8,39.74,38.38,39.6,6539300,2025-12-19T03:46:12Z
GILD,2007-07-02,13.67,13.78,13.53,13.54,14757177,39.34,39.68,38.96,38.99,5126300,2025-12-19T03:46:12Z
GILD,2007-07-03,13.56,13.74,13.51,13.7,6807913,39.05,39.55,38.88,39.45,2364900,2025-12-19T03:46:12Z
GILD,2007-07-05,13.54,13.57,13.39,13.46,13420056,38.98,39.07,38.55,38.75,4661800,2025-12-19T03:46:12Z
GILD,2007-07-06,13.59,13.62,13.41,13.54,11076509,39.12,39.21,38.61,38.99,3847700,2025-12-19T03:46:12Z
GILD,2007-07-09,13.68,13.9,13.67,13.89,22701613,39.37,40.01,39.36,40,7886000,2025-12-19T03:46:12Z
GILD,2007-07-10,13.85,13.93,13.68,13.72,21519056,39.86,40.09,39.38,39.5,7475200,2025-12-19T03:46:12Z
GILD,2007-07-11,13.8,13.89,13.69,13.81,22719144,39.72,40,39.41,39.75,7892100,2025-12-19T03:46:12Z
GILD,2007-07-12,13.87,13.87,13.61,13.82,21557040,39.94,39.94,39.18,39.78,7488400,2025-12-19T03:46:12Z
GILD,2007-07-13,13.88,13.89,13.68,13.79,11743796,39.96,40,39.38,39.7,4079500,2025-12-19T03:46:12Z
GILD,2007-07-16,13.76,13.84,13.52,13.81,24289021,39.62,39.83,38.91,39.75,8437400,2025-12-19T03:46:12Z
GILD,2007-07-17,13.63,13.82,13.56,13.79,23304822,39.23,39.78,39.03,39.71,8095500,2025-12-19T03:46:12Z
GILD,2007-07-18,13.67,13.75,13.52,13.59,27335740,39.34,39.57,38.93,39.13,9495800,2025-12-19T03:46:12Z
GILD,2007-07-19,14.04,14.12,13.72,13.89,28474983,40.42,40.65,39.5,40,9891500,2025-12-19T03:46:12Z
GILD,2007-07-20,13.46,13.92,13.19,13.9,52382512,38.75,40.06,37.96,40.02,18196400,2025-12-19T03:46:12Z
GILD,2007-07-23,13.2,13.68,13.06,13.61,37162003,38,39.37,37.61,39.19,12909200,2025-12-19T03:46:12Z
GILD,2007-07-24,13.15,13.38,13.01,13.01,45836119,37.86,38.53,37.45,37.45,15922300,2025-12-19T03:46:12Z
GILD,2007-07-25,13.17,13.23,12.94,13.2,34429833,37.92,38.08,37.24,38.01,11960100,2025-12-19T03:46:12Z
GILD,2007-07-26,12.95,13.16,12.72,12.97,43052784,37.27,37.88,36.62,37.35,14955500,2025-12-19T03:46:12Z
GILD,2007-07-27,12.84,13.22,12.84,12.99,25914317,36.96,38.06,36.96,37.4,9002000,2025-12-19T03:46:12Z
GILD,2007-07-30,13,13.05,12.75,12.94,23538199,37.42,37.56,36.7,37.25,8176600,2025-12-19T03:46:12Z
GILD,2007-07-31,12.93,13.37,12.93,13.14,28523000,37.23,38.5,37.21,37.82,9908200,2025-12-19T03:46:12Z
GILD,2007-08-01,12.89,13.16,12.66,12.86,23420818,37.1,37.9,36.46,37.01,8135800,2025-12-19T03:46:12Z
GILD,2007-08-02,13.1,13.15,12.7,12.89,23018083,37.71,37.86,36.55,37.12,7995900,2025-12-19T03:46:12Z
GILD,2007-08-03,12.83,13.19,12.83,13.17,18344093,36.93,37.97,36.93,37.91,6372300,2025-12-19T03:46:12Z
GILD,2007-08-06,13.25,13.27,12.8,12.89,23882755,38.15,38.19,36.85,37.1,8296300,2025-12-19T03:46:12Z
GILD,2007-08-07,13.15,13.29,12.93,13.1,21665089,37.86,38.25,37.23,37.7,7525900,2025-12-19T03:46:12Z
GILD,2007-08-08,13.35,13.37,13.01,13.19,20783506,38.42,38.48,37.45,37.96,7219700,2025-12-19T03:46:12Z
GILD,2007-08-09,12.96,13.41,12.94,13.3,25585242,37.31,38.6,37.26,38.29,8887700,2025-12-19T03:46:12Z
GILD,2007-08-10,12.87,13.13,12.68,12.81,23513814,37.06,37.8,36.49,36.88,8168100,2025-12-19T03:46:12Z
GILD,2007-08-13,13,13.12,12.68,12.72,16514714,37.41,37.77,36.5,36.61,5736800,2025-12-19T03:46:12Z
GILD,2007-08-14,13.09,13.28,12.99,13.06,17238163,37.67,38.22,37.4,37.6,5988100,2025-12-19T03:46:12Z
GILD,2007-08-15,13.13,13.53,13.07,13.07,22469289,37.81,38.95,37.64,37.64,7805300,2025-12-19T03:46:12Z
GILD,2007-08-16,13.06,13.49,12.87,12.99,28761135,37.6,38.85,37.04,37.4,9990900,2025-12-19T03:46:12Z
GILD,2007-08-17,13.2,13.31,12.9,13.06,24742906,38,38.32,37.15,37.6,8595100,2025-12-19T03:46:12Z
GILD,2007-08-20,13.14,13.2,12.89,13.19,13704521,37.82,38,37.1,37.96,4760600,2025-12-19T03:46:12Z
GILD,2007-08-21,13.11,13.2,12.99,13.05,9614075,37.73,38.01,37.4,37.58,3339700,2025-12-19T03:46:12Z
GILD,2007-08-22,13.02,13.24,12.9,13.23,17843238,37.49,38.13,37.14,38.09,6198300,2025-12-19T03:46:12Z
GILD,2007-08-23,12.92,13.18,12.85,13.18,16829943,37.18,37.94,37,37.94,5846300,2025-12-19T03:46:12Z
GILD,2007-08-24,12.95,13.06,12.72,12.87,16123803,37.29,37.59,36.63,37.06,5601000,2025-12-19T03:46:12Z
GILD,2007-08-27,12.76,12.99,12.75,12.88,12330750,36.73,37.4,36.7,37.09,4283400,2025-12-19T03:46:12Z
GILD,2007-08-28,12.39,12.76,12.39,12.69,21328766,35.67,36.73,35.67,36.54,7409100,2025-12-19T03:46:12Z
GILD,2007-08-29,12.52,12.54,12.23,12.45,30729251,36.05,36.09,35.22,35.83,10674600,2025-12-19T03:46:12Z
GILD,2007-08-30,12.55,12.67,12.37,12.37,16687063,36.14,36.47,35.6,35.6,5796700,2025-12-19T03:46:12Z
GILD,2007-08-31,12.63,12.74,12.47,12.69,17437253,36.37,36.68,35.91,36.52,6057300,2025-12-19T03:46:12Z
GILD,2007-09-04,12.9,13.07,12.64,12.68,26418000,37.13,37.63,36.39,36.49,9177000,2025-12-19T03:46:12Z
GILD,2007-09-05,12.67,13,12.56,12.88,24204038,36.47,37.42,36.15,37.07,8407900,2025-12-19T03:46:12Z
GILD,2007-09-06,13.06,13.23,12.69,12.74,21057814,37.59,38.08,36.53,36.67,7315000,2025-12-19T03:46:12Z
GILD,2007-09-07,13.08,13.49,12.89,12.9,24101514,37.66,38.83,37.11,37.15,8372300,2025-12-19T03:46:12Z
GILD,2007-09-10,13.01,13.29,12.94,13.16,15860662,37.45,38.25,37.25,37.88,5509600,2025-12-19T03:46:12Z
GILD,2007-09-11,13.24,13.3,13.02,13.06,21207568,38.11,38.3,37.47,37.59,7367000,2025-12-19T03:46:12Z
GILD,2007-09-12,13.29,13.45,13.14,13.18,16951701,38.25,38.73,37.84,37.95,5888600,2025-12-19T03:46:12Z
GILD,2007-09-13,13.37,13.5,13.28,13.44,18690377,38.5,38.86,38.23,38.68,6492600,2025-12-19T03:46:12Z
GILD,2007-09-14,13.21,13.37,13.15,13.36,17066567,38.02,38.48,37.87,38.45,5928500,2025-12-19T03:46:12Z
GILD,2007-09-17,12.93,13.15,12.87,13.13,15001333,37.23,37.86,37.05,37.8,5211100,2025-12-19T03:46:12Z
GILD,2007-09-18,13.38,13.38,12.91,12.98,22009861,38.53,38.53,37.17,37.37,7645700,2025-12-19T03:46:12Z
GILD,2007-09-19,13.42,13.44,13.21,13.36,20117409,38.64,38.68,38.03,38.45,6988300,2025-12-19T03:46:12Z
GILD,2007-09-20,13.71,13.84,13.36,13.41,21939431,39.46,39.84,38.47,38.61,7621200,2025-12-19T03:46:12Z
GILD,2007-09-21,13.94,14.02,13.64,13.78,32180113,40.13,40.37,39.28,39.66,11178600,2025-12-19T03:46:12Z
GILD,2007-09-24,13.82,13.94,13.62,13.88,14615046,39.77,40.12,39.21,39.97,5076900,2025-12-19T03:46:12Z
GILD,2007-09-25,14.15,14.28,13.89,13.9,22079039,40.72,41.11,39.98,40.02,7669700,2025-12-19T03:46:12Z
GILD,2007-09-26,14.17,14.37,14.05,14.24,18411514,40.8,41.37,40.46,41,6395700,2025-12-19T03:46:12Z
GILD,2007-09-27,14.28,14.32,14.16,14.3,16316903,41.12,41.23,40.76,41.18,5668100,2025-12-19T03:46:12Z
GILD,2007-09-28,14.2,14.32,14.09,14.28,15198865,40.87,41.23,40.57,41.1,5279700,2025-12-19T03:46:12Z
GILD,2007-10-01,14.54,14.56,14.22,14.33,22441440,41.87,41.91,40.93,41.24,7795600,2025-12-19T03:46:12Z
GILD,2007-10-02,14.38,14.62,14.25,14.62,15333206,41.4,42.08,41.01,42.08,5326400,2025-12-19T03:46:12Z
GILD,2007-10-03,14.35,14.49,14.26,14.38,12160313,41.31,41.7,41.06,41.41,4224200,2025-12-19T03:46:12Z
GILD,2007-10-04,14.42,14.65,14.22,14.42,13153805,41.52,42.17,40.94,41.51,4569300,2025-12-19T03:46:12Z
GILD,2007-10-05,14.63,14.69,14.24,14.5,18190956,42.11,42.3,41,41.75,6319100,2025-12-19T03:46:12Z
GILD,2007-10-08,14.32,14.62,14.17,14.55,18080651,41.21,42.09,40.8,41.9,6280800,2025-12-19T03:46:12Z
GILD,2007-10-09,14.62,14.63,14.39,14.42,13893932,42.09,42.12,41.43,41.5,4826400,2025-12-19T03:46:12Z
GILD,2007-10-10,14.93,14.96,14.5,14.62,19644447,42.98,43.07,41.74,42.1,6824000,2025-12-19T03:46:12Z
GILD,2007-10-11,14.7,15.12,14.64,15.02,22625707,42.32,43.53,42.14,43.25,7859600,2025-12-19T03:46:12Z
GILD,2007-10-12,15.04,15.06,14.77,14.84,17006622,43.3,43.36,42.53,42.72,5907700,2025-12-19T03:46:12Z
GILD,2007-10-15,14.59,15.25,14.51,15.13,21556704,42.01,43.9,41.77,43.56,7488300,2025-12-19T03:46:12Z
GILD,2007-10-16,14.73,14.81,14.29,14.62,23729112,42.4,42.63,41.13,42.09,8242900,2025-12-19T03:46:12Z
GILD,2007-10-17,14.84,14.94,14.42,14.82,21610017,42.72,43,41.51,42.67,7506800,2025-12-19T03:46:12Z
GILD,2007-10-18,15.11,15.28,14.79,14.8,40786432,43.51,43.99,42.57,42.6,14168200,2025-12-19T03:46:12Z
GILD,2007-10-19,14.59,15.11,14.53,15.1,38434123,42,43.5,41.84,43.48,13351100,2025-12-19T03:46:12Z
GILD,2007-10-22,14.79,14.89,14.44,14.58,20842829,42.57,42.86,41.56,41.97,7240300,2025-12-19T03:46:12Z
GILD,2007-10-23,14.94,15.04,14.69,14.8,19008240,43.02,43.31,42.29,42.61,6603000,2025-12-19T03:46:12Z
GILD,2007-10-24,15.27,15.31,14.76,14.89,23655710,43.96,44.08,42.5,42.87,8217400,2025-12-19T03:46:12Z
GILD,2007-10-25,15.81,15.88,15.27,15.28,41273091,45.51,45.7,43.96,44,14337300,2025-12-19T03:46:12Z
GILD,2007-10-26,16.11,16.21,15.79,16.09,25507847,46.37,46.68,45.46,46.32,8860800,2025-12-19T03:46:12Z
GILD,2007-10-29,15.97,16.2,15.89,16.15,20015487,45.96,46.62,45.73,46.5,6952900,2025-12-19T03:46:12Z
GILD,2007-10-30,15.8,15.98,15.69,15.98,16512430,45.48,46,45.17,46,5736000,2025-12-19T03:46:12Z
GILD,2007-10-31,16.05,16.05,15.54,15.98,20831890,46.19,46.19,44.72,45.99,7236500,2025-12-19T03:46:12Z
GILD,2007-11-01,15.9,16.28,15.77,15.98,20982703,45.78,46.87,45.41,46,7288900,2025-12-19T03:46:12Z
GILD,2007-11-02,16.3,16.33,15.9,16.1,27148116,46.91,47,45.78,46.34,9430600,2025-12-19T03:46:12Z
GILD,2007-11-05,16.4,16.55,15.98,16.27,23721339,47.2,47.65,46,46.85,8240200,2025-12-19T03:46:12Z
GILD,2007-11-06,16.36,16.42,16.1,16.36,19100320,47.11,47.26,46.35,47.1,6635000,2025-12-19T03:46:12Z
GILD,2007-11-07,15.5,16.21,15.47,16.16,22522880,44.62,46.66,44.54,46.51,7823900,2025-12-19T03:46:12Z
GILD,2007-11-08,15.66,15.81,15.41,15.46,29022220,45.07,45.5,44.35,44.52,10081600,2025-12-19T03:46:12Z
GILD,2007-11-09,15.14,15.67,15.13,15.53,20686768,43.57,45.12,43.55,44.7,7186100,2025-12-19T03:46:12Z
GILD,2007-11-12,14.78,15.26,14.77,15.2,25569451,42.56,43.93,42.53,43.76,8882200,2025-12-19T03:46:12Z
GILD,2007-11-13,14.98,14.97,14.51,14.77,23872082,43.11,43.11,41.77,42.53,8292600,2025-12-19T03:46:12Z
GILD,2007-11-14,15.25,15.5,15.03,15.1,23111813,43.91,44.61,43.28,43.47,8028500,2025-12-19T03:46:12Z
GILD,2007-11-15,15.16,15.46,15.1,15.34,20243432,43.65,44.5,43.46,44.16,7032100,2025-12-19T03:46:12Z
GILD,2007-11-16,15.51,15.61,15.1,15.18,27439656,44.64,44.95,43.47,43.7,9531900,2025-12-19T03:46:12Z
GILD,2007-11-19,15.03,15.49,14.85,15.49,21149176,43.28,44.58,42.76,44.58,7346700,2025-12-19T03:46:12Z
GILD,2007-11-20,15.2,15.38,14.88,15.15,22354741,43.75,44.28,42.82,43.61,7765500,2025-12-19T03:46:12Z
GILD,2007-11-21,14.96,15.3,14.93,15.08,15688199,43.06,44.04,42.97,43.41,5449700,2025-12-19T03:46:12Z
GILD,2007-11-23,15.05,15.1,14.88,14.97,4471244,43.32,43.46,42.83,43.11,1553200,2025-12-19T03:46:12Z
GILD,2007-11-26,14.56,15.19,14.54,14.96,19759318,41.91,43.73,41.86,43.06,6863900,2025-12-19T03:46:12Z
GILD,2007-11-27,15.45,15.5,14.71,14.82,31622337,44.49,44.63,42.36,42.66,10984800,2025-12-19T03:46:12Z
GILD,2007-11-28,15.92,15.94,15.47,15.66,22955015,45.83,45.89,44.54,45.08,7974000,2025-12-19T03:46:12Z
GILD,2007-11-29,15.9,16.13,15.7,15.71,17364785,45.76,46.44,45.2,45.24,6032100,2025-12-19T03:46:12Z
GILD,2007-11-30,16.17,16.3,15.95,16.15,22722898,46.54,46.92,45.91,46.5,7893400,2025-12-19T03:46:12Z
GILD,2007-12-03,15.96,16.24,15.81,16.15,17221454,45.94,46.76,45.5,46.48,5982300,2025-12-19T03:46:12Z
GILD,2007-12-04,15.7,15.93,15.63,15.82,18242732,45.21,45.85,45.01,45.54,6337100,2025-12-19T03:46:12Z
GILD,2007-12-05,16.25,16.34,15.83,15.9,21666501,46.78,47.05,45.56,45.78,7526400,2025-12-19T03:46:12Z
GILD,2007-12-06,16.54,16.61,16.07,16.23,20418760,47.61,47.8,46.25,46.72,7093000,2025-12-19T03:46:12Z
GILD,2007-12-07,16.35,16.64,16.16,16.48,15822037,47.07,47.89,46.53,47.45,5496200,2025-12-19T03:46:12Z
GILD,2007-12-10,16.58,16.64,16.36,16.55,18752049,47.74,47.9,47.1,47.65,6514000,2025-12-19T03:46:12Z
GILD,2007-12-11,15.92,16.64,15.81,16.5,23980952,45.84,47.9,45.5,47.51,8330400,2025-12-19T03:46:12Z
GILD,2007-12-12,16.27,16.54,16,16.25,25596995,46.85,47.6,46.05,46.79,8891800,2025-12-19T03:46:12Z
GILD,2007-12-13,16.05,16.21,15.9,16.06,19069304,46.21,46.66,45.78,46.23,6624200,2025-12-19T03:46:12Z
GILD,2007-12-14,15.93,16.33,15.89,15.95,14296026,45.85,47.02,45.74,45.92,4966100,2025-12-19T03:46:12Z
GILD,2007-12-17,15.78,16.05,15.74,15.81,15838998,45.44,46.19,45.32,45.5,5502100,2025-12-19T03:46:12Z
GILD,2007-12-18,15.82,16.04,15.63,15.75,14702203,45.55,46.16,45,45.35,5107200,2025-12-19T03:46:12Z
GILD,2007-12-19,15.9,15.98,15.66,15.91,12220742,45.78,45.99,45.08,45.8,4245200,2025-12-19T03:46:12Z
GILD,2007-12-20,15.95,16.06,15.69,16.05,20104445,45.92,46.24,45.18,46.2,6983800,2025-12-19T03:46:12Z
GILD,2007-12-21,16.14,16.16,15.92,16.15,37499689,46.46,46.53,45.82,46.48,13026500,2025-12-19T03:46:12Z
GILD,2007-12-24,16.3,16.34,15.82,15.98,6115566,46.91,47.04,45.55,46.01,2124400,2025-12-19T03:46:12Z
GILD,2007-12-26,16.38,16.47,16.09,16.09,9638550,47.14,47.42,46.32,46.33,3348200,2025-12-19T03:46:12Z
GILD,2007-12-27,16.09,16.41,16.07,16.28,7219547,46.31,47.25,46.27,46.87,2507900,2025-12-19T03:46:12Z
GILD,2007-12-28,16.09,16.43,16.03,16.43,8078869,46.33,47.3,46.15,47.3,2806400,2025-12-19T03:46:12Z
GILD,2007-12-31,15.98,16.27,15.86,15.98,9127268,46.01,46.84,45.65,46.01,3170600,2025-12-19T03:46:12Z
GILD,2008-01-02,15.75,16.21,15.65,15.96,18881015,45.34,46.66,45.05,45.96,6558800,2025-12-19T03:46:12Z
GILD,2008-01-03,16.29,16.33,15.75,15.81,16739560,46.89,47,45.34,45.51,5814900,2025-12-19T03:46:12Z
GILD,2008-01-04,15.94,16.45,15.93,16.31,22184978,45.9,47.35,45.85,46.94,7706500,2025-12-19T03:46:12Z
GILD,2008-01-07,16.57,16.61,16.08,16.2,25949418,47.71,47.8,46.3,46.65,9014200,2025-12-19T03:46:12Z
GILD,2008-01-08,16.27,16.83,16.27,16.7,27638869,46.85,48.45,46.83,48.08,9601100,2025-12-19T03:46:12Z
GILD,2008-01-09,16.85,16.87,16.26,16.33,25382060,48.5,48.56,46.81,47,8817100,2025-12-19T03:46:12Z
GILD,2008-01-10,16.75,16.99,16.5,16.76,27577850,48.22,48.92,47.51,48.26,9579900,2025-12-19T03:46:12Z
GILD,2008-01-11,16.91,17.02,16.72,16.79,25176847,48.68,49,48.14,48.32,8745800,2025-12-19T03:46:12Z
GILD,2008-01-14,16.73,17.04,16.45,16.81,23105838,48.16,49.05,47.37,48.38,8026400,2025-12-19T03:46:12Z
GILD,2008-01-15,16.4,16.63,16.3,16.39,23720688,47.22,47.87,46.92,47.19,8240000,2025-12-19T03:46:12Z
GILD,2008-01-16,16.54,16.92,16.45,16.46,31630365,47.62,48.72,47.36,47.38,10987600,2025-12-19T03:46:12Z
GILD,2008-01-17,16.41,16.84,16.17,16.75,30979051,47.23,48.48,46.54,48.23,10761400,2025-12-19T03:46:12Z
GILD,2008-01-18,16.04,16.72,15.68,16.24,39418794,46.17,48.14,45.13,46.76,13693100,2025-12-19T03:46:12Z
GILD,2008-01-22,15.36,15.63,14.74,14.79,42103060,44.21,45,42.43,42.59,14625600,2025-12-19T03:46:12Z
GILD,2008-01-23,15.57,15.63,14.64,15.1,51786599,44.81,45,42.16,43.47,17989400,2025-12-19T03:46:12Z
GILD,2008-01-24,15.84,16.4,15.75,15.95,39429145,45.6,47.2,45.35,45.92,13696700,2025-12-19T03:46:12Z
GILD,2008-01-25,14.96,16.12,14.88,15.98,50706098,43.07,46.4,42.82,46,17614100,2025-12-19T03:46:12Z
GILD,2008-01-28,14.94,15.13,14.75,14.83,33223007,43,43.57,42.47,42.7,11540900,2025-12-19T03:46:12Z
GILD,2008-01-29,14.99,15.12,14.82,15.07,38915978,43.15,43.52,42.66,43.37,13518500,2025-12-19T03:46:12Z
GILD,2008-01-30,15.28,15.7,14.89,14.95,44858152,44,45.19,42.87,43.04,15582600,2025-12-19T03:46:12Z
GILD,2008-01-31,15.87,15.94,15.44,15.59,39752912,45.69,45.9,44.45,44.88,13809200,2025-12-19T03:46:12Z
GILD,2008-02-01,15.96,16.24,15.63,15.96,26063367,45.93,46.74,45.01,45.96,9053800,2025-12-19T03:46:12Z
GILD,2008-02-04,16.08,16.15,15.9,15.95,16489085,46.29,46.5,45.76,45.91,5727900,2025-12-19T03:46:12Z
GILD,2008-02-05,15.48,16.01,15.45,15.77,32040886,44.57,46.08,44.48,45.4,11130200,2025-12-19T03:46:12Z
GILD,2008-02-06,15.59,15.96,15.5,15.56,27341660,44.87,45.96,44.61,44.79,9497800,2025-12-19T03:46:12Z
GILD,2008-02-07,15.43,15.7,15.23,15.53,28261911,44.43,45.19,43.83,44.7,9817500,2025-12-19T03:46:12Z
GILD,2008-02-08,15.47,15.51,15.18,15.33,20295369,44.53,44.66,43.69,44.14,7050100,2025-12-19T03:46:12Z
GILD,2008-02-11,15.49,15.57,15.26,15.32,24587430,44.6,44.81,43.92,44.1,8541100,2025-12-19T03:46:12Z
GILD,2008-02-12,15.66,15.85,15.47,15.47,22560254,45.09,45.63,44.53,44.53,7836900,2025-12-19T03:46:12Z
GILD,2008-02-13,15.79,15.98,15.61,15.84,21898802,45.45,46,44.93,45.6,7607100,2025-12-19T03:46:12Z
GILD,2008-02-14,15.54,15.79,15.52,15.79,18134820,44.74,45.46,44.67,45.46,6299600,2025-12-19T03:46:12Z
GILD,2008-02-15,15.5,15.56,15.29,15.45,25695815,44.62,44.78,44.02,44.47,8926100,2025-12-19T03:46:12Z
GILD,2008-02-19,15.69,15.94,15.63,15.72,20037139,45.18,45.89,45,45.25,6960400,2025-12-19T03:46:12Z
GILD,2008-02-20,15.84,15.87,15.51,15.56,21635406,45.6,45.67,44.64,44.78,7515600,2025-12-19T03:46:12Z
GILD,2008-02-21,15.26,15.84,15.17,15.73,30947214,43.93,45.6,43.67,45.27,10750300,2025-12-19T03:46:12Z
GILD,2008-02-22,14.91,15.12,14.72,15.08,32226990,42.92,43.52,42.37,43.4,11194900,2025-12-19T03:46:12Z
GILD,2008-02-25,15.15,15.28,14.97,15.09,27606759,43.62,44,43.09,43.44,9589900,2025-12-19T03:46:12Z
GILD,2008-02-26,15.31,15.54,15.08,15.11,21744432,44.06,44.74,43.4,43.5,7553500,2025-12-19T03:46:12Z
GILD,2008-02-27,15.21,15.35,15.12,15.32,19605262,43.79,44.18,43.54,44.1,6810400,2025-12-19T03:46:12Z
GILD,2008-02-28,15.79,16.01,14.97,14.99,40727946,45.46,46.1,43.1,43.16,14147900,2025-12-19T03:46:12Z
GILD,2008-02-29,16.44,16.76,15.81,15.86,57560510,47.32,48.25,45.5,45.66,19995100,2025-12-19T03:46:12Z
GILD,2008-03-03,16.87,17.02,16.27,16.61,36132719,48.57,49,46.85,47.8,12551600,2025-12-19T03:46:12Z
GILD,2008-03-04,17.13,17.31,16.59,16.72,39098807,49.32,49.82,47.75,48.12,13582000,2025-12-19T03:46:12Z
GILD,2008-03-05,17.01,17.34,16.92,17.26,27235089,48.96,49.91,48.7,49.69,9460800,2025-12-19T03:46:12Z
GILD,2008-03-06,16.61,17.08,16.6,17.08,26191002,47.81,49.18,47.78,49.18,9098100,2025-12-19T03:46:12Z
GILD,2008-03-07,16.92,16.92,16.45,16.48,29947397,48.7,48.7,47.36,47.44,10403000,2025-12-19T03:46:12Z
GILD,2008-03-10,16.02,16.87,15.94,16.87,43433777,46.13,48.56,45.89,48.56,15087800,2025-12-19T03:46:12Z
GILD,2008-03-11,16.42,16.42,15.98,16.25,26373134,47.26,47.28,46,46.77,9161400,2025-12-19T03:46:12Z
GILD,2008-03-12,16.68,16.94,16.5,16.61,23509139,48.01,48.77,47.5,47.83,8166500,2025-12-19T03:46:12Z
GILD,2008-03-13,16.84,17.05,16.47,16.79,31635003,48.49,49.07,47.41,48.32,10989200,2025-12-19T03:46:12Z
GILD,2008-03-14,16.52,17,16.15,16.73,28833360,47.55,48.95,46.5,48.17,10016000,2025-12-19T03:46:12Z
GILD,2008-03-17,16.24,16.84,16.22,16.48,23708318,46.76,48.49,46.69,47.44,8235700,2025-12-19T03:46:12Z
GILD,2008-03-18,16.71,16.71,16.17,16.57,22434785,48.09,48.1,46.56,47.69,7793300,2025-12-19T03:46:12Z
GILD,2008-03-19,16.52,17,16.52,16.63,24134083,47.56,48.94,47.56,47.87,8383600,2025-12-19T03:46:12Z
GILD,2008-03-20,16.82,16.83,16.34,16.77,28826721,48.43,48.46,47.05,48.28,10013700,2025-12-19T03:46:12Z
GILD,2008-03-24,17.23,17.35,16.67,16.67,25340876,49.61,49.94,48,48,8802800,2025-12-19T03:46:12Z
GILD,2008-03-25,17.72,17.87,17.27,17.44,38008488,51.01,51.45,49.71,50.21,13203200,2025-12-19T03:46:12Z
GILD,2008-03-26,17.45,17.68,17.34,17.56,22155206,50.24,50.91,49.93,50.55,7696200,2025-12-19T03:46:12Z
GILD,2008-03-27,17.36,17.66,17.31,17.55,19769128,49.98,50.84,49.84,50.52,6867300,2025-12-19T03:46:12Z
GILD,2008-03-28,17.23,17.65,17.17,17.61,18709723,49.61,50.81,49.44,50.7,6499300,2025-12-19T03:46:12Z
GILD,2008-03-31,17.9,17.94,17.41,17.41,26057622,51.53,51.65,50.11,50.11,9051800,2025-12-19T03:46:12Z
GILD,2008-04-01,18.37,18.41,17.97,18.02,30570693,52.88,53,51.72,51.86,10619500,2025-12-19T03:46:12Z
GILD,2008-04-02,18.03,18.48,17.96,18.45,24391458,51.9,53.2,51.7,53.11,8473000,2025-12-19T03:46:12Z
GILD,2008-04-03,17.95,18.24,17.87,18.11,17658718,51.66,52.5,51.44,52.14,6134200,2025-12-19T03:46:12Z
GILD,2008-04-04,18.19,18.42,17.95,18.14,15255831,52.35,53.03,51.68,52.21,5299500,2025-12-19T03:46:12Z
GILD,2008-04-07,18.08,18.27,17.9,18.19,18253414,52.06,52.6,51.53,52.37,6340800,2025-12-19T03:46:12Z
GILD,2008-04-08,18.02,18.32,17.93,17.94,15148111,51.88,52.74,51.6,51.65,5262100,2025-12-19T03:46:12Z
GILD,2008-04-09,17.73,18.19,17.59,18.13,22627349,51.03,52.37,50.63,52.18,7860200,2025-12-19T03:46:12Z
GILD,2008-04-10,18.09,18.24,17.73,17.78,18370598,52.09,52.52,51.03,51.19,6381500,2025-12-19T03:46:12Z
GILD,2008-04-11,17.59,18.14,17.53,18.09,21896759,50.64,52.23,50.46,52.09,7606400,2025-12-19T03:46:12Z
GILD,2008-04-14,17.64,17.88,17.4,17.66,21745378,50.78,51.46,50.1,50.84,7553800,2025-12-19T03:46:12Z
GILD,2008-04-15,17.74,17.86,17.58,17.79,20309108,51.07,51.4,50.61,51.22,7054900,2025-12-19T03:46:12Z
GILD,2008-04-16,17.99,18.12,17.72,17.88,22712245,51.8,52.15,51,51.46,7889700,2025-12-19T03:46:12Z
GILD,2008-04-17,17.35,17.72,17.22,17.71,39918716,49.96,51,49.58,50.99,13866800,2025-12-19T03:46:12Z
GILD,2008-04-18,17.98,18.03,17.4,17.72,29469478,51.76,51.9,50.1,51.01,10237000,2025-12-19T03:46:12Z
GILD,2008-04-21,18.1,18.36,17.89,17.9,19885356,52.1,52.84,51.51,51.52,6907700,2025-12-19T03:46:12Z
GILD,2008-04-22,17.68,18.09,17.64,17.98,16183100,50.89,52.08,50.79,51.75,5621600,2025-12-19T03:46:12Z
GILD,2008-04-23,17.54,17.89,17.47,17.82,24475479,50.5,51.5,50.3,51.3,8502200,2025-12-19T03:46:12Z
GILD,2008-04-24,17.72,17.87,17.38,17.55,19348800,51.02,51.43,50.04,50.53,6721300,2025-12-19T03:46:12Z
GILD,2008-04-25,17.86,18.23,17.79,17.79,16744416,51.4,52.48,51.2,51.2,5816600,2025-12-19T03:46:12Z
GILD,2008-04-28,18.25,18.35,17.82,17.83,19168630,52.53,52.82,51.3,51.32,6658700,2025-12-19T03:46:12Z
GILD,2008-04-29,17.96,18.25,17.93,18.1,16593559,51.71,52.53,51.61,52.1,5764200,2025-12-19T03:46:12Z
GILD,2008-04-30,17.98,18.25,17.89,18.07,17097881,51.76,52.53,51.49,52.01,5939400,2025-12-19T03:46:12Z
GILD,2008-05-01,18.41,18.41,17.94,18.01,18817390,53,53,51.65,51.85,6536700,2025-12-19T03:46:12Z
GILD,2008-05-02,18.63,18.68,18.39,18.41,17457717,53.63,53.79,52.94,53.01,6064400,2025-12-19T03:46:12Z
GILD,2008-05-05,18.64,18.8,18.48,18.62,18153210,53.67,54.13,53.21,53.59,6306000,2025-12-19T03:46:12Z
GILD,2008-05-06,18.81,18.86,18.48,18.64,15840502,54.14,54.29,53.19,53.66,5502600,2025-12-19T03:46:12Z
GILD,2008-05-07,18.49,18.9,18.47,18.85,18419257,53.23,54.42,53.16,54.27,6398400,2025-12-19T03:46:12Z
GILD,2008-05-08,18.8,18.96,18.57,18.7,17474452,54.11,54.59,53.47,53.82,6070200,2025-12-19T03:46:12Z
GILD,2008-05-09,18.63,18.81,18.5,18.68,11666351,53.64,54.14,53.25,53.79,4052600,2025-12-19T03:46:12Z
GILD,2008-05-12,18.93,18.93,18.5,18.55,15770845,54.48,54.51,53.25,53.41,5478400,2025-12-19T03:46:12Z
GILD,2008-05-13,18.57,18.93,18.49,18.8,18295156,53.47,54.5,53.23,54.11,6355300,2025-12-19T03:46:12Z
GILD,2008-05-14,18.26,18.75,18.2,18.74,16095224,52.56,53.99,52.4,53.96,5591100,2025-12-19T03:46:12Z
GILD,2008-05-15,18.39,18.54,18.11,18.2,16041747,52.95,53.37,52.13,52.4,5572500,2025-12-19T03:46:12Z
GILD,2008-05-16,18.44,18.57,18.18,18.44,16043127,53.09,53.45,52.34,53.09,5573000,2025-12-19T03:46:12Z
GILD,2008-05-19,18.49,18.77,18.33,18.53,14782869,53.22,54.02,52.77,53.33,5135200,2025-12-19T03:46:12Z
GILD,2008-05-20,18.71,18.79,18.43,18.54,13237272,53.87,54.08,53.04,53.36,4598300,2025-12-19T03:46:12Z
GILD,2008-05-21,18.23,18.81,18.18,18.79,16375044,52.48,54.15,52.35,54.1,5688300,2025-12-19T03:46:12Z
GILD,2008-05-22,18.65,18.75,18.32,18.34,15645596,53.69,53.99,52.73,52.79,5434900,2025-12-19T03:46:12Z
GILD,2008-05-23,18.4,18.66,18.33,18.52,12804843,52.98,53.71,52.77,53.32,4448100,2025-12-19T03:46:12Z
GILD,2008-05-27,18.64,18.66,18.37,18.5,14007317,53.65,53.72,52.89,53.27,4865800,2025-12-19T03:46:12Z
GILD,2008-05-28,18.61,18.69,18.45,18.65,13537228,53.57,53.81,53.12,53.7,4702500,2025-12-19T03:46:12Z
GILD,2008-05-29,19.23,19.28,18.65,18.73,19704360,55.35,55.5,53.7,53.93,6844800,2025-12-19T03:46:12Z
GILD,2008-05-30,19.22,19.3,19.04,19.18,16728305,55.32,55.57,54.8,55.21,5811000,2025-12-19T03:46:12Z
GILD,2008-06-02,18.96,19.13,18.74,19.02,18511335,54.58,55.08,53.95,54.75,6430400,2025-12-19T03:46:12Z
GILD,2008-06-03,19.21,19.38,19.02,19.07,23347604,55.3,55.8,54.76,54.89,8110400,2025-12-19T03:46:12Z
GILD,2008-06-04,19.54,19.75,19.13,19.14,24290140,56.24,56.85,55.07,55.1,8437800,2025-12-19T03:46:12Z
GILD,2008-06-05,19.68,19.78,19.47,19.71,15852544,56.64,56.95,56.05,56.74,5506800,2025-12-19T03:46:12Z
GILD,2008-06-06,19.02,19.67,19.02,19.67,19334389,54.76,56.62,54.75,56.62,6716300,2025-12-19T03:46:12Z
GILD,2008-06-09,18.86,19.07,18.66,19.04,20270849,54.3,54.9,53.73,54.8,7041600,2025-12-19T03:46:12Z
GILD,2008-06-10,18.82,19.02,18.62,18.76,13200108,54.19,54.74,53.61,54,4585400,2025-12-19T03:46:12Z
GILD,2008-06-11,18.46,18.82,18.44,18.7,16673607,53.15,54.18,53.09,53.84,5792000,2025-12-19T03:46:12Z
GILD,2008-06-12,18.32,18.59,18.19,18.59,17574075,52.73,53.51,52.37,53.5,6104800,2025-12-19T03:46:12Z
GILD,2008-06-13,18.81,18.87,18.39,18.46,20457124,54.14,54.33,52.95,53.13,7106300,2025-12-19T03:46:12Z
GILD,2008-06-16,18.87,19,18.4,18.65,19744063,54.33,54.71,52.97,53.7,6858600,2025-12-19T03:46:12Z
GILD,2008-06-17,18.6,18.93,18.52,18.83,14553671,53.55,54.48,53.3,54.2,5055600,2025-12-19T03:46:12Z
GILD,2008-06-18,18.57,18.87,18.38,18.49,16499166,53.45,54.31,52.92,53.24,5731400,2025-12-19T03:46:12Z
GILD,2008-06-19,19.27,19.27,18.47,18.52,24633887,55.47,55.48,53.17,53.3,8557200,2025-12-19T03:46:12Z
GILD,2008-06-20,19.01,19.25,18.74,19.25,29224553,54.72,55.42,53.96,55.42,10151900,2025-12-19T03:46:12Z
GILD,2008-06-23,19.02,19.19,18.85,19.06,15565561,54.76,55.25,54.26,54.88,5407100,2025-12-19T03:46:12Z
GILD,2008-06-24,18.94,19.1,18.74,18.89,16197202,54.51,54.98,53.96,54.38,5626500,2025-12-19T03:46:12Z
GILD,2008-06-25,18.93,19.15,18.71,18.89,18558609,54.48,55.13,53.87,54.38,6446800,2025-12-19T03:46:12Z
GILD,2008-06-26,18.39,18.86,18.39,18.75,20942994,52.94,54.28,52.94,53.98,7275100,2025-12-19T03:46:12Z
GILD,2008-06-27,18.36,18.59,18.35,18.48,23177471,52.86,53.53,52.82,53.2,8051300,2025-12-19T03:46:12Z
GILD,2008-06-30,18.39,18.61,18.2,18.36,21236424,52.95,53.56,52.4,52.85,7377000,2025-12-19T03:46:12Z
GILD,2008-07-01,18.12,18.36,17.79,18.36,39168231,52.17,52.84,51.2,52.84,13606100,2025-12-19T03:46:12Z
GILD,2008-07-02,17.82,18.36,17.7,18.34,32587770,51.29,52.85,50.96,52.79,11320200,2025-12-19T03:46:12Z
GILD,2008-07-03,17.75,18.13,17.73,17.81,12505785,51.09,52.2,51.04,51.27,4344200,2025-12-19T03:46:12Z
GILD,2008-07-07,17.95,18.19,17.72,17.84,27682710,51.67,52.36,51.02,51.35,9616300,2025-12-19T03:46:12Z
GILD,2008-07-08,18.59,18.61,17.82,17.82,33711091,53.53,53.56,51.29,51.29,11710400,2025-12-19T03:46:12Z
GILD,2008-07-09,18.7,19.16,18.48,18.48,30594475,53.82,55.16,53.2,53.21,10627800,2025-12-19T03:46:12Z
GILD,2008-07-10,18.96,19.27,18.7,18.7,29998994,54.59,55.47,53.82,53.82,10420900,2025-12-19T03:46:12Z
GILD,2008-07-11,18.65,19.11,18.43,18.82,27990117,53.7,55,53.05,54.19,9723100,2025-12-19T03:46:12Z
GILD,2008-07-14,18.6,18.93,18.54,18.75,18106014,53.55,54.5,53.36,53.99,6289600,2025-12-19T03:46:12Z
GILD,2008-07-15,19.11,19.41,18.44,18.46,29933527,55,55.89,53.08,53.15,10398200,2025-12-19T03:46:12Z
GILD,2008-07-16,19.04,19.41,18.99,19.17,29428598,54.81,55.88,54.66,55.18,10222800,2025-12-19T03:46:12Z
GILD,2008-07-17,19.24,19.43,18.94,19.34,32017232,55.4,55.92,54.52,55.69,11122000,2025-12-19T03:46:12Z
GILD,2008-07-18,17.21,17.93,17.09,17.86,102473883,49.53,51.61,49.2,51.4,35596900,2025-12-19T03:46:12Z
GILD,2008-07-21,17.24,17.67,17.22,17.47,51269360,49.64,50.88,49.58,50.28,17809700,2025-12-19T03:46:12Z
GILD,2008-07-22,17.75,17.81,17.09,17.17,37619495,51.1,51.27,49.19,49.43,13068100,2025-12-19T03:46:12Z
GILD,2008-07-23,18.31,18.57,17.81,17.87,37214175,52.7,53.45,51.26,51.43,12927300,2025-12-19T03:46:12Z
GILD,2008-07-24,18.3,18.47,18.03,18.12,23393917,52.68,53.16,51.91,52.15,8126500,2025-12-19T03:46:12Z
GILD,2008-07-25,18.94,19.02,18.28,18.48,27039957,54.51,54.74,52.63,53.19,9393000,2025-12-19T03:46:12Z
GILD,2008-07-28,18.3,19,18.23,18.93,26546727,52.67,54.69,52.49,54.51,9221700,2025-12-19T03:46:12Z
GILD,2008-07-29,18.75,18.78,18.47,18.48,21906874,53.98,54.05,53.17,53.19,7609900,2025-12-19T03:46:12Z
GILD,2008-07-30,18.73,18.96,18.41,18.73,23306786,53.91,54.59,53,53.93,8096200,2025-12-19T03:46:12Z
GILD,2008-07-31,18.75,19.19,18.49,18.71,24044335,53.98,55.23,53.24,53.85,8352400,2025-12-19T03:46:12Z
GILD,2008-08-01,18.65,19.09,18.4,18.95,17384060,53.69,54.97,52.97,54.54,6038800,2025-12-19T03:46:12Z
GILD,2008-08-04,18.7,18.84,18.5,18.8,17779029,53.84,54.25,53.25,54.13,6176000,2025-12-19T03:46:12Z
GILD,2008-08-05,19.22,19.27,18.78,18.8,32640491,55.32,55.48,54.05,54.11,11338500,2025-12-19T03:46:12Z
GILD,2008-08-06,19.46,19.71,18.97,19.03,25648836,56.03,56.75,54.6,54.77,8909800,2025-12-19T03:46:12Z
GILD,2008-08-07,19.12,19.8,19.12,19.61,30795984,55.04,57,55.04,56.44,10697800,2025-12-19T03:46:12Z
GILD,2008-08-08,19.72,19.82,19.27,19.29,21327072,56.77,57.05,55.47,55.53,7408500,2025-12-19T03:46:12Z
GILD,2008-08-11,19.6,19.75,19.47,19.66,18550242,56.43,56.86,56.04,56.6,6443900,2025-12-19T03:46:12Z
GILD,2008-08-12,19.84,19.91,19.57,19.62,17586105,57.1,57.3,56.35,56.49,6109000,2025-12-19T03:46:12Z
GILD,2008-08-13,19.73,20.02,19.46,19.9,17131031,56.81,57.63,56.01,57.28,5950900,2025-12-19T03:46:12Z
GILD,2008-08-14,19.69,19.74,19.45,19.67,18175161,56.69,56.83,56,56.62,6313600,2025-12-19T03:46:12Z
GILD,2008-08-15,19.54,19.77,19.34,19.72,15794679,56.26,56.91,55.67,56.77,5486700,2025-12-19T03:46:12Z
GILD,2008-08-18,19.38,19.73,19.11,19.61,17804920,55.79,56.79,55.02,56.45,6185000,2025-12-19T03:46:12Z
GILD,2008-08-19,18.95,19.4,18.84,19.13,20548404,54.55,55.84,54.25,55.08,7138000,2025-12-19T03:46:12Z
GILD,2008-08-20,18.97,19.3,18.8,19.13,17182513,54.62,55.55,54.13,55.07,5968800,2025-12-19T03:46:12Z
GILD,2008-08-21,18.81,18.91,18.51,18.81,18641194,54.15,54.44,53.29,54.15,6475500,2025-12-19T03:46:12Z
GILD,2008-08-22,18.87,19.08,18.7,18.9,14199593,54.31,54.93,53.83,54.42,4932600,2025-12-19T03:46:12Z
GILD,2008-08-25,18.48,18.83,18.33,18.83,17186255,53.21,54.21,52.77,54.21,5970100,2025-12-19T03:46:12Z
GILD,2008-08-26,18.72,18.89,18.43,18.43,18023978,53.89,54.37,53.05,53.05,6261100,2025-12-19T03:46:12Z
GILD,2008-08-27,18.67,18.83,18.52,18.73,13741350,53.75,54.2,53.3,53.93,4773400,2025-12-19T03:46:12Z
GILD,2008-08-28,18.48,18.54,18.26,18.37,16760779,53.21,53.38,52.56,52.88,5822300,2025-12-19T03:46:12Z
GILD,2008-08-29,18.3,18.61,18.18,18.49,15058008,52.68,53.56,52.34,53.22,5230800,2025-12-19T03:46:12Z
GILD,2008-09-02,17.47,18.22,17.32,17.89,41239613,50.28,52.46,49.85,51.5,14325600,2025-12-19T03:46:12Z
GILD,2008-09-03,17.85,17.89,17.44,17.57,25824436,51.38,51.51,50.21,50.57,8970800,2025-12-19T03:46:12Z
GILD,2008-09-04,17.36,17.81,17.36,17.68,24357831,49.98,51.26,49.98,50.9,8461300,2025-12-19T03:46:12Z
GILD,2008-09-05,16.62,17.2,16.62,17.19,36849211,47.85,49.51,47.84,49.49,12800500,2025-12-19T03:46:12Z
GILD,2008-09-08,16.35,16.79,16.06,16.76,39725510,47.07,48.34,46.24,48.25,13799700,2025-12-19T03:46:12Z
GILD,2008-09-09,16.22,16.61,16.2,16.34,30838314,46.69,47.83,46.63,47.05,10712500,2025-12-19T03:46:12Z
GILD,2008-09-10,16.26,16.44,16.06,16.2,24865633,46.82,47.33,46.23,46.62,8637700,2025-12-19T03:46:12Z
GILD,2008-09-11,17.04,17.04,16,16.07,39729044,49.04,49.05,46.07,46.27,13800900,2025-12-19T03:46:12Z
GILD,2008-09-12,16.72,17.27,16.66,17.17,38584491,48.12,49.7,47.96,49.42,13403300,2025-12-19T03:46:12Z
GILD,2008-09-15,16.61,17.03,16.47,16.54,27818263,47.83,49.03,47.42,47.62,9663400,2025-12-19T03:46:12Z
GILD,2008-09-16,17.31,17.69,16.36,16.36,40744721,49.83,50.93,47.09,47.09,14153700,2025-12-19T03:46:12Z
GILD,2008-09-17,16.3,17.2,16.3,16.68,35315746,46.93,49.51,46.93,48.03,12267800,2025-12-19T03:46:12Z
GILD,2008-09-18,16.39,16.91,15.05,16.71,51589423,47.17,48.69,43.33,48.11,17920900,2025-12-19T03:46:12Z
GILD,2008-09-19,16.14,17.02,13.83,16.89,52317051,46.46,49,39.8,48.62,18173700,2025-12-19T03:46:12Z
GILD,2008-09-22,15.53,16.18,15.53,16.05,19978901,44.71,46.57,44.7,46.2,6940200,2025-12-19T03:46:12Z
GILD,2008-09-23,15.52,15.88,15.46,15.68,25562269,44.69,45.71,44.49,45.15,8879700,2025-12-19T03:46:12Z
GILD,2008-09-24,16.22,16.25,15.56,15.69,27546495,46.69,46.77,44.8,45.17,9569000,2025-12-19T03:46:12Z
GILD,2008-09-25,16.34,17.05,16.01,16.01,24924638,47.05,49.09,46.09,46.09,8658200,2025-12-19T03:46:12Z
GILD,2008-09-26,16.9,16.98,15.92,15.99,28370357,48.64,48.88,45.83,46.03,9855200,2025-12-19T03:46:12Z
GILD,2008-09-29,14.74,17.01,13.89,16.59,48839418,42.44,48.97,40,47.77,16965600,2025-12-19T03:46:12Z
GILD,2008-09-30,15.85,15.98,15.34,15.71,37383336,45.63,46,44.16,45.24,12986100,2025-12-19T03:46:12Z
GILD,2008-10-01,15.74,15.94,15.5,15.9,19058062,45.3,45.88,44.61,45.78,6620300,2025-12-19T03:46:12Z
GILD,2008-10-02,15.52,16.16,15.5,15.82,22373785,44.69,46.52,44.62,45.55,7772100,2025-12-19T03:46:12Z
GILD,2008-10-03,15.89,16.59,15.52,15.84,31485870,45.75,47.76,44.69,45.59,10937400,2025-12-19T03:46:12Z
GILD,2008-10-06,14.55,16.2,14.18,15.59,51985479,41.88,46.64,40.82,44.89,18058500,2025-12-19T03:46:12Z
GILD,2008-10-07,14.1,15.22,14.1,14.57,37234270,40.59,43.81,40.59,41.93,12934300,2025-12-19T03:46:12Z
GILD,2008-10-08,14.27,14.75,13.63,13.73,41254814,41.07,42.45,39.24,39.53,14330900,2025-12-19T03:46:12Z
GILD,2008-10-09,13.91,14.85,13.82,14.54,39888004,40.04,42.74,39.78,41.87,13856100,2025-12-19T03:46:12Z
GILD,2008-10-10,13.02,14.31,12.37,13.4,72261930,37.47,41.19,35.6,38.58,25102100,2025-12-19T03:46:12Z
GILD,2008-10-13,14.82,14.88,13.5,13.89,38482186,42.65,42.84,38.87,39.98,13367800,2025-12-19T03:46:12Z
GILD,2008-10-14,14.35,15.06,14.1,14.94,39116050,41.32,43.35,40.58,43,13588000,2025-12-19T03:46:12Z
GILD,2008-10-15,13.3,14.78,13.23,14.35,36731238,38.28,42.56,38.1,41.3,12759500,2025-12-19T03:46:12Z
GILD,2008-10-16,14.38,14.47,12.85,13.61,49085113,41.39,41.66,37,39.19,17051000,2025-12-19T03:46:12Z
GILD,2008-10-17,14.95,15.85,14.62,14.76,59135590,43.03,45.64,42.1,42.5,20542300,2025-12-19T03:46:12Z
GILD,2008-10-20,16.15,16.18,14.92,14.95,31045054,46.49,46.57,42.94,43.03,10784300,2025-12-19T03:46:12Z
GILD,2008-10-21,15.99,16.36,15.88,16.2,30982075,46.02,47.09,45.72,46.63,10762400,2025-12-19T03:46:12Z
GILD,2008-10-22,16.14,16.42,15.41,15.66,34926340,46.47,47.28,44.35,45.07,12132600,2025-12-19T03:46:12Z
GILD,2008-10-23,15.8,16.41,14.94,16.12,54419374,45.47,47.25,43.02,46.4,18904000,2025-12-19T03:46:12Z
GILD,2008-10-24,15.05,15.48,14.85,14.88,36406730,43.32,44.55,42.75,42.83,12646800,2025-12-19T03:46:12Z
GILD,2008-10-27,14.73,15.24,14.58,14.71,31013459,42.4,43.87,41.98,42.35,10773300,2025-12-19T03:46:12Z
GILD,2008-10-28,15.55,15.61,14.69,15.09,37027370,44.77,44.93,42.3,43.43,12862400,2025-12-19T03:46:12Z
GILD,2008-10-29,15.85,16.13,15.25,15.54,38766159,45.64,46.44,43.9,44.75,13466400,2025-12-19T03:46:12Z
GILD,2008-10-30,16.23,16.33,15.75,16.12,36867329,46.71,47.01,45.33,46.41,12806800,2025-12-19T03:46:12Z
GILD,2008-10-31,15.93,16.43,15.65,16.16,30514176,45.85,47.3,45.05,46.51,10599900,2025-12-19T03:46:12Z
GILD,2008-11-03,16.43,16.67,15.84,15.89,30997936,47.31,47.99,45.6,45.75,10767900,2025-12-19T03:46:12Z
GILD,2008-11-04,16.35,16.82,16.09,16.63,28769094,47.07,48.42,46.33,47.88,9993700,2025-12-19T03:46:12Z
GILD,2008-11-05,15.64,16.6,15.63,16.22,26899903,45.02,47.79,45,46.7,9344400,2025-12-19T03:46:12Z
GILD,2008-11-06,15.41,15.76,15.23,15.43,30758938,44.35,45.37,43.84,44.43,10684900,2025-12-19T03:46:12Z
GILD,2008-11-07,15.65,15.82,15.35,15.43,27522941,45.04,45.54,44.19,44.43,9560800,2025-12-19T03:46:12Z
GILD,2008-11-10,15.58,15.89,15.35,15.88,16934143,44.84,45.75,44.18,45.71,5882500,2025-12-19T03:46:12Z
GILD,2008-11-11,15.33,15.68,15.18,15.44,24517199,44.14,45.15,43.7,44.45,8516700,2025-12-19T03:46:12Z
GILD,2008-11-12,15.44,15.58,14.99,15.15,29603874,44.45,44.86,43.16,43.6,10283700,2025-12-19T03:46:12Z
GILD,2008-11-13,16.43,16.48,15.21,15.38,43146290,47.3,47.45,43.8,44.28,14988000,2025-12-19T03:46:12Z
GILD,2008-11-14,16.3,16.97,16.06,16.25,43413425,46.92,48.84,46.24,46.78,15080800,2025-12-19T03:46:12Z
GILD,2008-11-17,15.95,16.34,15.94,15.98,23512610,45.91,47.03,45.89,46.01,8167700,2025-12-19T03:46:12Z
GILD,2008-11-18,15.71,15.98,15.15,15.94,40664407,45.22,46,43.62,45.88,14125800,2025-12-19T03:46:12Z
GILD,2008-11-19,15.01,15.8,14.96,15.72,29303201,43.2,45.49,43.07,45.25,10179200,2025-12-19T03:46:12Z
GILD,2008-11-20,14.43,15.28,14.34,14.82,31549727,41.53,43.99,41.29,42.67,10959600,2025-12-19T03:46:12Z
GILD,2008-11-21,14.4,15.05,13.68,14.59,45194282,41.46,43.34,39.37,41.99,15699400,2025-12-19T03:46:12Z
GILD,2008-11-24,14.84,14.93,14.31,14.69,30943942,42.73,42.97,41.19,42.28,10749200,2025-12-19T03:46:12Z
GILD,2008-11-25,15.33,15.54,14.77,15.08,39015873,44.14,44.75,42.51,43.41,13553200,2025-12-19T03:46:12Z
GILD,2008-11-26,15.65,15.72,15.1,15.28,29477836,45.05,45.25,43.46,44,10239900,2025-12-19T03:46:12Z
GILD,2008-11-28,15.56,15.63,15.3,15.62,7456172,44.79,45,44.04,44.97,2590100,2025-12-19T03:46:12Z
GILD,2008-12-01,14.75,15.35,14.75,15.19,21926360,42.46,44.19,42.45,43.72,7616700,2025-12-19T03:46:12Z
GILD,2008-12-02,15.32,15.4,14.85,14.89,24740928,44.09,44.34,42.75,42.86,8594400,2025-12-19T03:46:12Z
GILD,2008-12-03,16.04,16.11,15.09,15.17,32560207,46.17,46.39,43.44,43.67,11310600,2025-12-19T03:46:12Z
GILD,2008-12-04,15.82,16.29,15.63,15.77,23753189,45.55,46.88,45.01,45.39,8251300,2025-12-19T03:46:12Z
GILD,2008-12-05,16.46,16.5,15.33,15.69,33322206,47.39,47.49,44.14,45.18,11575300,2025-12-19T03:46:12Z
GILD,2008-12-08,16.21,16.68,15.95,16.62,29866554,46.67,48.01,45.91,47.86,10374900,2025-12-19T03:46:12Z
GILD,2008-12-09,15.57,16.36,15.42,16.1,29392872,44.83,47.1,44.4,46.35,10210400,2025-12-19T03:46:12Z
GILD,2008-12-10,15.84,16.01,15.49,15.7,20385462,45.6,46.1,44.6,45.19,7081400,2025-12-19T03:46:12Z
GILD,2008-12-11,15.31,15.98,15.25,15.73,21541007,44.07,45.99,43.89,45.29,7482800,2025-12-19T03:46:12Z
GILD,2008-12-12,15.64,15.71,14.95,15.13,18296937,45.03,45.22,43.05,43.57,6355900,2025-12-19T03:46:12Z
GILD,2008-12-15,15.41,15.82,15.34,15.61,16389183,44.35,45.55,44.15,44.95,5693200,2025-12-19T03:46:12Z
GILD,2008-12-16,16.63,16.66,15.71,15.71,40775098,47.87,47.95,45.22,45.22,14164300,2025-12-19T03:46:12Z
GILD,2008-12-17,16.55,16.98,16.42,16.51,21875963,47.65,48.87,47.28,47.53,7599200,2025-12-19T03:46:12Z
GILD,2008-12-18,16.95,17.29,16.51,16.55,29643097,48.78,49.77,47.54,47.64,10297300,2025-12-19T03:46:12Z
GILD,2008-12-19,17.25,17.47,16.86,17.05,48955075,49.65,50.28,48.55,49.08,17005800,2025-12-19T03:46:12Z
GILD,2008-12-22,17.47,17.49,17.05,17.36,24503438,50.3,50.35,49.07,49.97,8511900,2025-12-19T03:46:12Z
GILD,2008-12-23,17.37,17.78,17.3,17.41,26509317,50,51.19,49.8,50.13,9208700,2025-12-19T03:46:12Z
GILD,2008-12-24,17.53,17.71,17.3,17.47,8644519,50.46,50.97,49.81,50.28,3002900,2025-12-19T03:46:12Z
GILD,2008-12-26,17.37,17.55,17.27,17.49,7566429,50.01,50.51,49.73,50.36,2628400,2025-12-19T03:46:12Z
GILD,2008-12-29,17.33,17.61,17.08,17.61,12328707,49.89,50.7,49.17,50.7,4282700,2025-12-19T03:46:12Z
GILD,2008-12-30,17.83,17.86,17.46,17.47,19255229,51.33,51.42,50.25,50.29,6688800,2025-12-19T03:46:12Z
GILD,2008-12-31,17.76,18.15,17.73,17.88,17320721,51.14,52.26,51.03,51.48,6016800,2025-12-19T03:46:12Z
GILD,2009-01-02,18.13,18.18,17.6,17.68,16202885,52.18,52.35,50.66,50.9,5628500,2025-12-19T03:46:12Z
GILD,2009-01-05,17.72,18.06,17.51,17.98,22550463,51,51.98,50.41,51.76,7833500,2025-12-19T03:46:12Z
GILD,2009-01-06,17.24,17.8,17.02,17.79,25408737,49.63,51.25,49,51.21,8826400,2025-12-19T03:46:12Z
GILD,2009-01-07,16.92,17.37,16.73,17.02,22403466,48.72,50,48.15,48.99,7782400,2025-12-19T03:46:12Z
GILD,2009-01-08,16.98,16.98,16.54,16.91,21622348,48.87,48.87,47.61,48.67,7511100,2025-12-19T03:46:12Z
GILD,2009-01-09,16.59,17.06,16.45,17.05,19766538,47.77,49.1,47.36,49.09,6866400,2025-12-19T03:46:12Z
GILD,2009-01-12,16.55,16.76,16.29,16.59,18415167,47.65,48.26,46.9,47.76,6397000,2025-12-19T03:46:12Z
GILD,2009-01-13,16.82,17.16,16.55,16.6,23408312,48.41,49.39,47.65,47.78,8131500,2025-12-19T03:46:12Z
GILD,2009-01-14,16.54,16.82,16.46,16.59,22007049,47.62,48.42,47.39,47.76,7644700,2025-12-19T03:46:12Z
GILD,2009-01-15,16.68,16.86,16.41,16.46,24223851,48.03,48.52,47.24,47.39,8414800,2025-12-19T03:46:12Z
GILD,2009-01-16,16.77,16.9,16.51,16.68,24691708,48.28,48.65,47.53,48.03,8577300,2025-12-19T03:46:12Z
GILD,2009-01-20,16.4,17.04,16.4,16.71,26111264,47.2,49.06,47.2,48.11,9070400,2025-12-19T03:46:12Z
GILD,2009-01-21,17.16,17.22,16.52,16.66,30206416,49.4,49.57,47.56,47.95,10493000,2025-12-19T03:46:12Z
GILD,2009-01-22,16.92,17.08,16.67,16.7,21344320,48.7,49.16,48,48.09,7414500,2025-12-19T03:46:12Z
GILD,2009-01-23,16.76,16.92,16.61,16.75,18668234,48.25,48.7,47.8,48.21,6484900,2025-12-19T03:46:12Z
GILD,2009-01-26,16.81,17.16,16.64,16.95,22097988,48.39,49.4,47.9,48.79,7676300,2025-12-19T03:46:12Z
GILD,2009-01-27,16.75,17.02,16.61,17.02,22095136,48.23,49,47.82,49,7675300,2025-12-19T03:46:12Z
GILD,2009-01-28,17.56,17.85,17.09,17.17,43921240,50.54,51.38,49.2,49.42,15257200,2025-12-19T03:46:12Z
GILD,2009-01-29,17.59,17.81,17.31,17.41,23372683,50.64,51.26,49.83,50.11,8119100,2025-12-19T03:46:12Z
GILD,2009-01-30,17.64,18,17.58,17.61,25373918,50.77,51.81,50.62,50.68,8814300,2025-12-19T03:46:12Z
GILD,2009-02-02,18.02,18.07,17.47,17.56,23714064,51.87,52.01,50.28,50.55,8237700,2025-12-19T03:46:12Z
GILD,2009-02-03,18.34,18.45,17.78,18.08,23880820,52.8,53.11,51.18,52.04,8295600,2025-12-19T03:46:12Z
GILD,2009-02-04,18.05,18.51,17.93,18.45,25675141,51.96,53.28,51.6,53.12,8918900,2025-12-19T03:46:12Z
GILD,2009-02-05,18.14,18.22,17.56,17.87,26352206,52.23,52.46,50.54,51.44,9154100,2025-12-19T03:46:12Z
GILD,2009-02-06,18.22,18.42,18.02,18.09,29721636,52.45,53.03,51.88,52.09,10324600,2025-12-19T03:46:12Z
GILD,2009-02-09,17.89,18.16,17.68,18.13,20079150,51.51,52.29,50.91,52.19,6975000,2025-12-19T03:46:12Z
GILD,2009-02-10,17.29,18.01,17.09,17.87,33181631,49.77,51.85,49.19,51.44,11526500,2025-12-19T03:46:12Z
GILD,2009-02-11,17.35,17.54,17.08,17.54,20977563,49.96,50.5,49.17,50.5,7287100,2025-12-19T03:46:12Z
GILD,2009-02-12,17.54,17.54,17.06,17.22,20227637,50.5,50.5,49.1,49.56,7026600,2025-12-19T03:46:12Z
GILD,2009-02-13,17.46,17.72,17.33,17.45,15957387,50.25,51,49.89,50.23,5543200,2025-12-19T03:46:12Z
GILD,2009-02-17,16.92,17.22,16.86,17.2,23393463,48.72,49.58,48.53,49.51,8126300,2025-12-19T03:46:12Z
GILD,2009-02-18,17.23,17.32,16.81,17.01,24006519,49.59,49.86,48.38,48.96,8339300,2025-12-19T03:46:12Z
GILD,2009-02-19,17.04,17.42,17.04,17.31,17953189,49.04,50.15,49.04,49.84,6236500,2025-12-19T03:46:12Z
GILD,2009-02-20,17.37,17.45,16.85,17.07,32568458,50,50.24,48.5,49.14,11313500,2025-12-19T03:46:12Z
GILD,2009-02-23,17,17.54,17,17.4,23942146,48.95,50.5,48.95,50.1,8316900,2025-12-19T03:46:12Z
GILD,2009-02-24,17.49,17.57,16.93,17,27163662,50.34,50.57,48.75,48.95,9436000,2025-12-19T03:46:12Z
GILD,2009-02-25,17.21,17.61,17.1,17.3,23637221,49.54,50.7,49.23,49.81,8211000,2025-12-19T03:46:12Z
GILD,2009-02-26,16.35,17.34,16.33,17.2,35521714,47.07,49.92,47,49.51,12339400,2025-12-19T03:46:12Z
GILD,2009-02-27,15.56,16.35,15.56,15.97,46085066,44.8,47.07,44.78,45.98,16008800,2025-12-19T03:46:12Z
GILD,2009-03-02,15.38,15.6,15.16,15.29,44477555,44.27,44.91,43.65,44.03,15450400,2025-12-19T03:46:12Z
GILD,2009-03-03,15.64,15.78,15.39,15.47,35331095,45.02,45.43,44.3,44.53,12273200,2025-12-19T03:46:12Z
GILD,2009-03-04,15.76,15.98,15.49,15.74,25059092,45.37,46,44.6,45.31,8704900,2025-12-19T03:46:12Z
GILD,2009-03-05,15.21,15.74,15.18,15.53,33333953,43.78,45.32,43.7,44.7,11579400,2025-12-19T03:46:12Z
GILD,2009-03-06,15.29,15.5,15.1,15.27,34996412,44.01,44.61,43.46,43.95,12156900,2025-12-19T03:46:12Z
GILD,2009-03-09,15.18,15.53,15.15,15.28,23636931,43.71,44.71,43.6,43.98,8210900,2025-12-19T03:46:12Z
GILD,2009-03-10,15.46,15.46,15.17,15.35,31202510,44.51,44.52,43.66,44.19,10839000,2025-12-19T03:46:12Z
GILD,2009-03-11,15.3,15.72,15.22,15.5,32097292,44.04,45.25,43.82,44.61,11149800,2025-12-19T03:46:12Z
GILD,2009-03-12,15.43,15.5,14.11,14.28,56695684,44.43,44.62,40.62,41.1,19694700,2025-12-19T03:46:12Z
GILD,2009-03-13,15.78,15.79,15.38,15.49,29359814,45.43,45.47,44.26,44.58,10198900,2025-12-19T03:46:12Z
GILD,2009-03-16,15.35,15.91,15.2,15.79,27496510,44.19,45.81,43.75,45.45,9551600,2025-12-19T03:46:12Z
GILD,2009-03-17,16.01,16.05,15.37,15.52,24985082,46.1,46.21,44.25,44.69,8679200,2025-12-19T03:46:12Z
GILD,2009-03-18,15.68,16.05,15.48,16.01,27206346,45.14,46.19,44.56,46.1,9450800,2025-12-19T03:46:12Z
GILD,2009-03-19,15.39,15.85,15.23,15.85,22152735,44.3,45.64,43.83,45.64,7695300,2025-12-19T03:46:12Z
GILD,2009-03-20,15.39,15.76,15.28,15.65,38813353,44.31,45.38,44,45.04,13482800,2025-12-19T03:46:12Z
GILD,2009-03-23,15.87,16.01,15.49,15.55,26952699,45.68,46.1,44.6,44.77,9362700,2025-12-19T03:46:12Z
GILD,2009-03-24,15.48,15.92,15.28,15.88,32753792,44.56,45.83,43.98,45.7,11377900,2025-12-19T03:46:12Z
GILD,2009-03-25,15.24,15.69,15.01,15.29,28890709,43.88,45.16,43.22,44.02,10035900,2025-12-19T03:46:12Z
GILD,2009-03-26,15.26,15.5,15,15.36,28936946,43.94,44.62,43.17,44.22,10052000,2025-12-19T03:46:12Z
GILD,2009-03-27,15.41,15.77,15.32,15.35,21459129,44.37,45.41,44.1,44.2,7454400,2025-12-19T03:46:12Z
GILD,2009-03-30,15.85,15.85,15.15,15.25,33221337,45.62,45.64,43.62,43.91,11540300,2025-12-19T03:46:12Z
GILD,2009-03-31,16.09,16.29,15.79,15.89,28407068,46.32,46.9,45.47,45.75,9867900,2025-12-19T03:46:12Z
GILD,2009-04-01,15.69,15.81,15.4,15.67,38564669,45.18,45.5,44.32,45.1,13396400,2025-12-19T03:46:12Z
GILD,2009-04-02,15.53,16.01,15.41,15.98,31391647,44.7,46.09,44.36,46,10904700,2025-12-19T03:46:12Z
GILD,2009-04-03,16.32,16.8,15.99,16.78,43521207,46.98,48.37,46.03,48.31,15118200,2025-12-19T03:46:12Z
GILD,2009-04-06,16.8,16.83,16.2,16.28,33235696,48.37,48.45,46.65,46.87,11545300,2025-12-19T03:46:12Z
GILD,2009-04-07,16.48,16.76,16.35,16.56,23808559,47.43,48.25,47.06,47.68,8270500,2025-12-19T03:46:12Z
GILD,2009-04-08,16.46,16.67,16.21,16.5,17415474,47.39,47.98,46.66,47.51,6049700,2025-12-19T03:46:12Z
GILD,2009-04-09,16.55,16.75,16.32,16.54,18742248,47.63,48.21,46.98,47.6,6510600,2025-12-19T03:46:12Z
GILD,2009-04-13,16.51,16.75,16.45,16.47,13651762,47.53,48.21,47.35,47.41,4742300,2025-12-19T03:46:12Z
GILD,2009-04-14,16.21,16.61,15.99,16.41,24379046,46.65,47.8,46.02,47.25,8468700,2025-12-19T03:46:12Z
GILD,2009-04-15,15.47,16.07,15.16,15.99,41682282,44.54,46.25,43.65,46.04,14479400,2025-12-19T03:46:12Z
GILD,2009-04-16,15.58,15.76,15.28,15.46,31894861,44.85,45.36,43.99,44.52,11079500,2025-12-19T03:46:12Z
GILD,2009-04-17,15.52,15.72,15.23,15.56,30053377,44.69,45.25,43.84,44.8,10439800,2025-12-19T03:46:12Z
GILD,2009-04-20,15.2,15.67,15.11,15.34,22427353,43.77,45.11,43.49,44.16,7790700,2025-12-19T03:46:12Z
GILD,2009-04-21,15.19,15.42,15.13,15.19,20480183,43.73,44.39,43.55,43.73,7114300,2025-12-19T03:46:12Z
GILD,2009-04-22,16.06,16.58,15.97,16.06,42090750,46.22,47.73,45.97,46.23,14621300,2025-12-19T03:46:12Z
GILD,2009-04-23,15.94,16.14,15.6,16.01,25988937,45.9,46.46,44.92,46.1,9027900,2025-12-19T03:46:12Z
GILD,2009-04-24,15.91,16.02,15.78,15.89,18125340,45.8,46.12,45.42,45.75,6296300,2025-12-19T03:46:12Z
GILD,2009-04-27,16.51,16.64,16.22,16.56,35570927,47.53,47.9,46.7,47.67,12356500,2025-12-19T03:46:12Z
GILD,2009-04-28,16.54,16.75,16.51,16.64,21553009,47.6,48.23,47.52,47.91,7487000,2025-12-19T03:46:12Z
GILD,2009-04-29,16.31,16.74,16.22,16.68,19957311,46.96,48.2,46.69,48.01,6932700,2025-12-19T03:46:12Z
GILD,2009-04-30,15.91,16.49,15.67,16.45,34131650,45.8,47.48,45.1,47.37,11856500,2025-12-19T03:46:12Z
GILD,2009-05-01,15.57,15.96,15.45,15.96,16754200,44.81,45.95,44.47,45.95,5820000,2025-12-19T03:46:12Z
GILD,2009-05-04,15.6,15.79,15.44,15.67,19901179,44.9,45.44,44.45,45.1,6913200,2025-12-19T03:46:12Z
GILD,2009-05-05,15.47,15.63,15.35,15.63,19371491,44.52,44.99,44.2,44.99,6729200,2025-12-19T03:46:12Z
GILD,2009-05-06,15.29,15.5,15.09,15.49,24309624,44.03,44.63,43.43,44.58,8444600,2025-12-19T03:46:12Z
GILD,2009-05-07,15.78,15.85,15.26,15.36,35834639,45.43,45.63,43.93,44.21,12448100,2025-12-19T03:46:12Z
GILD,2009-05-08,15.29,15.71,15.18,15.52,35881908,44.01,45.24,43.69,44.67,12464500,2025-12-19T03:46:12Z
GILD,2009-05-11,15.51,15.61,15.18,15.27,21323059,44.65,44.93,43.71,43.97,7407100,2025-12-19T03:46:12Z
GILD,2009-05-12,15.47,15.66,15.32,15.59,18919877,44.54,45.07,44.11,44.87,6572300,2025-12-19T03:46:12Z
GILD,2009-05-13,15.42,15.63,15.28,15.31,18547331,44.4,45,44,44.07,6442900,2025-12-19T03:46:12Z
GILD,2009-05-14,15.35,15.7,15.29,15.37,17853588,44.2,45.19,44.01,44.25,6201900,2025-12-19T03:46:12Z
GILD,2009-05-15,15.2,15.35,15.06,15.29,19266155,43.75,44.18,43.35,44.02,6692600,2025-12-19T03:46:12Z
GILD,2009-05-18,15.06,15.18,14.94,15.16,24900148,43.36,43.7,43.01,43.65,8649700,2025-12-19T03:46:12Z
GILD,2009-05-19,14.83,15,14.62,14.99,28806212,42.69,43.18,42.1,43.15,10006600,2025-12-19T03:46:12Z
GILD,2009-05-20,14.7,15,14.61,14.94,25983177,42.32,43.19,42.07,43.01,9025900,2025-12-19T03:46:12Z
GILD,2009-05-21,14.78,14.96,14.68,14.8,28349728,42.56,43.08,42.25,42.6,9848000,2025-12-19T03:46:12Z
GILD,2009-05-22,14.7,14.92,14.65,14.77,15697716,42.33,42.95,42.18,42.53,5453000,2025-12-19T03:46:12Z
GILD,2009-05-26,14.75,14.92,14.41,14.59,22676670,42.47,42.95,41.47,42,7877300,2025-12-19T03:46:12Z
GILD,2009-05-27,14.4,14.84,14.35,14.84,24546704,41.44,42.73,41.31,42.71,8526900,2025-12-19T03:46:12Z
GILD,2009-05-28,14.6,14.75,14.36,14.43,21143716,42.02,42.47,41.33,41.54,7344800,2025-12-19T03:46:12Z
GILD,2009-05-29,14.97,15,14.39,14.59,26696154,43.1,43.18,41.43,42,9273600,2025-12-19T03:46:12Z
GILD,2009-06-01,14.86,15.16,14.73,15.02,21287266,42.77,43.64,42.41,43.23,7394700,2025-12-19T03:46:12Z
GILD,2009-06-02,14.97,15.09,14.69,14.73,23010273,43.09,43.43,42.28,42.4,7993200,2025-12-19T03:46:12Z
GILD,2009-06-03,15.54,15.68,14.88,15.03,34334328,44.73,45.14,42.85,43.28,11926900,2025-12-19T03:46:12Z
GILD,2009-06-04,15.6,15.81,15.52,15.62,21318726,44.92,45.5,44.69,44.98,7405600,2025-12-19T03:46:12Z
GILD,2009-06-05,15.49,15.77,15.38,15.66,19150458,44.58,45.4,44.29,45.09,6652400,2025-12-19T03:46:12Z
GILD,2009-06-08,15.45,15.66,15.31,15.31,16496596,44.49,45.09,44.07,44.07,5730500,2025-12-19T03:46:12Z
GILD,2009-06-09,15.49,15.56,15.37,15.42,17374282,44.58,44.78,44.25,44.4,6035400,2025-12-19T03:46:12Z
GILD,2009-06-10,15.38,15.57,15.13,15.41,21094447,44.28,44.81,43.55,44.36,7327700,2025-12-19T03:46:12Z
GILD,2009-06-11,15.35,15.59,15.29,15.31,24297085,44.19,44.88,44.02,44.07,8440200,2025-12-19T03:46:12Z
GILD,2009-06-12,15.61,15.71,15.26,15.28,28187858,44.94,45.22,43.93,44,9791800,2025-12-19T03:46:12Z
GILD,2009-06-15,15.26,15.63,15.19,15.63,21756867,43.93,45,43.72,45,7557800,2025-12-19T03:46:12Z
GILD,2009-06-16,15.34,15.54,15.26,15.35,19674677,44.16,44.72,43.93,44.19,6834500,2025-12-19T03:46:12Z
GILD,2009-06-17,15.82,15.98,15.34,15.41,27153912,45.53,45.99,44.16,44.35,9432600,2025-12-19T03:46:12Z
GILD,2009-06-18,16.15,16.31,15.75,15.9,26485684,46.5,46.95,45.33,45.78,9200500,2025-12-19T03:46:12Z
GILD,2009-06-19,16.33,16.61,16.2,16.33,31165405,47.02,47.81,46.63,47,10826100,2025-12-19T03:46:12Z
GILD,2009-06-22,16.09,16.23,15.93,16.17,20901342,46.32,46.72,45.86,46.55,7260600,2025-12-19T03:46:12Z
GILD,2009-06-23,16.21,16.35,16.06,16.11,20109004,46.66,47.08,46.22,46.38,6985400,2025-12-19T03:46:12Z
GILD,2009-06-24,16.16,16.29,15.96,16.18,21035713,46.53,46.9,45.96,46.59,7307300,2025-12-19T03:46:12Z
GILD,2009-06-25,16.63,16.67,15.96,16.1,25181168,47.88,47.98,45.94,46.35,8747300,2025-12-19T03:46:12Z
GILD,2009-06-26,16.51,16.58,16.35,16.35,20726541,47.52,47.73,47.07,47.07,7199900,2025-12-19T03:46:12Z
GILD,2009-06-29,16.46,16.56,16.16,16.49,13984846,47.37,47.66,46.52,47.46,4858000,2025-12-19T03:46:12Z
GILD,2009-06-30,16.27,16.5,16.2,16.5,24751842,46.84,47.5,46.65,47.49,8598200,2025-12-19T03:46:12Z
GILD,2009-07-01,16.27,16.53,16.24,16.28,17681726,46.83,47.59,46.74,46.87,6142200,2025-12-19T03:46:12Z
GILD,2009-07-02,15.94,16.22,15.94,16.15,19864715,45.9,46.7,45.9,46.5,6900500,2025-12-19T03:46:12Z
GILD,2009-07-06,15.89,16.07,15.72,15.97,19721346,45.75,46.25,45.25,45.98,6850700,2025-12-19T03:46:12Z
GILD,2009-07-07,15.7,15.91,15.69,15.87,20702955,45.19,45.79,45.18,45.67,7191700,2025-12-19T03:46:12Z
GILD,2009-07-08,15.6,15.92,15.55,15.89,24547798,44.92,45.83,44.76,45.74,8527300,2025-12-19T03:46:12Z
GILD,2009-07-09,15.53,15.61,15.42,15.59,17447929,44.71,44.95,44.4,44.87,6061000,2025-12-19T03:46:12Z
GILD,2009-07-10,15.44,15.62,15.41,15.5,17274353,44.44,44.97,44.36,44.63,6000700,2025-12-19T03:46:12Z
GILD,2009-07-13,15.73,15.74,15.33,15.45,19131214,45.29,45.32,44.14,44.47,6645700,2025-12-19T03:46:12Z
GILD,2009-07-14,15.6,15.85,15.54,15.73,17012174,44.91,45.63,44.75,45.27,5909600,2025-12-19T03:46:12Z
GILD,2009-07-15,15.92,15.99,15.6,15.77,23931082,45.82,46.04,44.91,45.39,8313100,2025-12-19T03:46:12Z
GILD,2009-07-16,16.28,16.4,15.91,15.94,25886379,46.87,47.22,45.81,45.9,8992300,2025-12-19T03:46:12Z
GILD,2009-07-17,16.61,16.85,16.56,16.67,35612986,47.83,48.5,47.66,48,12371100,2025-12-19T03:46:12Z
GILD,2009-07-20,16.66,16.73,16.39,16.61,21276115,47.97,48.15,47.19,47.83,7390800,2025-12-19T03:46:12Z
GILD,2009-07-21,16.87,16.88,16.54,16.64,27065491,48.55,48.59,47.61,47.9,9401900,2025-12-19T03:46:12Z
GILD,2009-07-22,16.63,16.67,16.12,16.12,36553794,47.86,48,46.4,46.41,12697900,2025-12-19T03:46:12Z
GILD,2009-07-23,16.79,16.99,16.54,16.59,32704439,48.34,48.92,47.6,47.76,11360700,2025-12-19T03:46:12Z
GILD,2009-07-24,16.82,16.87,16.57,16.69,18230698,48.43,48.57,47.69,48.05,6332900,2025-12-19T03:46:12Z
GILD,2009-07-27,17,17.02,16.8,16.87,16368483,48.95,49,48.37,48.57,5686000,2025-12-19T03:46:12Z
GILD,2009-07-28,17.27,17.31,16.95,17.02,22304661,49.73,49.82,48.8,49,7748100,2025-12-19T03:46:12Z
GILD,2009-07-29,17.3,17.36,17.16,17.16,15562387,49.81,49.96,49.39,49.4,5406000,2025-12-19T03:46:12Z
GILD,2009-07-30,17.22,17.37,17.15,17.3,20791881,49.58,50,49.38,49.81,7222600,2025-12-19T03:46:12Z
GILD,2009-07-31,17,17.33,16.98,17.33,13884959,48.93,49.9,48.88,49.9,4823300,2025-12-19T03:46:12Z
GILD,2009-08-03,17.12,17.22,16.89,17.08,14189802,49.28,49.56,48.62,49.16,4929200,2025-12-19T03:46:12Z
GILD,2009-08-04,16.61,17.06,16.46,16.99,25887790,47.83,49.12,47.38,48.91,8992800,2025-12-19T03:46:12Z
GILD,2009-08-05,16.27,16.64,16.21,16.61,26455759,46.84,47.91,46.68,47.81,9190100,2025-12-19T03:46:12Z
GILD,2009-08-06,15.79,16.36,15.78,16.29,29609486,45.45,47.09,45.42,46.89,10285600,2025-12-19T03:46:12Z
GILD,2009-08-07,15.9,16.15,15.84,16.1,22868051,45.76,46.5,45.6,46.34,7943800,2025-12-19T03:46:12Z
GILD,2009-08-10,15.98,16.07,15.82,15.96,17640823,46,46.27,45.54,45.93,6128000,2025-12-19T03:46:12Z
GILD,2009-08-11,15.86,16.06,15.71,15.84,17941670,45.65,46.23,45.23,45.6,6232500,2025-12-19T03:46:12Z
GILD,2009-08-12,15.93,16.15,15.82,15.94,22481387,45.85,46.5,45.55,45.89,7809500,2025-12-19T03:46:12Z
GILD,2009-08-13,15.7,15.98,15.62,15.98,18009616,45.19,45.99,44.98,45.99,6256100,2025-12-19T03:46:12Z
GILD,2009-08-14,15.61,15.65,15.32,15.64,22226134,44.95,45.05,44.11,45.02,7720800,2025-12-19T03:46:12Z
GILD,2009-08-17,15.37,15.56,15.31,15.34,19305899,44.24,44.78,44.08,44.15,6706400,2025-12-19T03:46:12Z
GILD,2009-08-18,15.4,15.51,15.29,15.5,17633058,44.32,44.65,44.03,44.62,6125300,2025-12-19T03:46:12Z
GILD,2009-08-19,15.71,15.74,15.22,15.29,19728534,45.22,45.31,43.81,44.02,6853200,2025-12-19T03:46:12Z
GILD,2009-08-20,15.97,16.09,15.67,15.78,27477964,45.97,46.32,45.11,45.43,9545200,2025-12-19T03:46:12Z
GILD,2009-08-21,16.01,16.28,15.96,16.11,23018084,46.09,46.87,45.95,46.39,7995900,2025-12-19T03:46:12Z
GILD,2009-08-24,15.98,16.04,15.83,16.03,17173318,46,46.18,45.56,46.15,5965600,2025-12-19T03:46:12Z
GILD,2009-08-25,16.07,16.25,15.88,15.92,16686284,46.25,46.77,45.72,45.83,5796400,2025-12-19T03:46:12Z
GILD,2009-08-26,16.06,16.17,16,16.06,14421829,46.23,46.56,46.06,46.23,5009800,2025-12-19T03:46:12Z
GILD,2009-08-27,15.92,16.04,15.72,15.98,16087435,45.82,46.16,45.25,46.01,5588400,2025-12-19T03:46:12Z
GILD,2009-08-28,15.72,16.07,15.58,15.99,17112830,45.25,46.25,44.85,46.02,5944600,2025-12-19T03:46:12Z
GILD,2009-08-31,15.65,15.77,15.53,15.63,18522943,45.06,45.4,44.71,44.99,6434400,2025-12-19T03:46:12Z
GILD,2009-09-01,15.67,16,15.52,15.59,21646867,45.12,46.05,44.68,44.88,7519600,2025-12-19T03:46:12Z
GILD,2009-09-02,15.73,15.89,15.61,15.75,18473424,45.29,45.75,44.93,45.35,6417200,2025-12-19T03:46:12Z
GILD,2009-09-03,15.79,15.89,15.63,15.87,13949449,45.46,45.75,45,45.69,4845700,2025-12-19T03:46:12Z
GILD,2009-09-04,16.02,16.08,15.77,15.77,13595112,46.13,46.29,45.41,45.41,4722600,2025-12-19T03:46:12Z
GILD,2009-09-08,16.27,16.29,15.96,16.12,18888489,46.83,46.89,45.95,46.4,6561400,2025-12-19T03:46:12Z
GILD,2009-09-09,16.4,16.51,16.23,16.27,22341814,47.21,47.53,46.72,46.84,7761000,2025-12-19T03:46:12Z
GILD,2009-09-10,16.1,16.61,15.99,16.61,27968546,46.34,47.83,46.04,47.81,9715600,2025-12-19T03:46:12Z
GILD,2009-09-11,16.01,16.18,15.89,16.14,21317579,46.1,46.58,45.75,46.46,7405200,2025-12-19T03:46:12Z
GILD,2009-09-14,16.16,16.23,15.94,15.99,15748645,46.53,46.71,45.9,46.02,5470700,2025-12-19T03:46:12Z
GILD,2009-09-15,16.01,16.29,16.01,16.16,18558261,46.08,46.88,46.08,46.52,6446700,2025-12-19T03:46:12Z
GILD,2009-09-16,16.09,16.2,15.95,16.1,16064420,46.31,46.62,45.91,46.35,5580400,2025-12-19T03:46:12Z
GILD,2009-09-17,15.92,16.18,15.8,16.12,25381497,45.83,46.57,45.48,46.41,8816900,2025-12-19T03:46:12Z
GILD,2009-09-18,15.9,16.06,15.74,16.05,26086761,45.76,46.24,45.3,46.2,9061900,2025-12-19T03:46:12Z
GILD,2009-09-21,16.2,16.24,15.92,15.93,15209785,46.63,46.75,45.83,45.86,5283500,2025-12-19T03:46:12Z
GILD,2009-09-22,16.02,16.21,15.98,16.11,19588350,46.13,46.68,45.99,46.38,6804500,2025-12-19T03:46:12Z
GILD,2009-09-23,15.94,16.15,15.89,16.07,15689638,45.88,46.5,45.75,46.25,5450200,2025-12-19T03:46:12Z
GILD,2009-09-24,15.98,16.09,15.81,15.9,16444137,46,46.33,45.5,45.77,5712300,2025-12-19T03:46:12Z
GILD,2009-09-25,16.05,16.24,15.89,15.94,18711969,46.2,46.76,45.75,45.89,6500100,2025-12-19T03:46:12Z
GILD,2009-09-28,16.35,16.5,15.98,16,17104009,47.08,47.49,46,46.07,5941500,2025-12-19T03:46:12Z
GILD,2009-09-29,16.15,16.36,16.03,16.33,15477499,46.48,47.11,46.14,47.01,5376500,2025-12-19T03:46:12Z
GILD,2009-09-30,16.15,16.21,15.94,16.17,18935947,46.5,46.68,45.9,46.55,6577900,2025-12-19T03:46:12Z
GILD,2009-10-01,15.74,16.16,15.74,16.1,23255540,45.3,46.51,45.3,46.34,8078400,2025-12-19T03:46:12Z
GILD,2009-10-02,15.46,15.81,15.44,15.74,29614893,44.51,45.51,44.46,45.3,10287500,2025-12-19T03:46:12Z
GILD,2009-10-05,15.63,15.74,15.45,15.6,20885464,45,45.3,44.47,44.91,7255100,2025-12-19T03:46:12Z
GILD,2009-10-06,15.88,15.91,15.51,15.67,19993935,45.72,45.8,44.64,45.12,6945400,2025-12-19T03:46:12Z
GILD,2009-10-07,15.74,15.89,15.66,15.82,14197014,45.31,45.74,45.07,45.55,4931700,2025-12-19T03:46:12Z
GILD,2009-10-08,15.71,15.82,15.64,15.8,15472326,45.22,45.54,45.03,45.48,5374700,2025-12-19T03:46:12Z
GILD,2009-10-09,15.74,15.76,15.63,15.72,13467567,45.3,45.37,45.01,45.25,4678300,2025-12-19T03:46:12Z
GILD,2009-10-12,15.69,15.86,15.65,15.81,14448940,45.18,45.65,45.05,45.52,5019200,2025-12-19T03:46:12Z
GILD,2009-10-13,15.83,15.85,15.68,15.71,17686051,45.57,45.62,45.14,45.23,6143700,2025-12-19T03:46:12Z
GILD,2009-10-14,16,16.07,15.8,15.9,18434161,46.05,46.27,45.48,45.78,6403600,2025-12-19T03:46:12Z
GILD,2009-10-15,16.2,16.22,15.99,15.99,28173871,46.63,46.69,46.04,46.04,9786900,2025-12-19T03:46:12Z
GILD,2009-10-16,16.04,16.16,15.96,16.15,16695505,46.17,46.51,45.94,46.49,5799600,2025-12-19T03:46:12Z
GILD,2009-10-19,16.26,16.33,16,16.08,21592414,46.81,47.01,46.07,46.3,7500700,2025-12-19T03:46:12Z
GILD,2009-10-20,16.02,16.21,15.91,16.16,25058408,46.12,46.66,45.79,46.51,8704700,2025-12-19T03:46:12Z
GILD,2009-10-21,15.75,15.76,15.21,15.73,68490002,45.33,45.37,43.8,45.27,23791700,2025-12-19T03:46:12Z
GILD,2009-10-22,15.49,15.66,15.45,15.49,44192084,44.6,45.09,44.48,44.59,15351300,2025-12-19T03:46:12Z
GILD,2009-10-23,15.23,15.49,15.19,15.34,42547530,43.83,44.59,43.73,44.16,14780000,2025-12-19T03:46:12Z
GILD,2009-10-26,15.09,15.37,14.9,15.29,26361706,43.43,44.25,42.88,44.02,9157400,2025-12-19T03:46:12Z
GILD,2009-10-27,14.98,15.28,14.9,15.09,20738983,43.12,44,42.9,43.43,7204200,2025-12-19T03:46:12Z
GILD,2009-10-28,14.79,15.11,14.76,14.97,22609174,42.58,43.5,42.48,43.09,7853900,2025-12-19T03:46:12Z
GILD,2009-10-29,14.92,14.94,14.7,14.82,23150457,42.94,43,42.31,42.65,8041900,2025-12-19T03:46:12Z
GILD,2009-10-30,14.78,15.04,14.76,14.91,36713366,42.55,43.29,42.48,42.91,12753300,2025-12-19T03:46:12Z
GILD,2009-11-02,14.82,14.99,14.73,14.92,21507866,42.67,43.15,42.4,42.96,7471300,2025-12-19T03:46:12Z
GILD,2009-11-03,15.22,15.29,14.74,14.74,31832298,43.8,44.03,42.43,42.43,11057800,2025-12-19T03:46:12Z
GILD,2009-11-04,15.24,15.39,15.13,15.33,21312043,43.87,44.3,43.57,44.12,7403300,2025-12-19T03:46:12Z
GILD,2009-11-05,15.81,15.83,15.27,15.3,39377237,45.5,45.58,43.95,44.06,13678700,2025-12-19T03:46:12Z
GILD,2009-11-06,16.07,16.19,15.77,15.8,24909341,46.26,46.61,45.4,45.49,8652900,2025-12-19T03:46:12Z
GILD,2009-11-09,16.18,16.18,15.93,16.13,27959573,46.58,46.58,45.87,46.43,9712500,2025-12-19T03:46:12Z
GILD,2009-11-10,16.26,16.38,16.01,16.06,22404213,46.81,47.14,46.09,46.22,7782700,2025-12-19T03:46:12Z
GILD,2009-11-11,16.38,16.49,16.24,16.4,17669045,47.14,47.46,46.75,47.2,6137800,2025-12-19T03:46:12Z
GILD,2009-11-12,16.29,16.48,16.24,16.43,15188141,46.88,47.44,46.74,47.31,5276000,2025-12-19T03:46:12Z
GILD,2009-11-13,16.34,16.42,16.21,16.25,14960483,47.05,47.27,46.67,46.78,5196900,2025-12-19T03:46:12Z
GILD,2009-11-16,16.48,16.51,16.3,16.42,19639291,47.43,47.53,46.93,47.26,6822200,2025-12-19T03:46:12Z
GILD,2009-11-17,16.5,16.5,16.33,16.43,10750012,47.49,47.5,47.02,47.29,3734300,2025-12-19T03:46:12Z
GILD,2009-11-18,16.25,16.43,16.09,16.42,18546240,46.78,47.29,46.33,47.27,6442500,2025-12-19T03:46:12Z
GILD,2009-11-19,16.16,16.21,15.94,16.07,15655688,46.52,46.66,45.9,46.25,5438400,2025-12-19T03:46:12Z
GILD,2009-11-20,16.11,16.2,15.99,16.08,14209939,46.39,46.64,46.04,46.29,4936200,2025-12-19T03:46:12Z
GILD,2009-11-23,16.33,16.37,16.17,16.3,13956386,47.01,47.13,46.54,46.93,4848100,2025-12-19T03:46:12Z
GILD,2009-11-24,16.31,16.45,16.18,16.37,12550648,46.96,47.37,46.57,47.13,4359800,2025-12-19T03:46:12Z
GILD,2009-11-25,16.32,16.37,16.23,16.34,7593512,46.98,47.12,46.72,47.05,2637800,2025-12-19T03:46:12Z
