ticker,tradeDate,clsPx,hiPx,loPx,open,stockVolume,unadjClsPx,unadjHiPx,unadjLoPx,unadjOpen,unadjStockVolume,updatedAt
GOOGL,2006-01-03,10.79,10.8,10.37,10.48,529839570,435.23,435.67,418.22,422.52,13137400,2026-03-13T02:46:25Z
GOOGL,2006-01-04,11.04,11.13,10.9,11.01,616745149,445.24,448.96,439.75,443.9,15292300,2026-03-13T02:46:25Z
GOOGL,2006-01-05,11.19,11.2,10.95,11.06,436200691,451.24,451.55,441.5,446,10815600,2026-03-13T02:46:25Z
GOOGL,2006-01-06,11.55,11.67,11.24,11.33,716249534,465.66,470.5,453.24,456.87,17759500,2026-03-13T02:46:25Z
GOOGL,2006-01-09,11.58,11.74,11.43,11.56,516063062,466.9,473.4,460.94,466.41,12795800,2026-03-13T02:46:25Z
GOOGL,2006-01-10,11.65,11.66,11.46,11.52,367199008,469.76,470.25,462.04,464.42,9104700,2026-03-13T02:46:25Z
GOOGL,2006-01-11,11.69,11.78,11.63,11.69,363323731,471.63,475.11,469.18,471.27,9008600,2026-03-13T02:46:25Z
GOOGL,2006-01-12,11.5,11.78,11.44,11.73,408354939,463.63,474.99,461.5,473,10125200,2026-03-13T02:46:25Z
GOOGL,2006-01-13,11.56,11.58,11.45,11.51,308939140,466.25,466.89,461.61,464.31,7660200,2026-03-13T02:46:25Z
GOOGL,2006-01-17,11.58,11.65,11.47,11.48,336166897,467.11,469.9,462.53,463.06,8335300,2026-03-13T02:46:25Z
GOOGL,2006-01-18,11.03,11.34,10.99,11.09,827226698,444.91,457.36,443.25,447.3,20511100,2026-03-13T02:46:25Z
GOOGL,2006-01-19,10.82,11.24,10.74,11.19,586396510,436.45,453.49,433,451.17,14539800,2026-03-13T02:46:25Z
GOOGL,2006-01-20,9.9,10.91,9.79,10.88,1660933331,399.46,440.03,394.74,438.7,41182800,2026-03-13T02:46:25Z
GOOGL,2006-01-23,10.6,10.62,10.06,10.1,918246347,427.5,428.39,405.73,407.38,22768000,2026-03-13T02:46:25Z
GOOGL,2006-01-24,10.98,11.03,10.77,10.81,623850369,443.03,444.95,434.48,436.03,15468400,2026-03-13T02:46:25Z
GOOGL,2006-01-25,10.74,11.26,10.64,11.19,756055048,433,454.23,429.22,451.26,18746500,2026-03-13T02:46:25Z
GOOGL,2006-01-26,10.77,10.91,10.5,10.9,521527316,434.27,439.99,423.56,439.54,12931300,2026-03-13T02:46:25Z
GOOGL,2006-01-27,10.75,10.87,10.64,10.79,341183637,433.49,438.22,428.98,435,8459700,2026-03-13T02:46:25Z
GOOGL,2006-01-30,10.58,10.74,10.54,10.64,346686887,426.82,433.28,425,429.23,8596100,2026-03-13T02:46:25Z
GOOGL,2006-01-31,10.73,10.9,10.51,10.68,905408669,432.66,439.6,423.97,430.57,22449600,2026-03-13T02:46:25Z
GOOGL,2006-02-01,9.96,9.97,9.61,9.65,1094274040,401.78,402,387.52,389.03,27132700,2026-03-13T02:46:25Z
GOOGL,2006-02-02,9.82,10.08,9.82,10.01,476342574,396.04,406.5,395.98,403.82,11810900,2026-03-13T02:46:25Z
GOOGL,2006-02-03,9.46,9.77,9.24,9.76,737505929,381.56,393.9,372.57,393.62,18286500,2026-03-13T02:46:25Z
GOOGL,2006-02-06,9.55,9.67,9.41,9.55,360893610,385.1,389.9,379.56,385.31,8948400,2026-03-13T02:46:25Z
GOOGL,2006-02-07,9.12,9.51,9.01,9.5,671105322,367.92,383.7,363.35,382.99,16640100,2026-03-13T02:46:25Z
GOOGL,2006-02-08,9.15,9.19,8.79,9.14,839611275,369.08,370.69,354.67,368.48,20818300,2026-03-13T02:46:25Z
GOOGL,2006-02-09,8.9,9.28,8.83,9.2,480473325,358.77,374.4,356.11,371.2,11913400,2026-03-13T02:46:25Z
GOOGL,2006-02-10,8.99,9.04,8.76,8.97,613968172,362.61,364.5,353.14,361.95,15223400,2026-03-13T02:46:25Z
GOOGL,2006-02-13,8.57,8.69,8.48,8.6,795508828,345.7,350.6,341.89,346.64,19724800,2026-03-13T02:46:25Z
GOOGL,2006-02-14,8.51,8.72,8.49,8.56,591201218,343.32,351.69,342.4,345.33,14658800,2026-03-13T02:46:25Z
GOOGL,2006-02-15,8.49,8.58,8.38,8.46,522291579,342.38,346,337.83,341.27,12950200,2026-03-13T02:46:25Z
GOOGL,2006-02-16,9.09,9.1,8.54,8.57,860921257,366.46,367,344.49,345.67,21346600,2026-03-13T02:46:25Z
GOOGL,2006-02-17,9.14,9.23,9.02,9.17,577540115,368.75,372.14,363.62,369.86,14320100,2026-03-13T02:46:25Z
GOOGL,2006-02-21,9.09,9.26,9.05,9.09,350500135,366.59,373.54,365.11,366.44,8690700,2026-03-13T02:46:25Z
GOOGL,2006-02-22,9.06,9.15,9.02,9.1,261370484,365.49,368.95,363.86,367.15,6480700,2026-03-13T02:46:25Z
GOOGL,2006-02-23,9.37,9.45,9.06,9.06,506384128,378.07,381.24,365.39,365.61,12555800,2026-03-13T02:46:25Z
GOOGL,2006-02-24,9.36,9.42,9.26,9.36,261591189,377.4,380.07,373.49,377.3,6486200,2026-03-13T02:46:25Z
GOOGL,2006-02-27,9.68,9.71,9.43,9.45,412118175,390.38,391.7,380.28,381.27,10218500,2026-03-13T02:46:25Z
GOOGL,2006-02-28,8.99,9.86,8.39,9.75,1590910884,362.62,397.54,338.51,393.2,39446800,2026-03-13T02:46:25Z
GOOGL,2006-03-01,9.05,9.16,8.96,9.14,486276300,364.8,369.45,361.3,368.56,12057200,2026-03-13T02:46:25Z
GOOGL,2006-03-02,9.33,9.45,8.98,9.03,739663493,376.45,381.1,362.2,364.28,18340100,2026-03-13T02:46:25Z
GOOGL,2006-03-03,9.38,9.6,9.32,9.53,482571719,378.18,387.24,375.76,384.3,11965400,2026-03-13T02:46:25Z
GOOGL,2006-03-06,9.13,9.51,9.1,9.45,360751797,368.1,383.4,367.14,380.91,8944900,2026-03-13T02:46:25Z
GOOGL,2006-03-07,9.04,9.14,8.88,9.05,421810264,364.45,368.45,358.15,365.02,10458800,2026-03-13T02:46:25Z
GOOGL,2006-03-08,8.77,8.93,8.69,8.78,475480509,353.88,360.03,350.54,353.94,11789600,2026-03-13T02:46:25Z
GOOGL,2006-03-09,8.5,8.89,8.47,8.81,561805861,343,358.53,341.5,355.39,13930000,2026-03-13T02:46:25Z
GOOGL,2006-03-10,8.37,8.54,8.22,8.52,779819650,337.5,344.5,331.55,343.5,19335600,2026-03-13T02:46:25Z
GOOGL,2006-03-13,8.36,8.58,8.32,8.45,550417647,337.06,346.1,335.45,340.93,13647600,2026-03-13T02:46:25Z
GOOGL,2006-03-14,8.71,8.74,8.25,8.36,744618960,351.16,352.37,332.62,337.15,18462800,2026-03-13T02:46:25Z
GOOGL,2006-03-15,8.54,8.73,8.44,8.7,515130736,344.5,352.3,340.53,350.77,12772700,2026-03-13T02:46:25Z
GOOGL,2006-03-16,8.4,8.65,8.38,8.64,404167868,338.77,348.75,337.9,348.61,10021400,2026-03-13T02:46:25Z
GOOGL,2006-03-17,8.43,8.47,8.3,8.4,345172038,339.79,341.78,334.93,338.8,8558600,2026-03-13T02:46:25Z
GOOGL,2006-03-20,8.63,8.68,8.47,8.49,420077605,348.19,350.09,341.54,342.34,10415800,2026-03-13T02:46:25Z
GOOGL,2006-03-21,8.43,8.72,8.41,8.68,397580946,339.92,351.66,339.08,350.01,9858000,2026-03-13T02:46:25Z
GOOGL,2006-03-22,8.44,8.53,8.37,8.42,306523886,340.22,344.1,337.5,339.75,7600300,2026-03-13T02:46:25Z
GOOGL,2006-03-23,8.48,8.57,8.44,8.49,313966990,341.89,345.75,340.2,342.35,7784800,2026-03-13T02:46:25Z
GOOGL,2006-03-24,9.07,9.18,8.99,9.14,612305675,365.8,370.09,362.51,368.62,15182100,2026-03-13T02:46:25Z
GOOGL,2006-03-27,9.17,9.22,9.05,9.1,283380113,369.69,371.71,365,367.09,7026400,2026-03-13T02:46:25Z
GOOGL,2006-03-28,9.35,9.37,9.2,9.22,361059706,377.2,377.86,371.17,371.71,8952500,2026-03-13T02:46:25Z
GOOGL,2006-03-29,9.79,9.89,9.41,9.42,780191988,394.98,399,379.51,379.94,19345000,2026-03-13T02:46:25Z
GOOGL,2006-03-30,9.63,9.76,9.51,9.65,593811441,388.44,393.5,383.61,389.19,14723600,2026-03-13T02:46:25Z
GOOGL,2006-03-31,9.67,9.72,9.52,9.64,1473051409,390,391.87,384.03,388.74,36524500,2026-03-13T02:46:25Z
GOOGL,2006-04-03,9.66,9.73,9.62,9.66,327885077,389.7,392.47,387.93,389.53,8129900,2026-03-13T02:46:25Z
GOOGL,2006-04-04,10.03,10.04,9.62,9.67,634205041,404.34,404.9,388.14,389.9,15725100,2026-03-13T02:46:25Z
GOOGL,2006-04-05,10.12,10.28,9.99,10.12,541010205,407.99,414.57,402.82,408.21,13414400,2026-03-13T02:46:25Z
GOOGL,2006-04-06,10.2,10.26,10.05,10.08,346840377,411.18,413.89,405.43,406.49,8599900,2026-03-13T02:46:25Z
GOOGL,2006-04-07,10.07,10.24,10.02,10.23,283438457,406.16,412.85,404.02,412.41,7027900,2026-03-13T02:46:25Z
GOOGL,2006-04-10,10.32,10.34,10.05,10.09,376065653,416.38,417.17,405.25,407.08,9324600,2026-03-13T02:46:25Z
GOOGL,2006-04-11,10.16,10.39,10.07,10.32,448171847,409.66,419.1,406.22,416.42,11112400,2026-03-13T02:46:25Z
GOOGL,2006-04-12,10.14,10.2,10.05,10.14,242834371,408.95,411.33,405.19,409,6021100,2026-03-13T02:46:25Z
GOOGL,2006-04-13,9.97,10.16,9.93,10.13,264358623,402.16,409.76,400.5,408.63,6554800,2026-03-13T02:46:25Z
GOOGL,2006-04-17,10.09,10.23,9.94,10,333188195,406.82,412.5,400.84,403.45,8261400,2026-03-13T02:46:25Z
GOOGL,2006-04-18,10.02,10.16,9.96,10.12,328882584,404.24,409.83,401.5,407.93,8154700,2026-03-13T02:46:25Z
GOOGL,2006-04-19,10.18,10.26,10.09,10.23,273686821,410.5,413.64,406.73,412.57,6786100,2026-03-13T02:46:25Z
GOOGL,2006-04-20,10.29,10.31,10.12,10.19,502452470,415,416,408.2,411.01,12458400,2026-03-13T02:46:25Z
GOOGL,2006-04-21,10.84,11.18,10.81,11.13,909828129,437.1,450.72,436.17,448.9,22559200,2026-03-13T02:46:25Z
GOOGL,2006-04-24,10.92,11.03,10.82,10.89,356527421,440.5,444.7,436.52,439.4,8840100,2026-03-13T02:46:25Z
GOOGL,2006-04-25,10.59,10.94,10.56,10.9,385942268,427.16,441.04,426,439.63,9569500,2026-03-13T02:46:25Z
GOOGL,2006-04-26,10.56,10.66,10.5,10.61,293695616,425.97,430.04,423.53,427.74,7282200,2026-03-13T02:46:25Z
GOOGL,2006-04-27,10.41,10.59,10.4,10.49,337132303,420.03,426.91,419.39,422.91,8359200,2026-03-13T02:46:25Z
GOOGL,2006-04-28,10.36,10.56,10.32,10.38,299477491,417.94,425.73,416.3,418.63,7425600,2026-03-13T02:46:25Z
GOOGL,2006-05-01,9.89,10.4,9.88,10.38,418113374,398.9,419.44,398.55,418.47,10367200,2026-03-13T02:46:25Z
GOOGL,2006-05-02,9.79,9.98,9.63,9.95,528665239,394.8,402.49,388.4,401.08,13108300,2026-03-13T02:46:25Z
GOOGL,2006-05-03,9.77,9.96,9.69,9.83,325702549,394.17,401.5,390.88,396.35,8075800,2026-03-13T02:46:25Z
GOOGL,2006-05-04,9.79,9.89,9.72,9.79,187666408,394.75,398.87,392.21,395.03,4653200,2026-03-13T02:46:25Z
GOOGL,2006-05-05,9.78,9.94,9.71,9.86,244786478,394.3,400.68,391.78,397.6,6069500,2026-03-13T02:46:25Z
GOOGL,2006-05-08,9.79,9.85,9.67,9.8,206871726,394.78,397.12,390.05,395.11,5129400,2026-03-13T02:46:25Z
GOOGL,2006-05-09,10.14,10.14,9.76,9.81,368767771,408.8,409,393.75,395.7,9143600,2026-03-13T02:46:25Z
GOOGL,2006-05-10,9.99,10.21,9.96,10.12,250505874,402.98,411.71,401.86,408.31,6211300,2026-03-13T02:46:25Z
GOOGL,2006-05-11,9.6,10.04,9.55,10,358893624,387,404.71,384.98,403.42,8898800,2026-03-13T02:46:25Z
GOOGL,2006-05-12,9.28,9.54,9.26,9.51,409619018,374.13,384.87,373.55,383.54,10156500,2026-03-13T02:46:25Z
GOOGL,2006-05-15,9.33,9.43,9.13,9.32,346617481,376.2,380.15,368.25,375.93,8594400,2026-03-13T02:46:25Z
GOOGL,2006-05-16,9.21,9.34,9.17,9.32,214442045,371.3,376.86,369.89,375.99,5317100,2026-03-13T02:46:25Z
GOOGL,2006-05-17,9.29,9.42,9.18,9.19,430119672,374.5,379.84,370.22,370.61,10664900,2026-03-13T02:46:25Z
GOOGL,2006-05-18,9.2,9.47,9.19,9.39,235360616,370.99,381.81,370.71,378.78,5835800,2026-03-13T02:46:25Z
GOOGL,2006-05-19,9.17,9.29,8.94,9.26,459747237,370.02,374.5,360.57,373.28,11399500,2026-03-13T02:46:25Z
GOOGL,2006-05-22,9.2,9.25,9.06,9.12,347064236,370.95,373.03,365.25,367.85,8605500,2026-03-13T02:46:25Z
GOOGL,2006-05-23,9.31,9.52,9.26,9.28,362387799,375.58,383.88,373.56,374.21,8985400,2026-03-13T02:46:25Z
GOOGL,2006-05-24,9.45,9.51,9.21,9.36,385418098,381.25,383.44,371.61,377.35,9556500,2026-03-13T02:46:25Z
GOOGL,2006-05-25,9.5,9.5,9.23,9.4,330630709,382.99,383,372.31,379.08,8198000,2026-03-13T02:46:25Z
GOOGL,2006-05-26,9.46,9.57,9.42,9.54,147921319,381.35,385.88,380.03,384.55,3667700,2026-03-13T02:46:25Z
GOOGL,2006-05-30,9.22,9.45,9.21,9.38,174062422,371.94,381,371.45,378.28,4315900,2026-03-13T02:46:25Z
GOOGL,2006-05-31,9.22,9.38,9.09,9.27,321947154,371.82,378.25,366.78,373.8,7982700,2026-03-13T02:46:25Z
GOOGL,2006-06-01,9.49,9.5,9.21,9.26,253283960,382.62,382.99,371.6,373.54,6280200,2026-03-13T02:46:25Z
GOOGL,2006-06-02,9.41,9.6,9.36,9.59,257568449,379.44,387.08,377.45,386.84,6386400,2026-03-13T02:46:25Z
GOOGL,2006-06-05,9.28,9.46,9.28,9.33,224233274,374.44,381.45,374.15,376.18,5559900,2026-03-13T02:46:25Z
GOOGL,2006-06-06,9.67,9.67,9.33,9.34,413912019,389.99,390,376.3,376.59,10263000,2026-03-13T02:46:25Z
GOOGL,2006-06-07,9.58,9.79,9.58,9.75,359446158,386.51,394.86,386.5,393.24,8912500,2026-03-13T02:46:25Z
GOOGL,2006-06-08,9.75,9.78,9.39,9.61,417845228,393.3,394.27,378.59,387.75,10360500,2026-03-13T02:46:25Z
GOOGL,2006-06-09,9.59,9.8,9.55,9.72,248407731,386.57,395.43,385.35,392.19,6159300,2026-03-13T02:46:25Z
GOOGL,2006-06-12,9.46,9.68,9.45,9.63,202500149,381.54,390.49,381,388.34,5021000,2026-03-13T02:46:25Z
GOOGL,2006-06-13,9.58,9.6,9.38,9.44,309016669,386.53,387,378.12,380.9,7662100,2026-03-13T02:46:25Z
GOOGL,2006-06-14,9.53,9.7,9.38,9.67,313502709,384.39,391.1,378.52,389.83,7773300,2026-03-13T02:46:25Z
GOOGL,2006-06-15,9.69,9.73,9.5,9.59,273779455,391,392.25,383,386.62,6788400,2026-03-13T02:46:25Z
GOOGL,2006-06-16,9.69,9.69,9.62,9.65,214031200,390.7,390.93,388,389.1,5306900,2026-03-13T02:46:25Z
GOOGL,2006-06-19,9.62,9.79,9.6,9.69,307906672,388.14,394.8,386.98,390.85,7634600,2026-03-13T02:46:25Z
GOOGL,2006-06-20,9.6,9.72,9.58,9.62,163144606,387.17,391.87,386.51,388.03,4045200,2026-03-13T02:46:25Z
GOOGL,2006-06-21,9.97,10.02,9.66,9.7,352690780,402.13,404,389.75,391.06,8745000,2026-03-13T02:46:25Z
GOOGL,2006-06-22,9.92,10.07,9.62,9.96,242311208,399.95,406,388,401.58,6008100,2026-03-13T02:46:25Z
GOOGL,2006-06-23,10.04,10.16,9.94,9.99,214345716,404.86,409.75,400.74,402.76,5314700,2026-03-13T02:46:25Z
GOOGL,2006-06-26,10.02,10.12,10,10.09,143217458,404.22,408.3,403.25,406.75,3551100,2026-03-13T02:46:25Z
GOOGL,2006-06-27,9.98,10.12,9.94,10.06,165636969,402.32,408,401.01,405.71,4107000,2026-03-13T02:46:25Z
GOOGL,2006-06-28,10.07,10.08,9.95,10.02,149731003,406.11,406.48,401.13,404.01,3712600,2026-03-13T02:46:25Z
GOOGL,2006-06-29,10.36,10.37,10.06,10.12,268689906,417.81,418.2,405.82,407.99,6662200,2026-03-13T02:46:25Z
GOOGL,2006-06-30,10.4,10.4,10.22,10.3,254033553,419.33,419.33,412.33,415.6,6298800,2026-03-13T02:46:25Z
GOOGL,2006-07-03,10.49,10.51,10.4,10.41,86980779,423.2,423.77,419.45,420.04,2156700,2026-03-13T02:46:25Z
GOOGL,2006-07-05,10.45,10.48,10.31,10.45,201101044,421.46,422.8,415.64,421.52,4986300,2026-03-13T02:46:25Z
GOOGL,2006-07-06,10.49,10.55,10.46,10.5,148718722,423.19,425.38,421.98,423.38,3687500,2026-03-13T02:46:25Z
GOOGL,2006-07-07,10.43,10.61,10.31,10.56,243690427,420.45,427.89,415.88,426.05,6042300,2026-03-13T02:46:25Z
GOOGL,2006-07-10,10.37,10.54,10.32,10.5,179019431,418.2,425.23,416.38,423.44,4438800,2026-03-13T02:46:25Z
GOOGL,2006-07-11,10.53,10.54,10.24,10.38,240886481,424.56,425.05,413.03,418.51,5972800,2026-03-13T02:46:25Z
GOOGL,2006-07-12,10.35,10.48,10.33,10.47,197885965,417.25,422.74,416.73,422.09,4906600,2026-03-13T02:46:25Z
GOOGL,2006-07-13,10.14,10.37,10.09,10.27,279265692,408.83,418.34,406.83,414,6924400,2026-03-13T02:46:25Z
GOOGL,2006-07-14,10,10.2,9.88,10.17,304577007,403.5,411.49,398.61,410.33,7552000,2026-03-13T02:46:25Z
GOOGL,2006-07-17,10.11,10.19,10.01,10.04,234450080,407.89,411,403.72,404.84,5813200,2026-03-13T02:46:25Z
GOOGL,2006-07-18,9.99,10.18,9.86,10.16,348117655,403.05,410.57,397.74,409.75,8631600,2026-03-13T02:46:25Z
GOOGL,2006-07-19,9.89,9.95,9.79,9.79,343742882,399,401.14,394.66,395.01,8523100,2026-03-13T02:46:25Z
GOOGL,2006-07-20,9.6,10.03,9.56,10.02,509442343,387.12,404.44,385.66,404.28,12631700,2026-03-13T02:46:25Z
GOOGL,2006-07-21,9.67,9.71,9.37,9.57,474604221,390.11,391.75,377.69,386.14,11767900,2026-03-13T02:46:25Z
GOOGL,2006-07-24,9.69,9.77,9.45,9.74,326181543,390.9,393.89,381.21,392.82,8087700,2026-03-13T02:46:25Z
GOOGL,2006-07-25,9.65,9.7,9.52,9.55,232356881,389.36,391.31,383.8,385.02,5761300,2026-03-13T02:46:25Z
GOOGL,2006-07-26,9.56,9.72,9.5,9.62,223133058,385.5,391.91,383,388.2,5532600,2026-03-13T02:46:25Z
GOOGL,2006-07-27,9.48,9.61,9.37,9.61,227509771,382.4,387.49,377.95,387.37,5641100,2026-03-13T02:46:25Z
GOOGL,2006-07-28,9.62,9.66,9.46,9.47,164721617,388.12,389.56,381.73,382,4084300,2026-03-13T02:46:25Z
GOOGL,2006-07-31,9.59,9.65,9.5,9.62,185459749,386.6,389.17,383.31,388,4598500,2026-03-13T02:46:25Z
GOOGL,2006-08-01,9.31,9.56,9.31,9.55,220480421,375.51,385.77,375.51,385.11,5466800,2026-03-13T02:46:25Z
GOOGL,2006-08-02,9.11,9.35,9.05,9.31,286300209,367.23,377.17,365.2,375.6,7098800,2026-03-13T02:46:25Z
GOOGL,2006-08-03,9.31,9.37,9.01,9.05,255287839,375.39,377.91,363.36,364.98,6329900,2026-03-13T02:46:25Z
GOOGL,2006-08-04,9.27,9.44,9.22,9.41,205500238,373.85,380.68,371.75,379.56,5095400,2026-03-13T02:46:25Z
GOOGL,2006-08-07,9.37,9.41,9.2,9.21,161307062,377.95,379.73,371.15,371.5,3999600,2026-03-13T02:46:25Z
GOOGL,2006-08-08,9.45,9.53,9.4,9.49,231691738,381,384.5,379.09,382.82,5744800,2026-03-13T02:46:25Z
GOOGL,2006-08-09,9.35,9.54,9.33,9.49,173880471,376.94,384.68,376.36,382.8,4311400,2026-03-13T02:46:25Z
GOOGL,2006-08-10,9.28,9.36,9.23,9.27,172002207,374.2,377.67,372.46,373.88,4264800,2026-03-13T02:46:25Z
GOOGL,2006-08-11,9.14,9.3,9.12,9.28,151997666,368.5,375.28,368,374.4,3768800,2026-03-13T02:46:25Z
GOOGL,2006-08-14,9.16,9.3,9.14,9.21,200386438,369.43,375.13,368.67,371.5,4968600,2026-03-13T02:46:25Z
GOOGL,2006-08-15,9.45,9.46,9.24,9.28,270207688,380.97,381.67,372.6,374.11,6699800,2026-03-13T02:46:25Z
GOOGL,2006-08-16,9.61,9.63,9.47,9.51,236080287,387.72,388.45,382.12,383.48,5853600,2026-03-13T02:46:25Z
GOOGL,2006-08-17,9.57,9.67,9.52,9.58,204892357,385.8,390,383.92,386.39,5080300,2026-03-13T02:46:25Z
GOOGL,2006-08-18,9.51,9.6,9.44,9.58,199754217,383.36,387.09,380.75,386.31,4952900,2026-03-13T02:46:25Z
GOOGL,2006-08-21,9.36,9.4,9.3,9.36,166161713,377.3,379,375.22,377.29,4120000,2026-03-13T02:46:25Z
GOOGL,2006-08-22,9.38,9.4,9.29,9.37,167944264,378.29,379.26,374.84,377.73,4164200,2026-03-13T02:46:25Z
GOOGL,2006-08-23,9.26,9.38,9.24,9.36,146976366,373.43,378.27,372.66,377.64,3644300,2026-03-13T02:46:25Z
GOOGL,2006-08-24,9.27,9.33,9.23,9.28,140520043,373.73,376.4,372.26,374.44,3484200,2026-03-13T02:46:25Z
GOOGL,2006-08-25,9.26,9.31,9.24,9.25,99519867,373.26,375.32,372.5,373.08,2467600,2026-03-13T02:46:25Z
GOOGL,2006-08-28,9.45,9.45,9.3,9.31,167997671,380.95,380.95,375,375.61,4165500,2026-03-13T02:46:25Z
GOOGL,2006-08-29,9.4,9.48,9.35,9.44,180097065,378.95,382.32,377.2,380.78,4465500,2026-03-13T02:46:25Z
GOOGL,2006-08-30,9.44,9.54,9.38,9.4,163068233,380.75,384.65,378.51,379.21,4043300,2026-03-13T02:46:25Z
GOOGL,2006-08-31,9.39,9.48,9.38,9.46,119693491,378.53,382.15,378.2,381.49,2967800,2026-03-13T02:46:25Z
GOOGL,2006-09-01,9.39,9.45,9.35,9.45,107844182,378.6,381.28,377.19,381,2674000,2026-03-13T02:46:25Z
GOOGL,2006-09-05,9.53,9.56,9.36,9.42,164371961,384.36,385.4,377.44,379.87,4075600,2026-03-13T02:46:25Z
GOOGL,2006-09-06,9.43,9.5,9.41,9.47,150320175,380.14,383.19,379.66,382.1,3727200,2026-03-13T02:46:25Z
GOOGL,2006-09-07,9.38,9.47,9.36,9.41,154950749,378.49,381.75,377.4,379.39,3842000,2026-03-13T02:46:25Z
GOOGL,2006-09-08,9.37,9.44,9.34,9.34,124362975,377.85,380.79,376.72,376.72,3083600,2026-03-13T02:46:25Z
GOOGL,2006-09-11,9.52,9.54,9.37,9.38,182665117,384.09,384.69,377.77,378.26,4529200,2026-03-13T02:46:25Z
GOOGL,2006-09-12,9.72,9.74,9.54,9.55,220507260,391.9,392.73,384.88,385,5467500,2026-03-13T02:46:25Z
GOOGL,2006-09-13,10.08,10.09,9.8,9.8,394029189,406.57,406.76,395.1,395.15,9770000,2026-03-13T02:46:25Z
GOOGL,2006-09-14,10.02,10.07,9.97,10.03,216462652,403.98,406.28,401.93,404.3,5367200,2026-03-13T02:46:25Z
GOOGL,2006-09-15,10.16,10.17,10.09,10.1,316244406,409.88,410.05,406.74,407.48,7841300,2026-03-13T02:46:25Z
GOOGL,2006-09-18,10.28,10.38,10.15,10.17,286831688,414.69,418.69,409.47,410,7112000,2026-03-13T02:46:25Z
GOOGL,2006-09-19,10.01,10.3,9.74,10.3,576375324,403.81,415.49,392.74,415.46,14291200,2026-03-13T02:46:25Z
GOOGL,2006-09-20,9.84,10.1,9.79,10.09,369042704,397,407.39,394.62,407.1,9150400,2026-03-13T02:46:25Z
GOOGL,2006-09-21,10.09,10.13,9.91,9.93,431393198,406.85,408.45,399.86,400.3,10696400,2026-03-13T02:46:25Z
GOOGL,2006-09-22,10.01,10.1,9.95,10.04,187524299,403.78,407.45,401.36,404.98,4649700,2026-03-13T02:46:25Z
GOOGL,2006-09-25,10.02,10.15,9.98,10.06,227238998,403.98,409.45,402.5,405.58,5634400,2026-03-13T02:46:25Z
GOOGL,2006-09-26,10.09,10.11,9.96,10.05,213405732,406.87,407.68,401.77,405.5,5291400,2026-03-13T02:46:25Z
GOOGL,2006-09-27,9.99,10.2,9.98,10.07,240826795,402.92,411.22,402.37,406.3,5971300,2026-03-13T02:46:25Z
GOOGL,2006-09-28,10.01,10.09,9.93,10.02,206089254,403.58,406.98,400.54,404.08,5110000,2026-03-13T02:46:25Z
GOOGL,2006-09-29,9.97,10.06,9.95,10.04,133648047,401.9,405.62,401.41,405.13,3313800,2026-03-13T02:46:25Z
GOOGL,2006-10-02,9.95,10.07,9.94,9.96,147303968,401.44,406,400.8,401.9,3652400,2026-03-13T02:46:25Z
GOOGL,2006-10-03,10.02,10.08,9.87,9.95,220483355,404.04,406.46,398.19,401.29,5466900,2026-03-13T02:46:25Z
GOOGL,2006-10-04,10.31,10.31,9.99,10.04,266367745,415.7,415.77,403.05,404.97,6604600,2026-03-13T02:46:25Z
GOOGL,2006-10-05,10.21,10.37,10.19,10.28,233514318,411.81,418.24,410.86,414.7,5790000,2026-03-13T02:46:25Z
GOOGL,2006-10-06,10.43,10.46,10.16,10.17,295962815,420.5,421.91,409.75,410.22,7338400,2026-03-13T02:46:25Z
GOOGL,2006-10-09,10.64,10.71,10.5,10.53,306629083,429,431.95,423.42,424.8,7602900,2026-03-13T02:46:25Z
GOOGL,2006-10-10,10.58,10.86,10.47,10.7,394823186,426.65,437.85,422.39,431.56,9789700,2026-03-13T02:46:25Z
GOOGL,2006-10-11,10.58,10.66,10.51,10.54,227307235,426.5,429.91,423.76,425.02,5636100,2026-03-13T02:46:25Z
GOOGL,2006-10-12,10.6,10.65,10.51,10.63,195462328,427.44,429.68,424,428.56,4846500,2026-03-13T02:46:25Z
GOOGL,2006-10-13,10.59,10.65,10.55,10.61,146114180,427.3,429.5,425.56,427.76,3622900,2026-03-13T02:46:25Z
GOOGL,2006-10-16,10.46,10.64,10.45,10.61,174219617,421.75,429.2,421.34,427.7,4319800,2026-03-13T02:46:25Z
GOOGL,2006-10-17,10.43,10.51,10.33,10.42,210682982,420.64,423.75,416.7,420.3,5223900,2026-03-13T02:46:25Z
GOOGL,2006-10-18,10.4,10.53,10.35,10.49,242495071,419.31,424.75,417.5,423,6012700,2026-03-13T02:46:25Z
GOOGL,2006-10-19,10.56,11.28,10.4,10.42,476521535,426.06,454.91,419.57,420.23,11815400,2026-03-13T02:46:25Z
GOOGL,2006-10-20,11.4,11.41,11.25,11.38,469911963,459.67,460.1,453.59,458.99,11651500,2026-03-13T02:46:25Z
GOOGL,2006-10-23,11.92,12.02,11.41,11.46,609418192,480.78,484.64,460.37,462.28,15110600,2026-03-13T02:46:25Z
GOOGL,2006-10-24,11.74,11.85,11.69,11.81,350392366,473.31,477.86,471.41,476.28,8688000,2026-03-13T02:46:25Z
GOOGL,2006-10-25,12.07,12.11,11.78,11.84,370734416,486.6,488.5,475.11,477.49,9192400,2026-03-13T02:46:25Z
GOOGL,2006-10-26,12.03,12.2,12.01,12.09,283806140,485.1,491.96,484.2,487.68,7037000,2026-03-13T02:46:25Z
GOOGL,2006-10-27,11.78,12.03,11.72,12,266065371,475.2,485.24,472.49,483.9,6597100,2026-03-13T02:46:25Z
GOOGL,2006-10-30,11.82,11.91,11.65,11.77,264746977,476.57,480.46,470.01,474.82,6564400,2026-03-13T02:46:25Z
GOOGL,2006-10-31,11.81,11.96,11.75,11.85,253315890,476.39,482.16,473.84,478.06,6281000,2026-03-13T02:46:25Z
GOOGL,2006-11-01,11.59,11.88,11.54,11.87,218866016,467.5,479.13,465.26,478.76,5426800,2026-03-13T02:46:25Z
GOOGL,2006-11-02,11.65,11.75,11.56,11.59,211219416,469.91,473.73,466.38,467.5,5237200,2026-03-13T02:46:25Z
GOOGL,2006-11-03,11.7,11.75,11.53,11.71,197975070,471.8,473.75,465.06,472.23,4908800,2026-03-13T02:46:25Z
GOOGL,2006-11-06,11.83,11.89,11.71,11.75,201365930,476.95,479.66,472.33,473.77,4992900,2026-03-13T02:46:25Z
GOOGL,2006-11-07,11.72,11.88,11.7,11.83,197578849,472.57,479.02,471.77,476.96,4899000,2026-03-13T02:46:25Z
GOOGL,2006-11-08,11.78,11.95,11.62,11.66,321324818,475,481.74,468.6,470.35,7967300,2026-03-13T02:46:25Z
GOOGL,2006-11-09,11.72,11.89,11.7,11.81,196830186,472.63,479.49,471.86,476.5,4880400,2026-03-13T02:46:25Z
GOOGL,2006-11-10,11.74,11.77,11.66,11.75,112784089,473.55,474.72,470.29,473.78,2796500,2026-03-13T02:46:25Z
GOOGL,2006-11-13,11.93,11.93,11.76,11.78,175256927,481.03,481.17,474.14,474.9,4345500,2026-03-13T02:46:25Z
GOOGL,2006-11-14,12.13,12.15,11.91,11.92,291425530,489.3,489.95,480.5,480.7,7225900,2026-03-13T02:46:25Z
GOOGL,2006-11-15,12.2,12.39,12.2,12.23,337707931,491.93,499.85,491.93,493.43,8373500,2026-03-13T02:46:25Z
GOOGL,2006-11-16,12.3,12.34,12.21,12.27,205467835,495.9,497.68,492.56,495,5094600,2026-03-13T02:46:25Z
GOOGL,2006-11-17,12.37,12.39,12.22,12.23,222080116,498.79,499.66,493,493.25,5506500,2026-03-13T02:46:25Z
GOOGL,2006-11-20,12.27,12.36,12.21,12.36,206166796,495.05,498.4,492.65,498.4,5111900,2026-03-13T02:46:25Z
GOOGL,2006-11-21,12.64,12.65,12.29,12.31,340268081,509.65,510,495.83,496.54,8437000,2026-03-13T02:46:25Z
GOOGL,2006-11-22,12.6,12.72,12.54,12.67,181580359,508.01,513,505.78,510.97,4502300,2026-03-13T02:46:25Z
GOOGL,2006-11-24,12.52,12.58,12.5,12.51,69961547,505,507.5,504,504.5,1734700,2026-03-13T02:46:25Z
GOOGL,2006-11-27,12.02,12.44,12.02,12.43,295436784,484.75,501.78,484.75,501.37,7325400,2026-03-13T02:46:25Z
GOOGL,2006-11-28,12.14,12.15,11.83,11.93,314449267,489.5,489.86,477.03,481.13,7796800,2026-03-13T02:46:25Z
GOOGL,2006-11-29,12.02,12.27,11.96,12.26,254727622,484.65,494.74,482.25,494.24,6316000,2026-03-13T02:46:25Z
GOOGL,2006-11-30,12.02,12.16,11.94,12.01,224702812,484.81,490.4,481.55,484.19,5571500,2026-03-13T02:46:25Z
GOOGL,2006-12-01,11.92,12.11,11.86,12.05,227141345,480.8,488.39,478.5,485.98,5632000,2026-03-13T02:46:25Z
GOOGL,2006-12-04,12.02,12.09,11.89,11.98,197850461,484.85,487.43,479.35,483,4905700,2026-03-13T02:46:25Z
GOOGL,2006-12-05,12.08,12.14,12.02,12.09,165480470,487,489.44,484.89,487.4,4103100,2026-03-13T02:46:25Z
GOOGL,2006-12-06,12.12,12.21,12.01,12.07,179528343,488.71,492.4,484.52,486.96,4451400,2026-03-13T02:46:25Z
GOOGL,2006-12-07,11.97,12.19,11.96,12.15,188117930,482.64,491.8,482.42,490.23,4664400,2026-03-13T02:46:25Z
GOOGL,2006-12-08,12,12.12,11.9,11.95,160330139,484.11,488.6,480,481.94,3975400,2026-03-13T02:46:25Z
GOOGL,2006-12-11,12,12.12,12,12.02,131284473,483.93,488.9,483.8,484.92,3255200,2026-03-13T02:46:25Z
GOOGL,2006-12-12,11.95,12.06,11.91,12,169916407,481.78,486.36,480.28,483.85,4213100,2026-03-13T02:46:25Z
GOOGL,2006-12-13,11.88,12.04,11.83,12.02,187743605,478.99,485.5,477.02,484.69,4655100,2026-03-13T02:46:25Z
GOOGL,2006-12-14,11.95,11.99,11.83,11.91,191610677,482.12,483.75,477.26,480.25,4751000,2026-03-13T02:46:25Z
GOOGL,2006-12-15,11.91,12,11.9,11.97,210452639,480.3,484.11,479.84,482.64,5218200,2026-03-13T02:46:25Z
GOOGL,2006-12-18,11.48,11.97,11.42,11.96,323353427,462.8,482.74,460.72,482.51,8017600,2026-03-13T02:46:25Z
GOOGL,2006-12-19,11.62,11.64,11.37,11.45,264281553,468.63,469.31,458.5,461.72,6552900,2026-03-13T02:46:25Z
GOOGL,2006-12-20,11.48,11.69,11.46,11.65,176571981,462.9,471.5,462.33,470,4378100,2026-03-13T02:46:25Z
GOOGL,2006-12-21,11.31,11.54,11.22,11.51,280773834,456.2,465.25,452.34,464.19,6961800,2026-03-13T02:46:25Z
GOOGL,2006-12-22,11.3,11.37,11.23,11.34,160875260,455.58,458.64,452.73,457.5,3988900,2026-03-13T02:46:25Z
GOOGL,2006-12-26,11.34,11.39,11.27,11.32,83706440,457.53,459.47,454.59,456.52,2075500,2026-03-13T02:46:25Z
GOOGL,2006-12-27,11.6,11.61,11.38,11.41,170678882,468.03,468.08,459.1,460,4232000,2026-03-13T02:46:25Z
GOOGL,2006-12-28,11.47,11.62,11.46,11.58,126234859,462.56,468.58,462.25,467.12,3130000,2026-03-13T02:46:25Z
GOOGL,2006-12-29,11.42,11.52,11.4,11.46,103222446,460.48,464.47,459.86,462.1,2559400,2026-03-13T02:46:25Z
GOOGL,2007-01-03,11.59,11.82,11.43,11.55,307689592,467.59,476.66,461.11,466,7629200,2026-03-13T02:46:25Z
GOOGL,2007-01-04,11.98,12,11.61,11.63,319171397,483.26,483.95,468.35,469,7913900,2026-03-13T02:46:25Z
GOOGL,2007-01-05,12.08,12.09,11.86,11.96,277195318,487.19,487.5,478.11,482.5,6873100,2026-03-13T02:46:25Z
GOOGL,2007-01-08,11.99,12.15,11.96,12.09,191433226,483.58,489.87,482.2,487.69,4746600,2026-03-13T02:46:25Z
GOOGL,2007-01-09,12.04,12.11,11.93,12.04,216978733,485.5,488.25,481.2,485.45,5380000,2026-03-13T02:46:25Z
GOOGL,2007-01-10,12.14,12.24,11.95,12.01,239152268,489.46,493.55,482.04,484.43,5929800,2026-03-13T02:46:25Z
GOOGL,2007-01-11,12.39,12.44,12.3,12.33,291170605,499.72,501.75,496.18,497.2,7219600,2026-03-13T02:46:25Z
GOOGL,2007-01-12,12.52,12.52,12.4,12.45,180443276,505,505,500,501.99,4474100,2026-03-13T02:46:25Z
GOOGL,2007-01-16,12.5,12.72,12.48,12.59,305450823,504.28,513,503.3,507.55,7573700,2026-03-13T02:46:25Z
GOOGL,2007-01-17,12.33,12.59,12.26,12.48,270311632,497.28,507.77,494.38,503.4,6702400,2026-03-13T02:46:25Z
GOOGL,2007-01-18,12.1,12.31,12.09,12.26,239173110,487.83,496.48,487.43,494.52,5930300,2026-03-13T02:46:25Z
GOOGL,2007-01-19,12.14,12.17,12.07,12.1,200810656,489.75,490.76,486.74,487.98,4979100,2026-03-13T02:46:25Z
GOOGL,2007-01-22,11.92,12.21,11.86,12.21,218018452,480.84,492.65,478.5,492.5,5405800,2026-03-13T02:46:25Z
GOOGL,2007-01-23,11.88,12.02,11.84,11.92,188941231,479.05,484.75,477.29,480.79,4684800,2026-03-13T02:46:25Z
GOOGL,2007-01-24,12.37,12.39,11.98,12.01,244666049,499.07,499.54,483.29,484.45,6066500,2026-03-13T02:46:25Z
GOOGL,2007-01-25,12.1,12.51,12.04,12.42,259841476,488.09,504.5,485.66,501,6442800,2026-03-13T02:46:25Z
GOOGL,2007-01-26,12.29,12.35,12.08,12.17,221693030,495.84,497.9,487.03,490.93,5496900,2026-03-13T02:46:25Z
GOOGL,2007-01-29,12.21,12.37,12.16,12.35,192654874,492.47,498.75,490.5,498,4776900,2026-03-13T02:46:25Z
GOOGL,2007-01-30,12.26,12.35,12.18,12.25,168739183,494.32,498,491.22,494,4183900,2026-03-13T02:46:25Z
GOOGL,2007-01-31,12.43,12.52,12.29,12.31,497075755,501.5,505,495.51,496.49,12325000,2026-03-13T02:46:25Z
GOOGL,2007-02-01,11.95,12.55,11.94,12.55,630982969,481.75,506.01,481.53,506,15645300,2026-03-13T02:46:25Z
GOOGL,2007-02-02,11.94,12.03,11.85,11.97,254567331,481.5,485,477.81,482.61,6312000,2026-03-13T02:46:25Z
GOOGL,2007-02-05,11.58,11.85,11.56,11.84,290750462,467.16,478,466.19,477.5,7209200,2026-03-13T02:46:25Z
GOOGL,2007-02-06,11.69,11.74,11.59,11.61,214534190,471.48,473.3,467.26,468.1,5319400,2026-03-13T02:46:25Z
GOOGL,2007-02-07,11.65,11.76,11.62,11.75,166206150,470.01,474.35,468.78,473.82,4121100,2026-03-13T02:46:25Z
GOOGL,2007-02-08,11.68,11.75,11.53,11.61,164354842,471.03,473.75,465.15,468.05,4075200,2026-03-13T02:46:25Z
GOOGL,2007-02-09,11.45,11.72,11.44,11.7,195975221,461.89,472.68,461.5,471.65,4859200,2026-03-13T02:46:25Z
GOOGL,2007-02-12,11.36,11.46,11.28,11.42,231880403,458.29,462.39,455.02,460.68,5749500,2026-03-13T02:46:25Z
GOOGL,2007-02-13,11.38,11.47,11.34,11.38,163464188,459.1,462.78,457.26,459.16,4053100,2026-03-13T02:46:25Z
GOOGL,2007-02-14,11.55,11.63,11.39,11.41,229852466,465.93,469.13,459.22,460,5699200,2026-03-13T02:46:25Z
GOOGL,2007-02-15,11.44,11.56,11.42,11.55,163299039,461.47,466.13,460.72,466,4049000,2026-03-13T02:46:25Z
GOOGL,2007-02-16,11.65,11.66,11.46,11.47,249142170,469.94,470.15,462.06,462.8,6177500,2026-03-13T02:46:25Z
GOOGL,2007-02-20,11.71,11.72,11.52,11.62,163798020,472.1,472.75,464.71,468.47,4061400,2026-03-13T02:46:25Z
GOOGL,2007-02-21,11.8,11.87,11.6,11.65,227556991,475.86,478.68,467.74,469.84,5642300,2026-03-13T02:46:25Z
GOOGL,2007-02-22,11.8,12.01,11.76,11.87,231755431,475.85,484.24,474.39,478.69,5746400,2026-03-13T02:46:25Z
GOOGL,2007-02-23,11.67,11.83,11.6,11.8,156603122,470.62,476.95,467.8,475.75,3883000,2026-03-13T02:46:25Z
GOOGL,2007-02-26,11.53,11.78,11.5,11.72,160826616,464.93,475.25,463.75,472.83,3987700,2026-03-13T02:46:25Z
GOOGL,2007-02-27,11.13,11.4,11.09,11.28,376608239,448.77,459.8,447.17,455,9338000,2026-03-13T02:46:25Z
GOOGL,2007-02-28,11.14,11.25,10.98,11.17,324459488,449.45,453.67,443.04,450.41,8045000,2026-03-13T02:46:25Z
GOOGL,2007-03-01,11.11,11.22,10.91,10.98,350429901,448.23,452.42,440,442.67,8688900,2026-03-13T02:46:25Z
GOOGL,2007-03-02,10.88,11.13,10.88,11.04,265609290,438.68,448.7,438.68,445.11,6585800,2026-03-13T02:46:25Z
GOOGL,2007-03-05,10.93,11.05,10.84,10.84,256354210,440.95,445.5,437,437.02,6356300,2026-03-13T02:46:25Z
GOOGL,2007-03-06,11.35,11.38,11.09,11.1,303952437,457.55,459,447.38,447.47,7536500,2026-03-13T02:46:25Z
GOOGL,2007-03-07,11.3,11.48,11.26,11.47,263480395,455.64,463.14,454.29,462.69,6533000,2026-03-13T02:46:25Z
GOOGL,2007-03-08,11.27,11.54,11.26,11.39,216285209,454.72,465.5,454.1,459.22,5362800,2026-03-13T02:46:25Z
GOOGL,2007-03-09,11.23,11.37,11.16,11.36,200462798,452.96,458.4,450.1,458,4970500,2026-03-13T02:46:25Z
GOOGL,2007-03-12,11.28,11.29,11.19,11.22,139838371,454.75,455.25,451.11,452.57,3467300,2026-03-13T02:46:25Z
GOOGL,2007-03-13,10.98,11.21,10.98,11.16,257232816,443.03,451.93,442.83,450.1,6378100,2026-03-13T02:46:25Z
GOOGL,2007-03-14,11.11,11.12,10.88,10.99,323390646,448,448.66,439,443.07,8018500,2026-03-13T02:46:25Z
GOOGL,2007-03-15,11.06,11.15,11.01,11.11,159188359,446.19,449.82,443.94,447.86,3947100,2026-03-13T02:46:25Z
GOOGL,2007-03-16,10.93,11.08,10.91,11.06,228318702,440.85,446.7,439.89,446.14,5661200,2026-03-13T02:46:25Z
GOOGL,2007-03-19,11.09,11.12,10.93,10.99,209627275,447.23,448.5,440.63,443.25,5197700,2026-03-13T02:46:25Z
GOOGL,2007-03-20,11.04,11.1,11,11.05,138011910,445.28,447.6,443.6,445.74,3422000,2026-03-13T02:46:25Z
GOOGL,2007-03-21,11.32,11.32,11.04,11.04,233902140,456.55,456.57,445.22,445.3,5799600,2026-03-13T02:46:25Z
GOOGL,2007-03-22,11.46,11.46,11.22,11.3,230973598,462.04,462.17,452.53,455.66,5727000,2026-03-13T02:46:25Z
GOOGL,2007-03-23,11.45,11.49,11.33,11.44,165947694,461.83,463.39,457.08,461.43,4114700,2026-03-13T02:46:25Z
GOOGL,2007-03-26,11.53,11.53,11.3,11.42,189933046,465,465,455.62,460.55,4709400,2026-03-13T02:46:25Z
GOOGL,2007-03-27,11.5,11.54,11.41,11.49,150916976,463.62,465.23,460.34,463.58,3742000,2026-03-13T02:46:25Z
GOOGL,2007-03-28,11.45,11.54,11.41,11.45,187033914,461.88,465.44,460.15,461.87,4637500,2026-03-13T02:46:25Z
GOOGL,2007-03-29,11.43,11.55,11.28,11.52,160855167,460.92,466,455,464.75,3988400,2026-03-13T02:46:25Z
GOOGL,2007-03-30,11.36,11.49,11.31,11.46,136337709,458.16,463.4,456.14,462.31,3380500,2026-03-13T02:46:25Z
GOOGL,2007-04-02,11.37,11.37,11.21,11.35,138987704,458.53,458.53,452.12,457.77,3446200,2026-03-13T02:46:25Z
GOOGL,2007-04-03,11.72,11.76,11.51,11.51,262791247,472.6,474.25,464,464.16,6515900,2026-03-13T02:46:25Z
GOOGL,2007-04-04,11.68,11.73,11.64,11.71,152388829,471.02,473,469.58,472.35,3778500,2026-03-13T02:46:25Z
GOOGL,2007-04-05,11.69,11.71,11.64,11.69,109392459,471.51,472.09,469.62,471.3,2712400,2026-03-13T02:46:25Z
GOOGL,2007-04-09,11.61,11.73,11.54,11.72,123521067,468.21,473,465.59,472.82,3062700,2026-03-13T02:46:25Z
GOOGL,2007-04-10,11.57,11.67,11.53,11.59,120152922,466.5,470.79,465.16,467.22,2979200,2026-03-13T02:46:25Z
GOOGL,2007-04-11,11.52,11.64,11.47,11.56,153990345,464.53,469.4,462.61,466.44,3818200,2026-03-13T02:46:25Z
GOOGL,2007-04-12,11.59,11.6,11.46,11.52,109328348,467.39,468,462.24,464.5,2710800,2026-03-13T02:46:25Z
GOOGL,2007-04-13,11.56,11.62,11.49,11.62,112813163,466.29,468.77,463.36,468.45,2797200,2026-03-13T02:46:25Z
GOOGL,2007-04-16,11.76,11.83,11.61,11.62,204101202,474.27,476.99,468.15,468.46,5060700,2026-03-13T02:46:25Z
GOOGL,2007-04-17,11.72,11.81,11.69,11.75,129687158,472.8,476.39,471.6,473.75,3215600,2026-03-13T02:46:25Z
GOOGL,2007-04-18,11.8,11.9,11.64,11.68,228705808,476.01,479.9,469.53,471.1,5670800,2026-03-13T02:46:25Z
GOOGL,2007-04-19,11.69,11.95,11.64,11.77,452010894,471.65,481.95,469.59,474.5,11207600,2026-03-13T02:46:25Z
GOOGL,2007-04-20,11.96,12.21,11.95,12.16,490663075,482.48,492.5,482.02,490.52,12166000,2026-03-13T02:46:25Z
GOOGL,2007-04-23,11.88,12.03,11.86,11.91,229021762,479.08,485,478.26,480.16,5678600,2026-03-13T02:46:25Z
GOOGL,2007-04-24,11.84,11.9,11.79,11.87,149110792,477.53,479.98,475.55,478.61,3697200,2026-03-13T02:46:25Z
GOOGL,2007-04-25,11.85,11.94,11.8,11.9,159992084,477.99,481.37,476.11,480,3967000,2026-03-13T02:46:25Z
GOOGL,2007-04-26,11.93,12.01,11.83,11.85,166549130,481.18,484.45,477.11,478.1,4129600,2026-03-13T02:46:25Z
GOOGL,2007-04-27,11.88,11.96,11.86,11.91,118056077,479.01,482.4,478.33,480.3,2927200,2026-03-13T02:46:25Z
GOOGL,2007-04-30,11.69,11.94,11.69,11.88,147009065,471.38,481.35,471.38,479.23,3645100,2026-03-13T02:46:25Z
GOOGL,2007-05-01,11.63,11.72,11.51,11.71,147561444,469,472.81,464.17,472.19,3658800,2026-03-13T02:46:25Z
GOOGL,2007-05-02,11.55,11.68,11.55,11.62,123605719,465.78,471.08,465.73,468.65,3064800,2026-03-13T02:46:25Z
GOOGL,2007-05-03,11.73,11.76,11.54,11.56,145053286,473.23,474.07,465.29,466.22,3596600,2026-03-13T02:46:25Z
GOOGL,2007-05-04,11.68,11.77,11.55,11.66,159365719,471.12,474.84,465.88,470.12,3951500,2026-03-13T02:46:25Z
GOOGL,2007-05-07,11.59,11.72,11.57,11.71,121831104,467.27,472.82,466.47,472.15,3020800,2026-03-13T02:46:25Z
GOOGL,2007-05-08,11.57,11.61,11.52,11.56,117217214,466.81,468.17,464.73,466.4,2906400,2026-03-13T02:46:25Z
GOOGL,2007-05-09,11.64,11.7,11.5,11.56,156934908,469.25,471.73,463.88,466.3,3891200,2026-03-13T02:46:25Z
GOOGL,2007-05-10,11.44,11.64,11.43,11.58,148836444,461.47,469.49,461.02,467.04,3690400,2026-03-13T02:46:25Z
GOOGL,2007-05-11,11.57,11.58,11.43,11.45,118450464,466.74,467,461,461.83,2937000,2026-03-13T02:46:25Z
GOOGL,2007-05-14,11.45,11.59,11.41,11.54,156199969,461.78,467.51,460,465.48,3873000,2026-03-13T02:46:25Z
GOOGL,2007-05-15,11.36,11.47,11.34,11.45,166138478,458,462.54,457.41,461.8,4119400,2026-03-13T02:46:25Z
GOOGL,2007-05-16,11.72,11.73,11.38,11.46,264634353,472.61,473.14,459.02,462,6561600,2026-03-13T02:46:25Z
GOOGL,2007-05-17,11.68,11.78,11.67,11.71,188077498,470.96,475.22,470.81,472.46,4663400,2026-03-13T02:46:25Z
GOOGL,2007-05-18,11.66,11.72,11.65,11.7,148953226,470.32,472.7,469.75,472.03,3693300,2026-03-13T02:46:25Z
GOOGL,2007-05-21,11.67,11.88,11.57,11.64,248310608,470.6,479.2,466.72,469.53,6156900,2026-03-13T02:46:25Z
GOOGL,2007-05-22,11.8,11.88,11.73,11.73,154857156,475.86,479.01,473,473,3839700,2026-03-13T02:46:25Z
GOOGL,2007-05-23,11.75,11.99,11.75,11.92,204156980,473.97,483.41,473.75,480.82,5062100,2026-03-13T02:46:25Z
GOOGL,2007-05-24,11.76,11.88,11.69,11.78,169287623,474.33,479.2,471.5,475.15,4197500,2026-03-13T02:46:25Z
GOOGL,2007-05-25,11.99,12.02,11.83,11.89,215708433,483.52,484.95,477.27,479.7,5348500,2026-03-13T02:46:25Z
GOOGL,2007-05-29,12.08,12.19,12,12.03,210557561,487.11,491.8,484,485,5220800,2026-03-13T02:46:25Z
GOOGL,2007-05-30,12.36,12.37,11.98,12.01,294232403,498.6,498.84,483,484.5,7295500,2026-03-13T02:46:25Z
GOOGL,2007-05-31,12.35,12.62,12.32,12.41,359739769,497.91,508.78,497.06,500.56,8919800,2026-03-13T02:46:25Z
GOOGL,2007-06-01,12.41,12.52,12.35,12.42,193860382,500.4,505.02,497.93,501,4806800,2026-03-13T02:46:25Z
GOOGL,2007-06-04,12.57,12.66,12.34,12.35,286419512,507.07,510.51,497.59,497.91,7101800,2026-03-13T02:46:25Z
GOOGL,2007-06-05,12.86,12.87,12.56,12.64,421377259,518.84,519,506.61,509.78,10448100,2026-03-13T02:46:25Z
GOOGL,2007-06-06,12.85,12.91,12.78,12.81,318571263,518.25,520.78,515.26,516.75,7899000,2026-03-13T02:46:25Z
GOOGL,2007-06-07,12.77,13.05,12.71,12.89,429034510,515.06,526.5,512.51,519.75,10637900,2026-03-13T02:46:25Z
GOOGL,2007-06-08,12.78,12.88,12.63,12.8,256525969,515.49,519.64,509.46,516.2,6360600,2026-03-13T02:46:25Z
GOOGL,2007-06-11,12.68,12.85,12.65,12.74,187694714,511.34,518.25,510,514.02,4653900,2026-03-13T02:46:25Z
GOOGL,2007-06-12,12.52,12.69,12.48,12.61,258973975,504.77,511.67,503.17,508.75,6421300,2026-03-13T02:46:25Z
GOOGL,2007-06-13,12.53,12.61,12.37,12.57,283987013,505.24,508.54,498.69,507.09,7041500,2026-03-13T02:46:25Z
GOOGL,2007-06-14,12.47,12.54,12.44,12.53,186435545,502.84,505.88,501.7,505.38,4622700,2026-03-13T02:46:25Z
GOOGL,2007-06-15,12.54,12.62,12.43,12.6,248941181,505.89,509,501.23,508.19,6172500,2026-03-13T02:46:25Z
GOOGL,2007-06-18,12.77,12.79,12.5,12.55,195361727,515.2,516,504.24,506.18,4844000,2026-03-13T02:46:25Z
GOOGL,2007-06-19,12.75,12.82,12.68,12.75,176002744,514.31,517.25,511.54,514.23,4364000,2026-03-13T02:46:25Z
GOOGL,2007-06-20,12.64,12.86,12.62,12.82,175050808,509.97,518.75,509.06,516.96,4340400,2026-03-13T02:46:25Z
GOOGL,2007-06-21,12.75,12.78,12.55,12.67,177822234,514.11,515.29,506.28,510.98,4409100,2026-03-13T02:46:25Z
GOOGL,2007-06-22,13.02,13.02,12.8,12.8,290646837,524.98,524.99,516.1,516.42,7206600,2026-03-13T02:46:25Z
GOOGL,2007-06-25,13.08,13.27,12.98,13.12,319676838,527.42,534.99,523.38,528.98,7926400,2026-03-13T02:46:25Z
GOOGL,2007-06-26,13.15,13.22,13.05,13.21,229453451,530.26,533.2,526.24,532.73,5689300,2026-03-13T02:46:25Z
GOOGL,2007-06-27,13.05,13.09,12.88,13.02,247082270,526.29,527.99,519.56,525,6126400,2026-03-13T02:46:25Z
GOOGL,2007-06-28,13.02,13.13,12.99,13.01,168206945,525.01,529.5,523.8,524.88,4170700,2026-03-13T02:46:25Z
GOOGL,2007-06-29,12.96,13.08,12.88,13.04,156522847,522.7,527.4,519.46,526.02,3881000,2026-03-13T02:46:25Z
GOOGL,2007-07-02,13.15,13.19,13,13.02,140967638,530.38,531.85,524.2,525.13,3495300,2026-03-13T02:46:25Z
GOOGL,2007-07-03,13.25,13.25,13.08,13.17,75486768,534.34,534.4,527.5,531.06,1871700,2026-03-13T02:46:25Z
GOOGL,2007-07-05,13.43,13.5,13.2,13.28,199273538,541.63,544.4,532.15,535.56,4941000,2026-03-13T02:46:25Z
GOOGL,2007-07-06,13.37,13.48,13.36,13.42,110791857,539.4,543.87,538.73,541.25,2747100,2026-03-13T02:46:25Z
GOOGL,2007-07-09,13.45,13.61,13.4,13.46,150352618,542.56,548.74,540.26,543,3728000,2026-03-13T02:46:25Z
GOOGL,2007-07-10,13.47,13.56,13.43,13.48,155494076,543.34,547,541.65,543.79,3855500,2026-03-13T02:46:25Z
GOOGL,2007-07-11,13.5,13.55,13.39,13.48,133550952,544.47,546.5,540.01,543.61,3311400,2026-03-13T02:46:25Z
GOOGL,2007-07-12,13.52,13.57,13.39,13.53,138806284,545.33,547.32,540.22,545.76,3441700,2026-03-13T02:46:25Z
GOOGL,2007-07-13,13.69,13.7,13.57,13.59,211191889,552.16,552.67,547.25,547.88,5236500,2026-03-13T02:46:25Z
GOOGL,2007-07-16,13.71,13.85,13.62,13.64,266237924,552.99,558.58,549.31,550.3,6601400,2026-03-13T02:46:25Z
GOOGL,2007-07-17,13.76,13.83,13.7,13.76,174647163,555,557.73,552.38,555.04,4330400,2026-03-13T02:46:25Z
GOOGL,2007-07-18,13.62,13.75,13.48,13.73,245342977,549.5,554.5,543.81,553.89,6083300,2026-03-13T02:46:25Z
GOOGL,2007-07-19,13.6,13.72,13.45,13.72,447725343,548.59,553.52,542.24,553.46,11101400,2026-03-13T02:46:25Z
GOOGL,2007-07-20,12.9,12.97,12.63,12.69,716631007,520.12,523.18,509.5,511.9,17768900,2026-03-13T02:46:25Z
GOOGL,2007-07-23,12.71,12.89,12.7,12.87,256155179,512.51,520,512.15,519.01,6351400,2026-03-13T02:46:25Z
GOOGL,2007-07-24,12.74,12.86,12.57,12.63,231436510,514,518.69,507.11,509.3,5738500,2026-03-13T02:46:25Z
GOOGL,2007-07-25,12.64,12.82,12.54,12.82,224065314,509.76,517.02,505.56,516.98,5555700,2026-03-13T02:46:25Z
GOOGL,2007-07-26,12.6,12.71,12.37,12.61,277651874,508,512.59,498.88,508.74,6884400,2026-03-13T02:46:25Z
GOOGL,2007-07-27,12.69,12.81,12.53,12.61,221487540,511.89,516.62,505.5,508.53,5491800,2026-03-13T02:46:25Z
GOOGL,2007-07-30,12.8,12.88,12.66,12.72,159963662,516.11,519.34,510.5,512.92,3966300,2026-03-13T02:46:25Z
GOOGL,2007-07-31,12.65,12.9,12.65,12.9,172195328,510,520.44,510,520.23,4269600,2026-03-13T02:46:25Z
GOOGL,2007-08-01,12.72,12.81,12.6,12.65,178482828,512.94,516.51,508.14,510.32,4425500,2026-03-13T02:46:25Z
GOOGL,2007-08-02,12.67,12.77,12.62,12.74,127295245,511.01,514.99,509,513.72,3156300,2026-03-13T02:46:25Z
GOOGL,2007-08-03,12.47,12.72,12.47,12.65,128037768,503,513.2,503,510.05,3174700,2026-03-13T02:46:25Z
GOOGL,2007-08-06,12.65,12.65,12.46,12.48,147065352,510,510.15,502.5,503.3,3646500,2026-03-13T02:46:25Z
GOOGL,2007-08-07,12.79,12.89,12.62,12.64,172077929,516.02,519.88,509.04,509.75,4266700,2026-03-13T02:46:25Z
GOOGL,2007-08-08,13.04,13.04,12.82,12.88,163995694,525.78,525.78,517.09,519.34,4066300,2026-03-13T02:46:25Z
GOOGL,2007-08-09,12.76,13.06,12.76,12.91,194950290,514.73,526.82,514.63,520.8,4833800,2026-03-13T02:46:25Z
GOOGL,2007-08-10,12.79,12.86,12.54,12.65,237329557,515.75,518.72,505.63,510.18,5884600,2026-03-13T02:46:25Z
GOOGL,2007-08-13,12.78,12.89,12.72,12.88,128218605,515.5,519.75,513.03,519.54,3179200,2026-03-13T02:46:25Z
GOOGL,2007-08-14,12.61,12.83,12.6,12.79,146561078,508.6,517.4,508,515.72,3634000,2026-03-13T02:46:25Z
GOOGL,2007-08-15,12.34,12.69,12.32,12.62,218173064,497.55,511.69,496.71,509,5409600,2026-03-13T02:46:25Z
GOOGL,2007-08-16,12.19,12.31,11.91,12.2,347963564,491.52,496.43,480.46,492.02,8627800,2026-03-13T02:46:25Z
GOOGL,2007-08-17,12.4,12.42,12.19,12.33,221084759,500.04,501,491.65,497.44,5481800,2026-03-13T02:46:25Z
GOOGL,2007-08-20,12.35,12.46,12.3,12.46,108795482,497.92,502.56,496,502.48,2697600,2026-03-13T02:46:25Z
GOOGL,2007-08-21,12.56,12.6,12.34,12.37,145669863,506.61,508.16,497.77,498.94,3611900,2026-03-13T02:46:25Z
GOOGL,2007-08-22,12.71,12.8,12.63,12.64,130739920,512.75,516.25,509.25,509.96,3241700,2026-03-13T02:46:25Z
GOOGL,2007-08-23,12.7,12.8,12.57,12.79,124105679,512.19,516.13,507,516,3077200,2026-03-13T02:46:25Z
GOOGL,2007-08-24,12.77,12.78,12.61,12.66,99737266,515,515.55,508.5,510.7,2473000,2026-03-13T02:46:25Z
GOOGL,2007-08-27,12.73,12.83,12.68,12.76,93768771,513.26,517.45,511.4,514.43,2325000,2026-03-13T02:46:25Z
GOOGL,2007-08-28,12.56,12.77,12.54,12.68,132074883,506.4,514.98,505.79,511.53,3274800,2026-03-13T02:46:25Z
GOOGL,2007-08-29,12.72,12.73,12.58,12.59,102863147,512.88,513.3,507.23,507.84,2550500,2026-03-13T02:46:25Z
GOOGL,2007-08-30,12.68,12.78,12.66,12.7,106843814,511.4,515.4,510.58,512.36,2649200,2026-03-13T02:46:25Z
GOOGL,2007-08-31,12.78,12.81,12.68,12.72,113183875,515.25,516.5,511.47,513.1,2806400,2026-03-13T02:46:25Z
GOOGL,2007-09-04,13.02,13.09,12.76,12.77,149089898,525.15,528,514.62,515.02,3696700,2026-03-13T02:46:25Z
GOOGL,2007-09-05,13.09,13.13,12.95,12.98,133655984,527.8,529.48,522.25,523.4,3314000,2026-03-13T02:46:25Z
GOOGL,2007-09-06,12.98,13.14,12.85,13.13,146569634,523.52,529.83,518.24,529.36,3634200,2026-03-13T02:46:25Z
GOOGL,2007-09-07,12.88,12.92,12.81,12.84,147754826,519.35,521.24,516.8,517.9,3663600,2026-03-13T02:46:25Z
GOOGL,2007-09-10,12.76,12.95,12.67,12.93,130134413,514.48,522.07,510.88,521.28,3226700,2026-03-13T02:46:25Z
GOOGL,2007-09-11,12.93,12.93,12.79,12.82,109061691,521.33,521.65,515.73,516.99,2704200,2026-03-13T02:46:25Z
GOOGL,2007-09-12,12.96,13.09,12.87,12.91,120463397,522.65,527.98,519,520.53,2986900,2026-03-13T02:46:25Z
GOOGL,2007-09-13,13.01,13.07,12.97,12.99,76333471,524.78,527.21,523.22,524.06,1892700,2026-03-13T02:46:25Z
GOOGL,2007-09-14,13.11,13.15,12.95,12.97,111550762,528.75,530.27,522.22,523.2,2765900,2026-03-13T02:46:25Z
GOOGL,2007-09-17,13.02,13.12,12.99,13.05,88667160,525.3,529.28,524.07,526.53,2198500,2026-03-13T02:46:25Z
GOOGL,2007-09-18,13.27,13.32,13,13.05,170320225,535.27,537.25,524.27,526.52,4223100,2026-03-13T02:46:25Z
GOOGL,2007-09-19,13.56,13.62,13.36,13.37,222940005,546.85,549.45,538.86,539.27,5527800,2026-03-13T02:46:25Z
GOOGL,2007-09-20,13.71,13.81,13.54,13.56,223080755,552.83,556.8,546.03,547,5531300,2026-03-13T02:46:25Z
GOOGL,2007-09-21,13.89,13.9,13.71,13.79,323165467,560.1,560.79,552.83,556.34,8012900,2026-03-13T02:46:25Z
GOOGL,2007-09-24,14.08,14.17,13.88,13.91,213740000,568.02,571.46,560,561,5299700,2026-03-13T02:46:25Z
GOOGL,2007-09-25,14.11,14.12,13.96,13.98,110122656,569,569.56,562.86,564,2730500,2026-03-13T02:46:25Z
GOOGL,2007-09-26,14.09,14.18,13.98,14.14,134961999,568.16,571.79,563.81,570.4,3346400,2026-03-13T02:46:25Z
GOOGL,2007-09-27,14.07,14.18,14.03,14.18,82927782,567.5,571.74,565.78,571.73,2056200,2026-03-13T02:46:25Z
GOOGL,2007-09-28,14.07,14.12,13.99,14.06,106448949,567.27,569.55,564.12,567,2639400,2026-03-13T02:46:25Z
GOOGL,2007-10-01,14.44,14.49,14.12,14.13,190134802,582.55,584.35,569.61,569.99,4714400,2026-03-13T02:46:25Z
GOOGL,2007-10-02,14.49,14.8,14.38,14.46,285033284,584.39,596.81,580.01,583.38,7067400,2026-03-13T02:46:25Z
GOOGL,2007-10-03,14.48,14.6,14.39,14.54,156652298,584.02,588.99,580.36,586.25,3884200,2026-03-13T02:46:25Z
GOOGL,2007-10-04,14.36,14.51,14.31,14.51,120536390,579.03,585.09,577.06,585.09,2988700,2026-03-13T02:46:25Z
GOOGL,2007-10-05,14.73,14.78,14.55,14.56,204596585,594.05,596,587.01,587.11,5073000,2026-03-13T02:46:25Z
GOOGL,2007-10-08,15.12,15.13,14.73,14.75,202826232,609.62,610.26,593.95,595,5029100,2026-03-13T02:46:25Z
GOOGL,2007-10-09,15.25,15.47,15.09,15.25,353663716,615.19,623.78,608.39,615.11,8769100,2026-03-13T02:46:25Z
GOOGL,2007-10-10,15.51,15.51,15.29,15.41,217200969,625.39,625.68,616.8,621.36,5385500,2026-03-13T02:46:25Z
GOOGL,2007-10-11,15.42,15.9,15.1,15.71,475918227,622,641.41,609,633.64,11800400,2026-03-13T02:46:25Z
GOOGL,2007-10-12,15.8,15.83,15.33,15.47,275332611,637.39,638.4,618.24,623.98,6826900,2026-03-13T02:46:25Z
GOOGL,2007-10-15,15.38,15.87,15.26,15.83,280249646,620.11,639.86,615.55,638.47,6948800,2026-03-13T02:46:25Z
GOOGL,2007-10-16,15.27,15.52,15.17,15.34,242999342,616,625.92,611.99,618.49,6025200,2026-03-13T02:46:25Z
GOOGL,2007-10-17,15.71,15.72,15.41,15.63,243209338,633.48,634,621.59,630.45,6030400,2026-03-13T02:46:25Z
GOOGL,2007-10-18,15.86,15.9,15.58,15.76,498232851,639.62,641.37,628.5,635.41,12353700,2026-03-13T02:46:25Z
GOOGL,2007-10-19,15.99,16.33,15.95,16.23,636774891,644.71,658.49,643.23,654.56,15788900,2026-03-13T02:46:25Z
GOOGL,2007-10-22,16.14,16.24,15.78,15.84,268775902,650.75,655,636.28,638.67,6664300,2026-03-13T02:46:25Z
GOOGL,2007-10-23,16.76,16.8,16.36,16.4,274244262,675.77,677.6,660,661.25,6799900,2026-03-13T02:46:25Z
GOOGL,2007-10-24,16.76,16.8,16.35,16.68,298817554,675.82,677.47,659.56,672.71,7409200,2026-03-13T02:46:25Z
GOOGL,2007-10-25,16.58,16.84,16.45,16.83,233852953,668.51,678.97,663.55,678.68,5798400,2026-03-13T02:46:25Z
GOOGL,2007-10-26,16.73,16.77,16.57,16.71,135288618,674.6,676.54,668.06,674.09,3354500,2026-03-13T02:46:25Z
GOOGL,2007-10-29,16.84,16.86,16.66,16.8,123673815,679.23,680,672.09,677.77,3066500,2026-03-13T02:46:25Z
GOOGL,2007-10-30,17.23,17.35,16.8,16.8,278301625,694.77,699.91,677.51,677.51,6900500,2026-03-13T02:46:25Z
GOOGL,2007-10-31,17.53,17.53,17.26,17.37,277652192,707,707,696.04,700.69,6884400,2026-03-13T02:46:25Z
GOOGL,2007-11-01,17.44,17.7,17.4,17.43,263314310,703.21,713.72,701.78,702.79,6528900,2026-03-13T02:46:25Z
GOOGL,2007-11-02,17.64,17.69,17.29,17.62,235619988,711.25,713.58,697.34,710.51,5842200,2026-03-13T02:46:25Z
GOOGL,2007-11-05,17.99,18.11,17.51,17.53,358361423,725.65,730.23,706.07,706.99,8885600,2026-03-13T02:46:25Z
GOOGL,2007-11-06,18.39,18.39,17.98,18.29,340454485,741.79,741.79,725,737.56,8441600,2026-03-13T02:46:25Z
GOOGL,2007-11-07,18.17,18.53,17.93,18.38,333671147,732.94,747.24,723.14,741.13,8273400,2026-03-13T02:46:25Z
GOOGL,2007-11-08,17.2,18.22,16.79,18.21,666153008,693.84,734.89,677.18,734.6,16517300,2026-03-13T02:46:25Z
GOOGL,2007-11-09,16.46,16.91,16.39,16.76,459439027,663.97,681.88,661.21,675.78,11391800,2026-03-13T02:46:25Z
GOOGL,2007-11-12,15.67,16.61,15.53,16.31,412803000,632.07,669.93,626.21,657.74,10235500,2026-03-13T02:46:25Z
GOOGL,2007-11-13,16.38,16.39,15.67,15.99,340604650,660.55,660.92,632.07,644.99,8445300,2026-03-13T02:46:25Z
GOOGL,2007-11-14,15.91,16.75,15.78,16.69,326770633,641.68,675.49,636.27,673.28,8102300,2026-03-13T02:46:25Z
GOOGL,2007-11-15,15.61,16.05,15.47,15.83,281103654,629.65,647.5,624,638.57,6970000,2026-03-13T02:46:25Z
GOOGL,2007-11-16,15.71,15.76,15.27,15.72,364751068,633.63,635.49,616.02,633.94,9044000,2026-03-13T02:46:25Z
GOOGL,2007-11-19,15.52,15.79,15.34,15.61,223032886,625.85,636.77,618.5,629.59,5530100,2026-03-13T02:46:25Z
GOOGL,2007-11-20,16.08,16.34,15.69,15.78,396873085,648.54,659.1,632.87,636.48,9840500,2026-03-13T02:46:25Z
GOOGL,2007-11-21,16.38,16.61,15.92,15.96,282887570,660.52,669.97,642.08,643.77,7014200,2026-03-13T02:46:25Z
GOOGL,2007-11-23,16.78,16.82,16.57,16.61,110485836,676.7,678.28,668.11,670,2739500,2026-03-13T02:46:25Z
GOOGL,2007-11-26,16.51,17.19,16.49,16.87,273929716,666,693.4,665,680.2,6792100,2026-03-13T02:46:25Z
GOOGL,2007-11-27,16.7,16.77,16.12,16.73,359175488,673.57,676.43,650.26,674.8,8905800,2026-03-13T02:46:25Z
GOOGL,2007-11-28,17.16,17.21,16.67,16.91,319378628,692.26,694.3,672.14,682.11,7919000,2026-03-13T02:46:25Z
GOOGL,2007-11-29,17.28,17.43,17.05,17.13,250646076,697,702.79,687.77,690.75,6214800,2026-03-13T02:46:25Z
GOOGL,2007-11-30,17.18,17.63,16.91,17.63,318704182,693,711.06,682.11,711,7902300,2026-03-13T02:46:25Z
GOOGL,2007-12-03,16.9,17.23,16.89,17.13,174607634,681.53,695,681.14,691.01,4329400,2026-03-13T02:46:25Z
GOOGL,2007-12-04,16.96,17.16,16.79,16.82,170691139,684.16,692,677.12,678.31,4232300,2026-03-13T02:46:25Z
GOOGL,2007-12-05,17.32,17.33,17.05,17.18,169880076,698.51,698.93,687.5,692.73,4212200,2026-03-13T02:46:25Z
GOOGL,2007-12-06,17.73,17.77,17.28,17.3,198265465,715.26,716.56,697.01,697.8,4916000,2026-03-13T02:46:25Z
GOOGL,2007-12-07,17.73,17.8,17.62,17.73,155373643,714.87,718,710.5,714.99,3852500,2026-03-13T02:46:25Z
GOOGL,2007-12-10,17.81,17.97,17.7,17.75,155603306,718.42,724.8,714,715.99,3858200,2026-03-13T02:46:25Z
GOOGL,2007-12-11,17.34,17.88,17.33,17.85,247726858,699.2,720.99,698.78,719.94,6142400,2026-03-13T02:46:25Z
GOOGL,2007-12-12,17.34,17.71,17.07,17.7,248682244,699.35,714.32,688.5,714,6166100,2026-03-13T02:46:25Z
GOOGL,2007-12-13,17.21,17.3,16.89,17.27,209000812,694.05,697.62,681.21,696.31,5182200,2026-03-13T02:46:25Z
GOOGL,2007-12-14,17.11,17.35,17.04,17.05,148154522,689.96,699.7,687.26,687.51,3673500,2026-03-13T02:46:25Z
GOOGL,2007-12-17,16.59,17.24,16.46,17.06,221394219,669.23,695.42,663.67,688,5489500,2026-03-13T02:46:25Z
GOOGL,2007-12-18,16.7,16.78,16.18,16.72,289041463,673.35,676.71,652.5,674.16,7166800,2026-03-13T02:46:25Z
GOOGL,2007-12-19,16.8,16.85,16.59,16.72,178466777,677.37,679.5,669,674.21,4425100,2026-03-13T02:46:25Z
GOOGL,2007-12-20,17.1,17.13,16.88,17,178377795,689.69,691,680.61,685.83,4422900,2026-03-13T02:46:25Z
GOOGL,2007-12-21,17.27,17.34,17.19,17.3,217559707,696.69,699.26,693.24,697.88,5394400,2026-03-13T02:46:25Z
GOOGL,2007-12-24,17.37,17.38,17.18,17.23,65674333,700.73,700.73,693.06,694.99,1628400,2026-03-13T02:46:25Z
GOOGL,2007-12-26,17.63,17.68,17.31,17.33,102048675,710.84,713.22,698.21,698.99,2530300,2026-03-13T02:46:25Z
GOOGL,2007-12-27,17.37,17.75,17.38,17.53,118700996,700.74,716,700.74,707.07,2943200,2026-03-13T02:46:25Z
GOOGL,2007-12-28,17.42,17.55,17.27,17.48,103306999,702.53,707.95,696.54,704.93,2561500,2026-03-13T02:46:25Z
GOOGL,2007-12-31,17.15,17.42,17.12,17.32,95894041,691.48,702.49,690.58,698.57,2377700,2026-03-13T02:46:25Z
GOOGL,2008-01-02,16.99,17.29,16.8,17.18,173695646,685.19,697.37,677.73,692.87,4306800,2026-03-13T02:46:25Z
GOOGL,2008-01-03,16.99,17.03,16.77,16.99,131187018,685.33,686.85,676.52,685.26,3252800,2026-03-13T02:46:25Z
GOOGL,2008-01-04,16.29,16.88,16.24,16.85,216207786,657,680.96,655,679.69,5360900,2026-03-13T02:46:25Z
GOOGL,2008-01-07,16.1,16.42,15.8,16.21,258314230,649.25,662.28,637.35,653.94,6404900,2026-03-13T02:46:25Z
GOOGL,2008-01-08,15.66,16.36,15.65,16.19,215442697,631.68,659.96,631,653,5341900,2026-03-13T02:46:25Z
GOOGL,2008-01-09,16.2,16.2,15.44,15.62,271998285,653.2,653.34,622.51,630.04,6744200,2026-03-13T02:46:25Z
GOOGL,2008-01-10,16.04,16.3,15.87,15.99,255477679,646.73,657.2,640.11,645.01,6334600,2026-03-13T02:46:25Z
GOOGL,2008-01-11,15.83,16.1,15.62,15.94,200757695,638.25,649.47,630.11,642.7,4977800,2026-03-13T02:46:25Z
GOOGL,2008-01-14,16.21,16.3,16,16.14,179414854,653.82,657.4,645.25,651.14,4448600,2026-03-13T02:46:25Z
GOOGL,2008-01-15,15.81,16.09,15.75,16.02,225234659,637.65,649.05,635.38,645.9,5584700,2026-03-13T02:46:25Z
GOOGL,2008-01-16,15.27,15.87,14.93,15.6,425991162,615.95,639.99,601.93,628.97,10562500,2026-03-13T02:46:25Z
GOOGL,2008-01-17,14.9,15.52,14.83,15.39,331388012,600.79,625.74,598.01,620.76,8216800,2026-03-13T02:46:25Z
GOOGL,2008-01-18,14.88,15.12,14.84,15.08,344503730,600.25,609.99,598.45,608.36,8542000,2026-03-13T02:46:25Z
GOOGL,2008-01-22,14.49,14.81,13.91,13.94,383210524,584.35,597.5,561.2,562.03,9501700,2026-03-13T02:46:25Z
GOOGL,2008-01-23,13.6,14.08,12.87,13.9,684477362,548.62,568,519,560.71,16971700,2026-03-13T02:46:25Z
GOOGL,2008-01-24,14.24,14.37,13.74,13.86,379481865,574.49,579.69,554.14,558.8,9409300,2026-03-13T02:46:25Z
GOOGL,2008-01-25,14.04,14.75,14.04,14.67,280939479,566.4,595,566.18,591.81,6965900,2026-03-13T02:46:25Z
GOOGL,2008-01-28,13.79,14.19,13.6,14.16,234586337,555.98,572.24,548.6,570.97,5816600,2026-03-13T02:46:25Z
GOOGL,2008-01-29,13.65,13.92,13.41,13.88,253457293,550.52,561.33,540.67,559.94,6284500,2026-03-13T02:46:25Z
GOOGL,2008-01-30,13.59,13.9,13.48,13.62,320520374,548.27,560.43,543.51,549.19,7947300,2026-03-13T02:46:25Z
GOOGL,2008-01-31,13.99,14.21,13.25,13.37,599762575,564.3,573,534.29,539.01,14871200,2026-03-13T02:46:25Z
GOOGL,2008-02-01,12.79,13.31,12.65,13.11,709914013,515.9,536.67,510,528.67,17602400,2026-03-13T02:46:25Z
GOOGL,2008-02-04,12.28,12.71,12.21,12.62,530749443,495.43,512.78,492.55,509.07,13160000,2026-03-13T02:46:25Z
GOOGL,2008-02-05,12.57,12.62,12.11,12.14,452107514,506.8,509,488.52,489.43,11210000,2026-03-13T02:46:25Z
GOOGL,2008-02-06,12.44,12.68,12.35,12.67,308141510,501.71,511.17,497.93,511.14,7640400,2026-03-13T02:46:25Z
GOOGL,2008-02-07,12.52,12.75,12.27,12.32,319822176,504.95,514.19,494.76,496.86,7930000,2026-03-13T02:46:25Z
GOOGL,2008-02-08,12.81,12.84,12.61,12.63,275522823,516.69,517.73,508.7,509.41,6831600,2026-03-13T02:46:25Z
GOOGL,2008-02-11,12.92,12.99,12.73,12.91,234990233,521.16,523.71,513.4,520.52,5826600,2026-03-13T02:46:25Z
GOOGL,2008-02-12,12.85,13.16,12.72,12.98,268719333,518.09,530.6,513.03,523.39,6662900,2026-03-13T02:46:25Z
GOOGL,2008-02-13,13.26,13.27,12.86,12.96,267485452,534.62,534.99,518.69,522.5,6632300,2026-03-13T02:46:25Z
GOOGL,2008-02-14,13.2,13.41,13.17,13.35,261346824,532.25,541.04,531,538.35,6480100,2026-03-13T02:46:25Z
GOOGL,2008-02-15,13.13,13.21,13,13.1,211472866,529.64,532.66,524.33,528.31,5243500,2026-03-13T02:46:25Z
GOOGL,2008-02-19,12.62,13.27,12.56,13.26,256200118,508.95,535.06,506.5,534.94,6352500,2026-03-13T02:46:25Z
GOOGL,2008-02-20,12.62,12.67,12.37,12.48,268924263,509,511.01,498.82,503.51,6668000,2026-03-13T02:46:25Z
GOOGL,2008-02-21,12.47,12.72,12.38,12.72,229022227,502.86,513.21,499.5,512.85,5678600,2026-03-13T02:46:25Z
GOOGL,2008-02-22,12.59,12.62,12.34,12.45,222480337,507.8,509,497.55,502.06,5516400,2026-03-13T02:46:25Z
GOOGL,2008-02-25,12.06,12.56,12.04,12.54,337660263,486.44,506.5,485.74,505.95,8372300,2026-03-13T02:46:25Z
GOOGL,2008-02-26,11.51,11.57,11.08,11.44,939329733,464.19,466.47,446.85,461.2,23290800,2026-03-13T02:46:25Z
GOOGL,2008-02-27,11.72,11.79,11.4,11.41,408431907,472.86,475.49,459.64,460.13,10127100,2026-03-13T02:46:25Z
GOOGL,2008-02-28,11.79,11.88,11.59,11.67,265794252,475.39,479.09,467.36,470.5,6590400,2026-03-13T02:46:25Z
GOOGL,2008-02-29,11.68,11.89,11.52,11.7,380181755,471.18,479.74,464.65,471.87,9426600,2026-03-13T02:46:25Z
GOOGL,2008-03-03,11.33,11.72,11.16,11.69,304779466,457.02,472.72,450.11,471.51,7557000,2026-03-13T02:46:25Z
GOOGL,2008-03-04,11.02,11.24,10.8,11.18,549632850,444.6,453.36,435.78,450.95,13628200,2026-03-13T02:46:25Z
GOOGL,2008-03-05,11.1,11.26,11.01,11.04,300042260,447.7,454.17,444,445.25,7439600,2026-03-13T02:46:25Z
GOOGL,2008-03-06,10.73,11.24,10.69,11.1,301314687,432.7,453.3,431.18,447.69,7471100,2026-03-13T02:46:25Z
GOOGL,2008-03-07,10.74,10.91,10.57,10.63,325540324,433.35,440,426.24,428.88,8071800,2026-03-13T02:46:25Z
GOOGL,2008-03-10,10.26,10.69,10.24,10.63,322234570,413.62,431,413.04,428.83,7989800,2026-03-13T02:46:25Z
GOOGL,2008-03-11,10.91,10.91,10.53,10.54,356198652,439.84,440.15,424.65,425.26,8832000,2026-03-13T02:46:25Z
GOOGL,2008-03-12,10.91,11.11,10.86,10.91,268291087,440.18,447.88,438.07,440.01,6652300,2026-03-13T02:46:25Z
GOOGL,2008-03-13,10.98,11.08,10.63,10.73,311655094,443.01,446.98,428.78,432.67,7727500,2026-03-13T02:46:25Z
GOOGL,2008-03-14,10.86,11.14,10.68,10.98,265152461,437.92,449.34,430.62,442.98,6574500,2026-03-13T02:46:25Z
GOOGL,2008-03-17,10.41,10.75,10.22,10.61,318211113,419.87,433.71,412.11,427.99,7890100,2026-03-13T02:46:25Z
GOOGL,2008-03-18,10.89,10.93,10.55,10.64,292013787,439.16,440.84,425.53,428.98,7240500,2026-03-13T02:46:25Z
GOOGL,2008-03-19,10.71,11.1,10.7,10.94,249206095,432,447.5,431.67,441.11,6179100,2026-03-13T02:46:25Z
GOOGL,2008-03-20,10.75,10.8,10.35,10.6,399807559,433.55,435.7,417.5,427.32,9913300,2026-03-13T02:46:25Z
GOOGL,2008-03-24,11.42,11.55,10.85,10.87,272812716,460.56,465.78,437.72,438.43,6764400,2026-03-13T02:46:25Z
GOOGL,2008-03-25,11.18,11.34,11.06,11.34,235256898,450.78,457.47,446,457.46,5833200,2026-03-13T02:46:25Z
GOOGL,2008-03-26,11.36,11.48,11.14,11.22,210751620,458.19,462.87,449.29,452.59,5225600,2026-03-13T02:46:25Z
GOOGL,2008-03-27,11.01,11.12,10.92,11.04,235244244,444.08,448.61,440.49,445.16,5832900,2026-03-13T02:46:25Z
GOOGL,2008-03-28,10.86,11.25,10.77,11.1,176527419,438.08,453.57,434.31,447.46,4377000,2026-03-13T02:46:25Z
GOOGL,2008-03-31,10.92,10.98,10.71,10.8,179322494,440.47,442.69,432.01,435.65,4446300,2026-03-13T02:46:25Z
GOOGL,2008-04-01,11.55,11.57,11.08,11.1,245753671,465.71,466.5,446.87,447.74,6093500,2026-03-13T02:46:25Z
GOOGL,2008-04-02,11.55,11.8,11.41,11.65,241970756,465.7,475.74,460.39,469.9,5999700,2026-03-13T02:46:25Z
GOOGL,2008-04-03,11.28,11.49,11.11,11.45,273377714,455.12,463.29,448.13,461.73,6778400,2026-03-13T02:46:25Z
GOOGL,2008-04-04,11.68,11.85,11.31,11.33,237893198,471.09,477.83,456.2,457.01,5898600,2026-03-13T02:46:25Z
GOOGL,2008-04-07,11.82,12.04,11.74,11.83,239781223,476.82,485.44,473.53,477.03,5945400,2026-03-13T02:46:25Z
GOOGL,2008-04-08,11.6,11.76,11.46,11.73,183512792,467.81,474.14,462.01,473.04,4550200,2026-03-13T02:46:25Z
GOOGL,2008-04-09,11.51,11.7,11.35,11.63,243918913,464.19,472,457.54,469.13,6048000,2026-03-13T02:46:25Z
GOOGL,2008-04-10,11.63,11.75,11.45,11.52,204620807,469.08,473.86,461.85,464.5,5073600,2026-03-13T02:46:25Z
GOOGL,2008-04-11,11.34,11.59,11.28,11.51,168161787,457.45,467.26,455.01,464.07,4169600,2026-03-13T02:46:25Z
GOOGL,2008-04-14,11.2,11.34,11.16,11.34,154970897,451.66,457.45,450.15,457.16,3842500,2026-03-13T02:46:25Z
GOOGL,2008-04-15,11.08,11.4,11,11.36,184976762,446.84,459.72,443.72,458.13,4586500,2026-03-13T02:46:25Z
GOOGL,2008-04-16,11.28,11.36,10.94,11.02,307745293,455.03,458.28,441,444.4,7630600,2026-03-13T02:46:25Z
GOOGL,2008-04-17,11.15,11.39,11.07,11.3,540795752,449.54,459.37,446.52,455.63,13409100,2026-03-13T02:46:25Z
GOOGL,2008-04-18,13.37,13.58,13.01,13.27,735615712,539.41,547.7,524.77,535.21,18239700,2026-03-13T02:46:25Z
GOOGL,2008-04-21,13.33,13.45,13.15,13.37,300224793,537.79,542.59,530.29,539.39,7444100,2026-03-13T02:46:25Z
GOOGL,2008-04-22,13.76,13.91,13.33,13.33,320292677,555,560.83,537.56,537.57,7941700,2026-03-13T02:46:25Z
GOOGL,2008-04-23,13.55,13.87,13.41,13.83,198547641,546.49,559.31,540.95,557.94,4923000,2026-03-13T02:46:25Z
GOOGL,2008-04-24,13.46,13.75,13.39,13.67,166916444,543.04,554.49,540.02,551.29,4138700,2026-03-13T02:46:25Z
GOOGL,2008-04-25,13.49,13.71,13.46,13.62,168017338,544.06,553,542.73,549.21,4166000,2026-03-13T02:46:25Z
GOOGL,2008-04-28,13.69,13.81,13.36,13.54,161725146,552.12,556.81,539,545.88,4010000,2026-03-13T02:46:25Z
GOOGL,2008-04-29,13.85,13.97,13.64,13.66,175292332,558.47,563.4,550.01,550.83,4346400,2026-03-13T02:46:25Z
GOOGL,2008-04-30,14.24,14.5,13.85,13.94,318793418,574.29,584.86,558.47,562.21,7904500,2026-03-13T02:46:25Z
GOOGL,2008-05-01,14.71,14.75,14.31,14.34,266415135,593.08,594.93,576.97,578.31,6605800,2026-03-13T02:46:25Z
GOOGL,2008-05-02,14.41,14.94,14.36,14.84,282321766,581.29,602.45,579.3,598.49,7000200,2026-03-13T02:46:25Z
GOOGL,2008-05-05,14.75,14.85,14.56,14.85,253606647,594.9,599,587.13,598.86,6288200,2026-03-13T02:46:25Z
GOOGL,2008-05-06,14.54,14.68,14.46,14.65,186819883,586.36,592,583,591,4632200,2026-03-13T02:46:25Z
GOOGL,2008-05-07,14.36,14.86,14.29,14.67,266743369,579,599.49,576.43,591.47,6613900,2026-03-13T02:46:25Z
GOOGL,2008-05-08,14.46,14.61,14.35,14.54,206630116,583.01,589.3,578.91,586.2,5123400,2026-03-13T02:46:25Z
GOOGL,2008-05-09,14.21,14.51,14.16,14.36,180891234,573.2,585,571.3,579,4485200,2026-03-13T02:46:25Z
GOOGL,2008-05-12,14.5,14.55,14.11,14.25,196224873,584.94,586.75,568.91,574.75,4865400,2026-03-13T02:46:25Z
GOOGL,2008-05-13,14.46,14.58,14.35,14.54,208311945,583,587.95,578.55,586.23,5165100,2026-03-13T02:46:25Z
GOOGL,2008-05-14,14.29,14.66,14.26,14.54,176607679,576.3,591.19,575.25,586.5,4379000,2026-03-13T02:46:25Z
GOOGL,2008-05-15,14.41,14.45,14.27,14.36,175192521,581,582.95,575.61,579,4343900,2026-03-13T02:46:25Z
GOOGL,2008-05-16,14.38,14.5,14.34,14.42,172421672,580.07,584.68,578.32,581.43,4275200,2026-03-13T02:46:25Z
GOOGL,2008-05-19,14.32,14.6,14.22,14.35,226045695,577.52,588.88,573.52,578.55,5604800,2026-03-13T02:46:25Z
GOOGL,2008-05-20,14.35,14.44,14.21,14.25,133651826,578.6,582.48,572.91,574.63,3313900,2026-03-13T02:46:25Z
GOOGL,2008-05-21,13.64,14.42,13.59,14.34,260942803,549.99,581.41,547.89,578.51,6470100,2026-03-13T02:46:25Z
GOOGL,2008-05-22,13.62,13.74,13.4,13.69,204766490,549.46,554.21,540.25,552.14,5077200,2026-03-13T02:46:25Z
GOOGL,2008-05-23,13.5,13.71,13.34,13.56,178878202,544.62,553,537.81,546.96,4435300,2026-03-13T02:46:25Z
GOOGL,2008-05-27,13.91,13.95,13.48,13.51,155998232,560.9,562.6,543.85,544.96,3868000,2026-03-13T02:46:25Z
GOOGL,2008-05-28,14.09,14.17,13.91,14.08,163463388,568.24,571.49,561.1,567.94,4053100,2026-03-13T02:46:25Z
GOOGL,2008-05-29,14.46,14.53,14.21,14.25,195478721,583,585.88,573.2,574.79,4846900,2026-03-13T02:46:25Z
GOOGL,2008-05-30,14.53,14.63,14.41,14.47,130158519,585.8,589.92,581.3,583.47,3227300,2026-03-13T02:46:25Z
GOOGL,2008-06-02,14.26,14.48,14.16,14.44,148198449,575,583.89,571.27,582.5,3674600,2026-03-13T02:46:25Z
GOOGL,2008-06-03,14.07,14.39,13.9,14.29,174865930,567.3,580.5,560.61,576.5,4335800,2026-03-13T02:46:25Z
GOOGL,2008-06-04,14.19,14.33,14,14.02,135668434,572.22,578,564.55,565.33,3363900,2026-03-13T02:46:25Z
GOOGL,2008-06-05,14.54,14.58,14.29,14.31,158156975,586.3,588.04,576.21,577.08,3921500,2026-03-13T02:46:25Z
GOOGL,2008-06-06,14.06,14.4,14.06,14.37,190969488,567,580.72,567,579.52,4735100,2026-03-13T02:46:25Z
GOOGL,2008-06-09,13.83,14.13,13.52,14.09,213287977,557.87,570,545.4,568.06,5288500,2026-03-13T02:46:25Z
GOOGL,2008-06-10,13.74,13.86,13.56,13.63,147529683,554.17,558.82,546.78,549.56,3658000,2026-03-13T02:46:25Z
GOOGL,2008-06-11,13.52,13.82,13.5,13.8,153780253,545.2,557.34,544.46,556.4,3813000,2026-03-13T02:46:25Z
GOOGL,2008-06-12,13.71,13.84,13.56,13.59,221676865,552.95,558,546.88,547.93,5496500,2026-03-13T02:46:25Z
GOOGL,2008-06-13,14.17,14.27,13.92,13.92,249432288,571.51,575.7,561.34,561.49,6184700,2026-03-13T02:46:25Z
GOOGL,2008-06-16,14.2,14.36,14.05,14.05,142931774,572.81,579.1,566.5,566.5,3544000,2026-03-13T02:46:25Z
GOOGL,2008-06-17,14.12,14.33,14.09,14.29,139664867,569.46,578.07,568.38,576.35,3463000,2026-03-13T02:46:25Z
GOOGL,2008-06-18,13.94,14.11,13.86,14,136498436,562.38,568.99,559.16,564.51,3384500,2026-03-13T02:46:25Z
GOOGL,2008-06-19,13.89,13.98,13.66,13.76,229210885,560.2,563.78,550.81,555,5683300,2026-03-13T02:46:25Z
GOOGL,2008-06-20,13.55,13.81,13.5,13.79,241346727,546.43,556.98,544.51,556.22,5984200,2026-03-13T02:46:25Z
GOOGL,2008-06-23,13.52,13.71,13.44,13.52,146678009,545.21,553.15,542.02,545.36,3636900,2026-03-13T02:46:25Z
GOOGL,2008-06-24,13.45,13.67,13.27,13.51,188444249,542.3,551.19,535.1,544.99,4672500,2026-03-13T02:46:25Z
GOOGL,2008-06-25,13.66,13.83,13.48,13.48,166411919,551,557.8,543.67,543.67,4126200,2026-03-13T02:46:25Z
GOOGL,2008-06-26,13.11,13.51,13.1,13.49,228279763,528.82,544.93,528.26,544.1,5660200,2026-03-13T02:46:25Z
GOOGL,2008-06-27,13.09,13.14,12.77,13.08,219696604,528.07,530,515.09,527.41,5447400,2026-03-13T02:46:25Z
GOOGL,2008-06-30,13.05,13.34,12.97,13.2,151873169,526.42,538,523.06,532.47,3765700,2026-03-13T02:46:25Z
GOOGL,2008-07-01,13.26,13.31,12.82,12.88,200084402,534.73,536.72,517,519.58,4961100,2026-03-13T02:46:25Z
GOOGL,2008-07-02,13.07,13.4,13.04,13.3,170412823,527.04,540.38,526.06,536.51,4225400,2026-03-13T02:46:25Z
GOOGL,2008-07-03,13.31,13.37,13.08,13.16,96720504,537,539.23,527.5,530.88,2398200,2026-03-13T02:46:25Z
GOOGL,2008-07-07,13.49,13.61,13.28,13.45,171808808,543.91,549,535.6,542.3,4260000,2026-03-13T02:46:25Z
GOOGL,2008-07-08,13.75,13.77,13.39,13.54,198962371,554.53,555.19,540,545.99,4933300,2026-03-13T02:46:25Z
GOOGL,2008-07-09,13.43,13.78,13.41,13.66,167533560,541.55,555.68,540.73,550.76,4154000,2026-03-13T02:46:25Z
GOOGL,2008-07-10,13.4,13.62,13.16,13.51,174716457,540.57,549.5,530.72,545,4332100,2026-03-13T02:46:25Z
GOOGL,2008-07-11,13.24,13.38,12.88,13.3,200919104,533.8,539.5,519.43,536.5,4981800,2026-03-13T02:46:25Z
GOOGL,2008-07-14,12.93,13.39,12.78,13.36,178462947,521.62,540.06,515.45,539,4425000,2026-03-13T02:46:25Z
GOOGL,2008-07-15,12.8,13.08,12.43,12.8,244884056,516.09,527.5,501.1,516.28,6071900,2026-03-13T02:46:25Z
GOOGL,2008-07-16,13.28,13.3,12.66,12.75,191353127,535.6,536.5,510.6,514.04,4744600,2026-03-13T02:46:25Z
GOOGL,2008-07-17,13.23,13.32,13.01,13.24,354763626,533.44,537.05,524.5,534.16,8796400,2026-03-13T02:46:25Z
GOOGL,2008-07-18,11.93,12.37,11.86,12.36,455613389,481.32,498.98,478.19,498.35,11297000,2026-03-13T02:46:25Z
GOOGL,2008-07-21,11.62,12,11.55,11.93,238370570,468.8,484.09,465.7,481.31,5910400,2026-03-13T02:46:25Z
GOOGL,2008-07-22,11.83,11.91,11.54,11.58,189320310,477.11,480.25,465.6,466.99,4694200,2026-03-13T02:46:25Z
GOOGL,2008-07-23,12.13,12.33,11.85,11.95,197556115,489.22,497.23,478.1,482,4898400,2026-03-13T02:46:25Z
GOOGL,2008-07-24,11.79,12.32,11.79,12.3,142936044,475.62,496.87,475.62,496.22,3544100,2026-03-13T02:46:25Z
GOOGL,2008-07-25,12.2,12.23,11.94,12.06,128436600,491.98,493.13,481.5,486.24,3184600,2026-03-13T02:46:25Z
GOOGL,2008-07-28,11.83,12.2,11.78,12.2,127614338,477.12,492.09,475.13,492.09,3164200,2026-03-13T02:46:25Z
GOOGL,2008-07-29,11.98,12.08,11.85,11.88,113058736,483.11,487.26,478,479.3,2803300,2026-03-13T02:46:25Z
GOOGL,2008-07-30,11.97,12.05,11.72,12.04,140830177,482.7,486.02,472.81,485.51,3491900,2026-03-13T02:46:25Z
GOOGL,2008-07-31,11.75,11.92,11.69,11.77,115547296,473.75,480.89,471.44,474.56,2865000,2026-03-13T02:46:25Z
GOOGL,2008-08-01,11.6,11.73,11.47,11.72,121330792,467.86,473.22,462.5,472.51,3008400,2026-03-13T02:46:25Z
GOOGL,2008-08-04,11.48,11.73,11.45,11.61,100298312,463,473.01,461.9,468.12,2486900,2026-03-13T02:46:25Z
GOOGL,2008-08-05,11.9,11.9,11.56,11.59,144564588,479.85,480.08,466.33,467.59,3584500,2026-03-13T02:46:25Z
GOOGL,2008-08-06,12.06,12.14,11.72,11.86,136148416,486.34,489.77,472.51,478.37,3375800,2026-03-13T02:46:25Z
GOOGL,2008-08-07,11.88,12,11.81,11.95,111865114,479.12,484,476.41,482,2773700,2026-03-13T02:46:25Z
GOOGL,2008-08-08,12.27,12.29,11.79,11.9,150811716,495.01,495.75,475.69,480.15,3739400,2026-03-13T02:46:25Z
GOOGL,2008-08-11,12.42,12.62,12.19,12.21,171053659,500.84,508.88,491.78,492.47,4241300,2026-03-13T02:46:25Z
GOOGL,2008-08-12,12.46,12.55,12.35,12.45,111139026,502.61,506.13,498,502.15,2755700,2026-03-13T02:46:25Z
GOOGL,2008-08-13,12.4,12.48,12.25,12.44,146239081,500.03,503.54,493.88,501.51,3626000,2026-03-13T02:46:25Z
GOOGL,2008-08-14,12.53,12.59,12.31,12.34,117704934,505.49,507.61,496.29,497.7,2918500,2026-03-13T02:46:25Z
GOOGL,2008-08-15,12.65,12.66,12.53,12.57,142995664,510.15,510.66,505.5,506.98,3545600,2026-03-13T02:46:25Z
GOOGL,2008-08-18,12.36,12.65,12.29,12.62,134554806,498.3,510,495.51,509.08,3336300,2026-03-13T02:46:25Z
GOOGL,2008-08-19,12.16,12.36,12.07,12.16,122871004,490.5,498.28,486.63,490.43,3046600,2026-03-13T02:46:25Z
GOOGL,2008-08-20,12.03,12.32,11.96,12.27,160697386,485,496.69,482.57,494.72,3984500,2026-03-13T02:46:25Z
GOOGL,2008-08-21,12.06,12.15,11.88,11.97,141725690,486.53,489.9,479.27,482.92,3514100,2026-03-13T02:46:25Z
GOOGL,2008-08-22,12.16,12.27,12.14,12.19,92647164,490.59,494.88,489.48,491.5,2297200,2026-03-13T02:46:25Z
GOOGL,2008-08-25,11.98,12.32,11.94,12.07,81274333,483.01,497,481.5,486.68,2015200,2026-03-13T02:46:25Z
GOOGL,2008-08-26,11.76,11.99,11.67,11.99,133434135,474.16,483.46,470.59,483.46,3308500,2026-03-13T02:46:25Z
GOOGL,2008-08-27,11.62,11.77,11.53,11.75,176994472,468.58,474.83,464.84,474,4388600,2026-03-13T02:46:25Z
GOOGL,2008-08-28,11.75,11.81,11.66,11.72,122189700,473.78,476.45,470.33,472.49,3029700,2026-03-13T02:46:25Z
GOOGL,2008-08-29,11.49,11.68,11.46,11.65,155199637,463.29,471.01,462.33,469.75,3848200,2026-03-13T02:46:25Z
GOOGL,2008-09-02,11.54,11.96,11.44,11.82,246846485,465.25,482.18,461.42,476.77,6120600,2026-03-13T02:46:25Z
GOOGL,2008-09-03,11.52,11.76,11.39,11.62,174043091,464.41,474.29,459.58,468.73,4315400,2026-03-13T02:46:25Z
GOOGL,2008-09-04,11.16,11.49,11.14,11.41,197080012,450.26,463.24,449.4,460,4886600,2026-03-13T02:46:25Z
GOOGL,2008-09-05,11.02,11.22,10.91,11.06,183031683,444.25,452.46,440.08,445.99,4538300,2026-03-13T02:46:25Z
GOOGL,2008-09-08,10.41,11.23,10.35,11.22,363839841,419.95,452.94,417.55,452.53,9021400,2026-03-13T02:46:25Z
GOOGL,2008-09-09,10.38,10.72,10.29,10.49,291646801,418.66,432.38,415,423.17,7231400,2026-03-13T02:46:25Z
GOOGL,2008-09-10,10.27,10.53,10.16,10.53,251167503,414.16,424.48,409.68,424.47,6227700,2026-03-13T02:46:25Z
GOOGL,2008-09-11,10.75,10.79,10.08,10.12,261044092,433.75,435.09,406.38,408.35,6472600,2026-03-13T02:46:25Z
GOOGL,2008-09-12,10.85,10.96,10.64,10.67,243129181,437.66,441.99,429,430.21,6028400,2026-03-13T02:46:25Z
GOOGL,2008-09-15,10.76,10.96,10.51,10.51,264915313,433.86,441.97,423.71,424,6568600,2026-03-13T02:46:25Z
GOOGL,2008-09-16,10.98,11.14,10.55,10.57,281980227,442.93,449.28,425.49,426.15,6991700,2026-03-13T02:46:25Z
GOOGL,2008-09-17,10.28,10.89,10.25,10.87,368180552,414.49,439.14,413.44,438.48,9129100,2026-03-13T02:46:25Z
GOOGL,2008-09-18,10.89,10.89,10.18,10.48,346416248,439.08,439.18,410.5,422.64,8589400,2026-03-13T02:46:25Z
GOOGL,2008-09-19,11.14,11.46,10.99,11.43,403546326,449.15,462.07,443.28,461,10006000,2026-03-13T02:46:25Z
GOOGL,2008-09-22,10.67,11.26,10.64,11.26,177820839,430.14,454.13,429,454,4409100,2026-03-13T02:46:25Z
GOOGL,2008-09-23,10.64,10.93,10.56,10.74,209985884,429.27,440.79,425.72,433.25,5206600,2026-03-13T02:46:25Z
GOOGL,2008-09-24,10.79,11.03,10.66,10.67,171111152,435.11,445,430.11,430.34,4242700,2026-03-13T02:46:25Z
GOOGL,2008-09-25,10.9,11.16,10.81,10.89,202738116,439.6,450,435.98,439.19,5026900,2026-03-13T02:46:25Z
GOOGL,2008-09-26,10.69,10.84,10.44,10.61,213457099,431.04,437.16,421.03,428,5292700,2026-03-13T02:46:25Z
GOOGL,2008-09-29,9.45,10.5,9.44,10.41,434155810,381,423.51,380.71,419.98,10764900,2026-03-13T02:46:25Z
GOOGL,2008-09-30,9.93,10.54,9.73,9.8,355898117,400.52,425.1,392.32,395.4,8824500,2026-03-13T02:46:25Z
GOOGL,2008-10-01,10.21,10.34,9.99,10.19,251542580,411.72,416.98,403.1,411.15,6237000,2026-03-13T02:46:25Z
GOOGL,2008-10-02,9.68,10.16,9.57,10.16,241503037,390.49,409.98,386,409.79,5988100,2026-03-13T02:46:25Z
GOOGL,2008-10-03,9.59,10.23,9.5,9.85,324092979,386.91,412.5,383.07,397.35,8035900,2026-03-13T02:46:25Z
GOOGL,2008-10-06,9.2,9.32,8.86,9.22,452607521,371.21,375.99,357.16,371.79,11222400,2026-03-13T02:46:25Z
GOOGL,2008-10-07,8.58,9.3,8.56,9.26,446007592,346.01,374.98,345.37,373.33,11058800,2026-03-13T02:46:25Z
GOOGL,2008-10-08,8.38,8.9,8.09,8.19,477047039,338.11,358.99,326.11,330.16,11828400,2026-03-13T02:46:25Z
GOOGL,2008-10-09,8.16,8.64,7.98,8.54,326209307,328.98,348.57,321.67,344.52,8088400,2026-03-13T02:46:25Z
GOOGL,2008-10-10,8.23,8.48,7.69,7.76,427526605,332,341.89,310.3,313.16,10600600,2026-03-13T02:46:25Z
GOOGL,2008-10-13,9.45,9.47,8.57,8.82,359249500,381.02,381.95,345.75,355.79,8907600,2026-03-13T02:46:25Z
GOOGL,2008-10-14,8.99,9.78,8.85,9.76,317586233,362.71,394.5,357,393.53,7874600,2026-03-13T02:46:25Z
GOOGL,2008-10-15,8.41,8.9,8.4,8.79,271089974,339.17,359,338.83,354.65,6721700,2026-03-13T02:46:25Z
GOOGL,2008-10-16,8.75,8.84,7.67,8.25,656949868,353.02,356.5,309.44,332.76,16289200,2026-03-13T02:46:25Z
GOOGL,2008-10-17,9.24,9.57,9.01,9.4,574978474,372.54,386,363.55,378.96,14256700,2026-03-13T02:46:25Z
GOOGL,2008-10-20,9.41,9.45,8.92,9.42,272512843,379.32,380.98,359.59,379.75,6757000,2026-03-13T02:46:25Z
GOOGL,2008-10-21,8.99,9.52,8.98,9.23,233440559,362.75,383.78,362,372.45,5788200,2026-03-13T02:46:25Z
GOOGL,2008-10-22,8.82,9.17,8.53,8.87,264734430,355.67,369.69,344,357.78,6564100,2026-03-13T02:46:25Z
GOOGL,2008-10-23,8.74,8.88,8.38,8.72,261358400,352.32,358,337.99,351.84,6480400,2026-03-13T02:46:25Z
GOOGL,2008-10-24,8.41,8.69,8.05,8.09,296791759,339.29,350.47,324.74,326.25,7359000,2026-03-13T02:46:25Z
GOOGL,2008-10-27,8.17,8.51,8.07,8.34,250416014,329.49,343,325.6,336.38,6209100,2026-03-13T02:46:25Z
GOOGL,2008-10-28,9.14,9.16,8.15,8.41,326957237,368.75,369.31,328.51,339.02,8106900,2026-03-13T02:46:25Z
GOOGL,2008-10-29,8.88,9.2,8.74,9.05,393773359,358,371,352.37,364.95,9763600,2026-03-13T02:46:25Z
GOOGL,2008-10-30,8.92,9.22,8.89,9.14,322378185,359.69,372,358.37,368.46,7993400,2026-03-13T02:46:25Z
GOOGL,2008-10-31,8.91,9.22,8.78,8.83,299525819,359.36,371.96,354.27,356.16,7426800,2026-03-13T02:46:25Z
GOOGL,2008-11-03,8.59,9,8.47,8.87,240184691,346.49,362.99,341.43,357.58,5955400,2026-03-13T02:46:25Z
GOOGL,2008-11-04,9.1,9.23,8.57,8.77,296526801,366.94,372.36,345.5,353.49,7352400,2026-03-13T02:46:25Z
GOOGL,2008-11-05,8.49,9.15,8.46,8.98,280284389,342.24,368.88,341.31,362.15,6949700,2026-03-13T02:46:25Z
GOOGL,2008-11-06,8.21,8.54,8.08,8.43,346013345,331.22,344.42,325.81,339.97,8579400,2026-03-13T02:46:25Z
GOOGL,2008-11-07,8.21,8.46,8.07,8.26,189151407,331.14,341.15,325.33,333.12,4690000,2026-03-13T02:46:25Z
GOOGL,2008-11-10,7.9,8.17,7.67,8.16,326575862,318.78,329.44,309.47,329.1,8097500,2026-03-13T02:46:25Z
GOOGL,2008-11-11,7.72,7.84,7.45,7.65,409301685,311.46,316.3,300.52,308.68,10148700,2026-03-13T02:46:25Z
GOOGL,2008-11-12,7.22,7.75,7.13,7.49,405498005,291,312.49,287.76,302,10054400,2026-03-13T02:46:25Z
GOOGL,2008-11-13,7.74,7.76,6.94,7.24,533939913,312.08,313,280,292.16,13239000,2026-03-13T02:46:25Z
GOOGL,2008-11-14,7.69,8.06,7.5,7.52,383881151,310.02,324.99,302.56,303.25,9518400,2026-03-13T02:46:25Z
GOOGL,2008-11-17,7.44,7.69,7.39,7.52,304270002,300.12,310.16,297.95,303.19,7544400,2026-03-13T02:46:25Z
GOOGL,2008-11-18,7.37,7.53,7.08,7.49,336710357,297.42,303.73,285.35,302.03,8348700,2026-03-13T02:46:25Z
GOOGL,2008-11-19,6.95,7.44,6.91,7.32,316255636,280.18,300.19,278.58,295.36,7841600,2026-03-13T02:46:25Z
GOOGL,2008-11-20,6.44,7.02,6.42,6.82,394461993,259.56,282.94,259.04,274.89,9780700,2026-03-13T02:46:25Z
GOOGL,2008-11-21,6.51,6.68,6.13,6.51,413240654,262.43,269.37,247.3,262.51,10246300,2026-03-13T02:46:25Z
GOOGL,2008-11-24,6.38,6.69,6.17,6.68,405708333,257.44,269.95,249.01,269.39,10059500,2026-03-13T02:46:25Z
GOOGL,2008-11-25,6.99,7.11,6.63,6.66,434529850,282.05,286.66,267.32,268.68,10774200,2026-03-13T02:46:25Z
GOOGL,2008-11-26,7.24,7.33,6.85,6.95,256467781,292.09,295.46,276.2,280.28,6359100,2026-03-13T02:46:25Z
GOOGL,2008-11-28,7.26,7.35,7.15,7.21,103499895,292.96,296.45,288.28,290.58,2566300,2026-03-13T02:46:25Z
GOOGL,2008-12-01,6.6,7.13,6.59,7.12,230343827,265.99,287.38,265.98,286.95,5711400,2026-03-13T02:46:25Z
GOOGL,2008-12-02,6.82,6.89,6.51,6.69,235608055,275.11,277.78,262.58,269.9,5841900,2026-03-13T02:46:25Z
GOOGL,2008-12-03,6.93,6.98,6.58,6.69,238217923,279.43,281.36,265.34,269.85,5906600,2026-03-13T02:46:25Z
GOOGL,2008-12-04,6.8,7.03,6.66,6.86,197123274,274.34,283.49,268.77,276.53,4887700,2026-03-13T02:46:25Z
GOOGL,2008-12-05,7.04,7.05,6.55,6.72,263112829,283.99,284.24,264.02,271.02,6523900,2026-03-13T02:46:25Z
GOOGL,2008-12-08,7.49,7.67,6.99,7.19,328504294,302.11,309.44,282,289.99,8145300,2026-03-13T02:46:25Z
GOOGL,2008-12-09,7.59,7.88,7.36,7.38,277946288,305.97,318,297.01,297.69,6891700,2026-03-13T02:46:25Z
GOOGL,2008-12-10,7.66,7.81,7.55,7.67,211316583,308.82,314.9,304.51,309.24,5239600,2026-03-13T02:46:25Z
GOOGL,2008-12-11,7.44,7.76,7.38,7.54,249282638,300.22,312.88,297.8,304.17,6181000,2026-03-13T02:46:25Z
GOOGL,2008-12-12,7.83,7.85,7.29,7.33,230803687,315.76,316.47,294,295.71,5722800,2026-03-13T02:46:25Z
GOOGL,2008-12-15,7.7,7.9,7.57,7.79,271781026,310.67,318.49,305.11,314.01,6738800,2026-03-13T02:46:25Z
GOOGL,2008-12-16,8.07,8.17,7.72,7.8,290377728,325.28,329.5,311.27,314.52,7199900,2026-03-13T02:46:25Z
GOOGL,2008-12-17,7.82,7.99,7.75,7.9,233840755,315.24,322.13,312.42,318.64,5798100,2026-03-13T02:46:25Z
GOOGL,2008-12-18,7.69,7.94,7.67,7.85,192135332,310.28,320.35,309.11,316.7,4764000,2026-03-13T02:46:25Z
GOOGL,2008-12-19,7.69,7.88,7.66,7.71,228679611,310.17,317.79,309,310.99,5670100,2026-03-13T02:46:25Z
GOOGL,2008-12-22,7.37,7.67,7.21,7.65,158072034,297.11,309.5,290.63,308.56,3919400,2026-03-13T02:46:25Z
GOOGL,2008-12-23,7.39,7.52,7.36,7.45,152599440,298.02,303.31,296.67,300.43,3783700,2026-03-13T02:46:25Z
GOOGL,2008-12-24,7.51,7.6,7.4,7.47,77503472,302.95,306.34,298.38,301.48,1921700,2026-03-13T02:46:25Z
GOOGL,2008-12-26,7.45,7.57,7.4,7.54,79092832,300.36,305.26,298.31,304.07,1961100,2026-03-13T02:46:25Z
GOOGL,2008-12-29,7.37,7.47,7.23,7.44,149308927,297.42,301.38,291.58,300.22,3702100,2026-03-13T02:46:25Z
GOOGL,2008-12-30,7.52,7.61,7.41,7.46,155082893,303.11,306.81,298.71,300.8,3845300,2026-03-13T02:46:25Z
GOOGL,2008-12-31,7.63,7.71,7.5,7.54,116445800,307.65,311,302.61,304.2,2887300,2026-03-13T02:46:25Z
GOOGL,2009-01-02,7.97,7.98,7.58,7.65,145895053,321.32,321.82,305.5,308.6,3617500,2026-03-13T02:46:25Z
GOOGL,2009-01-05,8.13,8.21,7.81,7.96,197256276,328.05,331.24,315,321,4891000,2026-03-13T02:46:25Z
GOOGL,2009-01-06,8.28,8.45,8.09,8.26,259197975,334.06,340.8,326.39,332.98,6426800,2026-03-13T02:46:25Z
GOOGL,2009-01-07,7.98,8.21,7.9,8.14,181294314,322.01,330.91,318.75,328.32,4495200,2026-03-13T02:46:25Z
GOOGL,2009-01-08,8.06,8.06,7.87,7.89,145245869,325.19,325.19,317.34,318.28,3601400,2026-03-13T02:46:25Z
GOOGL,2009-01-09,7.81,8.12,7.77,8.12,175075856,315.07,327.5,313.4,327.5,4341000,2026-03-13T02:46:25Z
GOOGL,2009-01-12,7.75,7.91,7.69,7.84,133284902,312.69,318.95,310.23,316.31,3304800,2026-03-13T02:46:25Z
GOOGL,2009-01-13,7.79,7.95,7.7,7.73,178809425,314.32,320.6,310.39,311.77,4433600,2026-03-13T02:46:25Z
GOOGL,2009-01-14,7.46,7.78,7.38,7.69,224936485,300.97,313.8,297.75,310,5577300,2026-03-13T02:46:25Z
GOOGL,2009-01-15,7.41,7.53,7.11,7.38,239415428,298.99,303.58,286.79,297.57,5936300,2026-03-13T02:46:25Z
GOOGL,2009-01-16,7.43,7.64,7.33,7.56,210763327,299.67,308.25,295.7,305.02,5225900,2026-03-13T02:46:25Z
GOOGL,2009-01-20,7.01,7.43,7.01,7.42,203668230,282.75,299.5,282.75,299.14,5050000,2026-03-13T02:46:25Z
GOOGL,2009-01-21,7.51,7.53,7.15,7.15,198728745,303.08,303.5,288.35,288.35,4927500,2026-03-13T02:46:25Z
GOOGL,2009-01-22,7.6,7.67,7.32,7.39,333384344,306.5,309.35,295.15,298.04,8266300,2026-03-13T02:46:25Z
GOOGL,2009-01-23,8.05,8.23,7.54,7.67,432854046,324.7,331.96,304.22,309.27,10732700,2026-03-13T02:46:25Z
GOOGL,2009-01-26,8.03,8.13,7.95,8.05,185985217,323.87,328,320.56,324.85,4611500,2026-03-13T02:46:25Z
GOOGL,2009-01-27,8.22,8.28,8.04,8.09,198808944,331.48,333.87,324.27,326.45,4929500,2026-03-13T02:46:25Z
GOOGL,2009-01-28,8.65,8.74,8.34,8.38,310273021,348.67,352.33,336.31,337.98,7693200,2026-03-13T02:46:25Z
GOOGL,2009-01-29,8.51,8.56,8.43,8.54,293781669,343.32,345.05,340.11,344.54,7284300,2026-03-13T02:46:25Z
GOOGL,2009-01-30,8.39,8.65,8.33,8.55,188489627,338.53,348.8,336,344.69,4673600,2026-03-13T02:46:25Z
GOOGL,2009-02-02,8.44,8.55,8.23,8.29,209997563,340.57,345,332,334.29,5206900,2026-03-13T02:46:25Z
GOOGL,2009-02-03,8.44,8.51,8.28,8.49,264634228,340.45,343,333.83,342.57,6561600,2026-03-13T02:46:25Z
GOOGL,2009-02-04,8.5,8.79,8.41,8.43,274966260,343,354.44,339.17,340.07,6817800,2026-03-13T02:46:25Z
GOOGL,2009-02-05,8.77,8.81,8.36,8.45,293010287,353.72,355.38,337,340.91,7265200,2026-03-13T02:46:25Z
GOOGL,2009-02-06,9.21,9.27,8.81,8.84,283996370,371.28,373.81,355.44,356.46,7041700,2026-03-13T02:46:25Z
GOOGL,2009-02-09,9.39,9.45,9.11,9.21,200974982,378.77,381,367.3,371.28,4983200,2026-03-13T02:46:25Z
GOOGL,2009-02-10,8.89,9.36,8.87,9.32,286582129,358.51,377.5,357.89,375.98,7105800,2026-03-13T02:46:25Z
GOOGL,2009-02-11,8.88,9.05,8.75,8.9,211010333,358.04,365,353,358.95,5232000,2026-03-13T02:46:25Z
GOOGL,2009-02-12,9,9.02,8.71,8.76,223887262,363.05,363.62,351.48,353.16,5551300,2026-03-13T02:46:25Z
GOOGL,2009-02-13,8.87,9,8.81,8.98,167255040,357.68,362.99,355.23,362.19,4147100,2026-03-13T02:46:25Z
GOOGL,2009-02-17,8.5,8.61,8.42,8.59,229105453,342.66,347.09,339.69,346.51,5680700,2026-03-13T02:46:25Z
GOOGL,2009-02-18,8.76,8.76,8.44,8.61,243029178,353.11,353.38,340.52,347.24,6025900,2026-03-13T02:46:25Z
GOOGL,2009-02-19,8.5,8.92,8.46,8.86,201229113,342.64,359.8,341.41,357.47,4989500,2026-03-13T02:46:25Z
GOOGL,2009-02-20,8.59,8.65,8.31,8.38,250783783,346.45,348.92,335,338.05,6218200,2026-03-13T02:46:25Z
GOOGL,2009-02-23,8.18,8.67,8.17,8.65,210544886,330.06,349.8,329.55,348.72,5220500,2026-03-13T02:46:25Z
GOOGL,2009-02-24,8.57,8.67,8.2,8.21,246093445,345.45,349.62,330.89,331.04,6101900,2026-03-13T02:46:25Z
GOOGL,2009-02-25,8.47,8.73,8.4,8.48,259756931,341.64,352.3,338.92,342.15,6440700,2026-03-13T02:46:25Z
GOOGL,2009-02-26,8.36,8.74,8.36,8.58,226161927,337.18,352.49,337.16,345.96,5607700,2026-03-13T02:46:25Z
GOOGL,2009-02-27,8.38,8.53,8.21,8.26,218625012,337.99,343.82,331.11,332.95,5420800,2026-03-13T02:46:25Z
GOOGL,2009-03-02,8.11,8.45,8.08,8.27,233496744,327.16,340.7,326,333.33,5789600,2026-03-13T02:46:25Z
GOOGL,2009-03-03,8.07,8.27,7.99,8.18,263124858,325.48,333.69,322.35,330.07,6524200,2026-03-13T02:46:25Z
GOOGL,2009-03-04,7.91,8.16,7.82,8.01,315391057,318.92,329,315.38,323.16,7820100,2026-03-13T02:46:25Z
GOOGL,2009-03-05,7.58,7.91,7.5,7.85,263381783,305.64,319.08,302.64,316.48,6530600,2026-03-13T02:46:25Z
GOOGL,2009-03-06,7.65,7.69,7.3,7.62,291911496,308.57,310.19,294.25,307.22,7238000,2026-03-13T02:46:25Z
GOOGL,2009-03-09,7.21,7.6,7.18,7.44,279470391,290.89,306.57,289.45,299.98,6929500,2026-03-13T02:46:25Z
GOOGL,2009-03-10,7.64,7.7,7.3,7.39,271495136,308.17,310.5,294.25,298.25,6731700,2026-03-13T02:46:25Z
GOOGL,2009-03-11,7.88,7.93,7.58,7.69,239029880,317.91,320,305.71,310.1,5926800,2026-03-13T02:46:25Z
GOOGL,2009-03-12,8.02,8.06,7.78,7.87,202713633,323.53,325,313.65,317.54,5026300,2026-03-13T02:46:25Z
GOOGL,2009-03-13,8.04,8.12,7.91,8.09,157596187,324.42,327.46,319.03,326.1,3907600,2026-03-13T02:46:25Z
GOOGL,2009-03-16,7.93,8.18,7.9,8.08,199523178,319.69,329.73,318.59,325.99,4947200,2026-03-13T02:46:25Z
GOOGL,2009-03-17,8.31,8.31,7.91,7.94,190186506,335.34,335.34,319.09,320.18,4715700,2026-03-13T02:46:25Z
GOOGL,2009-03-18,8.26,8.43,8.13,8.3,202202415,333.1,340,328.05,334.81,5013600,2026-03-13T02:46:25Z
GOOGL,2009-03-19,8.18,8.33,8.12,8.22,165814933,329.94,336,327.38,331.68,4111400,2026-03-13T02:46:25Z
GOOGL,2009-03-20,8.19,8.26,8.09,8.19,191107466,330.16,332.99,326.34,330.3,4738500,2026-03-13T02:46:25Z
GOOGL,2009-03-23,8.64,8.66,8.26,8.27,172291535,348.6,349.45,333.03,333.56,4272000,2026-03-13T02:46:25Z
GOOGL,2009-03-24,8.61,8.77,8.53,8.59,154134662,347.17,353.84,344,346.5,3821800,2026-03-13T02:46:25Z
GOOGL,2009-03-25,8.53,8.71,8.34,8.69,174917627,344.07,351.34,336.25,350.4,4337100,2026-03-13T02:46:25Z
GOOGL,2009-03-26,8.76,8.9,8.64,8.76,242173136,353.29,359.16,348.5,353.13,6004700,2026-03-13T02:46:25Z
GOOGL,2009-03-27,8.62,8.73,8.57,8.68,134035435,347.7,352,345.47,350.24,3323400,2026-03-13T02:46:25Z
GOOGL,2009-03-30,8.5,8.53,8.33,8.49,124891342,342.69,343.81,336.05,342.55,3096700,2026-03-13T02:46:25Z
GOOGL,2009-03-31,8.63,8.77,8.58,8.65,147544977,348.06,353.51,346.18,348.93,3658400,2026-03-13T02:46:25Z
GOOGL,2009-04-01,8.78,8.81,8.45,8.52,133212500,354.09,355.24,340.61,343.78,3303000,2026-03-13T02:46:25Z
GOOGL,2009-04-02,8.99,9.17,8.93,9.01,181056410,362.5,369.76,360.32,363.31,4489300,2026-03-13T02:46:25Z
GOOGL,2009-04-03,9.17,9.22,8.88,9.04,152841213,369.78,371.72,358,364.5,3789700,2026-03-13T02:46:25Z
GOOGL,2009-04-06,9.13,9.17,8.96,9.1,132353474,368.24,369.82,361.4,367,3281700,2026-03-13T02:46:25Z
GOOGL,2009-04-07,8.89,9.02,8.81,8.99,148473085,358.65,363.75,355.31,362.6,3681400,2026-03-13T02:46:25Z
GOOGL,2009-04-08,8.98,9.05,8.83,9.01,111518340,362,365,356.21,363.5,2765100,2026-03-13T02:46:25Z
GOOGL,2009-04-09,9.24,9.28,9.08,9.16,136441908,372.5,374.35,366.25,369.5,3383100,2026-03-13T02:46:25Z
GOOGL,2009-04-13,9.38,9.4,9.18,9.21,123008482,378.11,379.1,370.3,371.33,3050000,2026-03-13T02:46:25Z
GOOGL,2009-04-14,9.15,9.35,9.06,9.35,138305718,368.91,376.99,365.6,376.94,3429300,2026-03-13T02:46:25Z
GOOGL,2009-04-15,9.41,9.45,9.03,9.1,199032108,379.5,381.06,364.16,367.1,4935000,2026-03-13T02:46:25Z
GOOGL,2009-04-16,9.64,9.74,9.45,9.46,410768677,388.74,392.9,381.02,381.5,10185000,2026-03-13T02:46:25Z
GOOGL,2009-04-17,9.73,9.91,9.54,9.57,432945722,392.24,399.82,384.81,386.02,10734900,2026-03-13T02:46:25Z
GOOGL,2009-04-20,9.4,9.69,9.32,9.57,178643802,379.3,390.65,375.89,386.15,4429500,2026-03-13T02:46:25Z
GOOGL,2009-04-21,9.46,9.53,9.32,9.33,149114721,381.47,384.3,376.1,376.17,3697300,2026-03-13T02:46:25Z
GOOGL,2009-04-22,9.52,9.67,9.4,9.47,141302807,383.86,390,379.01,381.75,3503600,2026-03-13T02:46:25Z
GOOGL,2009-04-23,9.54,9.66,9.45,9.61,105310876,384.69,389.75,381.11,387.51,2611200,2026-03-13T02:46:25Z
GOOGL,2009-04-24,9.66,9.75,9.43,9.57,136563173,389.49,393.18,380.5,386.05,3386100,2026-03-13T02:46:25Z
GOOGL,2009-04-27,9.57,9.66,9.49,9.53,92401493,385.95,389.49,382.75,384.34,2291100,2026-03-13T02:46:25Z
GOOGL,2009-04-28,9.51,9.65,9.46,9.52,118720755,383.71,389.05,381.54,383.75,2943700,2026-03-13T02:46:25Z
GOOGL,2009-04-29,9.71,9.79,9.57,9.57,145597129,391.47,394.97,385.83,385.97,3610100,2026-03-13T02:46:25Z
GOOGL,2009-04-30,9.82,10.01,9.79,9.81,175880891,395.97,403.75,394.8,395.76,4361000,2026-03-13T02:46:25Z
GOOGL,2009-05-01,9.76,9.86,9.71,9.79,97947108,393.69,397.59,391.55,395.03,2428600,2026-03-13T02:46:25Z
GOOGL,2009-05-04,9.97,9.98,9.79,9.87,129251783,401.98,402.4,394.79,398.17,3204800,2026-03-13T02:46:25Z
GOOGL,2009-05-05,9.99,10.04,9.85,9.92,96833905,402.99,405,397.25,399.98,2401000,2026-03-13T02:46:25Z
GOOGL,2009-05-06,10,10.12,9.94,10.09,106218871,403.47,408.28,401,406.89,2633700,2026-03-13T02:46:25Z
GOOGL,2009-05-07,9.83,10.04,9.73,10.02,121020320,396.61,404.99,392.5,404.1,3000700,2026-03-13T02:46:25Z
GOOGL,2009-05-08,10.1,10.17,9.79,9.99,155898327,407.33,410.13,395,402.85,3865500,2026-03-13T02:46:25Z
GOOGL,2009-05-11,10.12,10.22,9.95,9.99,103274485,407.98,412,401.2,402.8,2560700,2026-03-13T02:46:25Z
GOOGL,2009-05-12,9.89,10.19,9.8,10.17,153111541,399.01,410.99,395.11,410.01,3796400,2026-03-13T02:46:25Z
GOOGL,2009-05-13,9.66,9.83,9.63,9.77,115034624,389.54,396.39,388.35,394.14,2852300,2026-03-13T02:46:25Z
GOOGL,2009-05-14,9.61,9.72,9.54,9.64,118487133,387.5,392.21,384.69,388.8,2937900,2026-03-13T02:46:25Z
GOOGL,2009-05-15,9.67,9.77,9.65,9.7,121669053,390,394.11,389.09,391.1,3016800,2026-03-13T02:46:25Z
GOOGL,2009-05-18,9.84,9.85,9.56,9.79,135187825,396.84,397.31,385.4,394.73,3352000,2026-03-13T02:46:25Z
GOOGL,2009-05-19,9.89,9.96,9.74,9.82,114449678,398.88,401.64,393,396.1,2837800,2026-03-13T02:46:25Z
GOOGL,2009-05-20,9.85,10.06,9.79,9.97,92119171,397.18,405.67,395,402.09,2284100,2026-03-13T02:46:25Z
GOOGL,2009-05-21,9.83,9.99,9.77,9.83,109711843,396.5,402.84,393.84,396.3,2720300,2026-03-13T02:46:25Z
GOOGL,2009-05-22,9.76,9.88,9.72,9.84,69319946,393.5,398.65,392,396.66,1718800,2026-03-13T02:46:25Z
GOOGL,2009-05-26,10.03,10.04,9.67,9.72,125214832,404.36,405,390,391.95,3104700,2026-03-13T02:46:25Z
GOOGL,2009-05-27,10.06,10.21,10.04,10.06,122435487,405.56,411.86,404.81,405.64,3035800,2026-03-13T02:46:25Z
GOOGL,2009-05-28,10.18,10.21,10.03,10.13,107638298,410.4,411.62,404.61,408.68,2668900,2026-03-13T02:46:25Z
GOOGL,2009-05-29,10.35,10.35,10.18,10.22,106851861,417.23,417.23,410.7,412.11,2649400,2026-03-13T02:46:25Z
GOOGL,2009-06-01,10.58,10.65,10.38,10.48,134034512,426.56,429.6,418.53,422.56,3323400,2026-03-13T02:46:25Z
GOOGL,2009-06-02,10.62,10.66,10.5,10.57,105908232,428.4,429.96,423.4,426.25,2626000,2026-03-13T02:46:25Z
GOOGL,2009-06-03,10.7,10.72,10.51,10.56,142589381,431.65,432.46,424,426,3535500,2026-03-13T02:46:25Z
GOOGL,2009-06-04,10.92,10.94,10.77,10.79,146778830,440.28,441.24,434.5,435.3,3639400,2026-03-13T02:46:25Z
GOOGL,2009-06-05,11.02,11.09,10.9,11.04,148457540,444.32,447.34,439.46,445.07,3681000,2026-03-13T02:46:25Z
GOOGL,2009-06-08,10.88,10.93,10.76,10.91,124980289,438.77,440.92,434.12,440.08,3098900,2026-03-13T02:46:25Z
GOOGL,2009-06-09,10.8,10.92,10.71,10.88,131312735,435.62,440.5,431.76,438.58,3255900,2026-03-13T02:46:25Z
GOOGL,2009-06-10,10.73,10.86,10.58,10.82,135463002,432.6,437.89,426.67,436.23,3358800,2026-03-13T02:46:25Z
GOOGL,2009-06-11,10.64,10.75,10.62,10.71,115587327,429,433.73,428.37,431.77,2866000,2026-03-13T02:46:25Z
GOOGL,2009-06-12,10.53,10.61,10.44,10.6,117701233,424.84,427.7,421.21,427.5,2918400,2026-03-13T02:46:25Z
GOOGL,2009-06-15,10.33,10.45,10.27,10.45,150723383,416.77,421.5,414,421.5,3737200,2026-03-13T02:46:25Z
GOOGL,2009-06-16,10.31,10.44,10.3,10.4,123016974,416,421.09,415.42,419.31,3050200,2026-03-13T02:46:25Z
GOOGL,2009-06-17,10.29,10.41,10.21,10.32,140790382,415.16,419.72,411.56,416.19,3490900,2026-03-13T02:46:25Z
GOOGL,2009-06-18,10.27,10.38,10.24,10.31,124525305,414.06,418.69,413,415.68,3087600,2026-03-13T02:46:25Z
GOOGL,2009-06-19,10.42,10.43,10.28,10.37,171848859,420.09,420.46,414.58,418.21,4261000,2026-03-13T02:46:25Z
GOOGL,2009-06-22,10.1,10.35,9.96,10.34,166335839,407.35,417.49,401.89,417,4124300,2026-03-13T02:46:25Z
GOOGL,2009-06-23,10.06,10.14,9.98,10.08,116946221,405.68,408.99,402.55,406.65,2899700,2026-03-13T02:46:25Z
GOOGL,2009-06-24,10.15,10.22,10.08,10.13,99128803,409.29,412.23,406.56,408.74,2457900,2026-03-13T02:46:25Z
GOOGL,2009-06-25,10.31,10.31,10.08,10.09,122814688,415.77,415.9,406.51,407,3045200,2026-03-13T02:46:25Z
GOOGL,2009-06-26,10.55,10.62,10.24,10.26,131373382,425.32,428.23,413.11,413.68,3257400,2026-03-13T02:46:25Z
GOOGL,2009-06-29,10.52,10.61,10.47,10.56,87497081,424.14,427.8,422.24,426,2169500,2026-03-13T02:46:25Z
GOOGL,2009-06-30,10.45,10.59,10.37,10.51,104641797,421.59,427.21,418.22,424,2594600,2026-03-13T02:46:25Z
GOOGL,2009-07-01,10.39,10.57,10.37,10.52,93192246,418.99,426.4,418.15,424.2,2310700,2026-03-13T02:46:25Z
GOOGL,2009-07-02,10.13,10.3,10.09,10.3,101536195,408.49,415.41,406.81,415.41,2517600,2026-03-13T02:46:25Z
GOOGL,2009-07-06,10.16,10.18,9.96,10.08,91247603,409.61,410.64,401.66,406.5,2262500,2026-03-13T02:46:25Z
GOOGL,2009-07-07,9.83,10.15,9.82,10.12,131490089,396.63,409.19,395.98,408.27,3260300,2026-03-13T02:46:25Z
GOOGL,2009-07-08,9.98,10.07,9.87,9.92,138810082,402.49,406,398.06,400,3441800,2026-03-13T02:46:25Z
GOOGL,2009-07-09,10.18,10.28,10.06,10.07,132114949,410.39,414.45,405.8,406.12,3275800,2026-03-13T02:46:25Z
GOOGL,2009-07-10,10.28,10.35,10.13,10.16,118148234,414.4,417.37,408.7,409.58,2929500,2026-03-13T02:46:25Z
GOOGL,2009-07-13,10.52,10.53,10.29,10.32,163202546,424.3,424.52,415.18,416.17,4046600,2026-03-13T02:46:25Z
GOOGL,2009-07-14,10.53,10.58,10.44,10.51,116813177,424.69,426.73,420.87,423.71,2896400,2026-03-13T02:46:25Z
GOOGL,2009-07-15,10.86,10.88,10.62,10.65,152421508,438.17,438.68,428.49,429.66,3779300,2026-03-13T02:46:25Z
GOOGL,2009-07-16,10.97,11.05,10.76,10.83,264342810,442.6,445.75,434.1,436.68,6554400,2026-03-13T02:46:25Z
GOOGL,2009-07-17,10.67,10.8,10.58,10.74,276454866,430.25,435.48,426.7,433,6854700,2026-03-13T02:46:25Z
GOOGL,2009-07-20,10.67,10.73,10.57,10.66,127203247,430.17,432.85,426.25,429.88,3154000,2026-03-13T02:46:25Z
GOOGL,2009-07-21,10.61,10.71,10.56,10.69,119745698,427.9,431.9,425.72,430.94,2969100,2026-03-13T02:46:25Z
GOOGL,2009-07-22,10.6,10.67,10.5,10.61,104330759,427.69,430.2,423.5,428,2586900,2026-03-13T02:46:25Z
GOOGL,2009-07-23,10.84,10.94,10.55,10.63,140321946,437.34,441.21,425.5,428.68,3479300,2026-03-13T02:46:25Z
GOOGL,2009-07-24,11.08,11.17,10.79,10.81,146375260,446.72,450.49,435,435.81,3629400,2026-03-13T02:46:25Z
GOOGL,2009-07-27,11.03,11.08,10.85,11.06,101040673,444.8,446.75,437.61,446.04,2505300,2026-03-13T02:46:25Z
GOOGL,2009-07-28,10.91,10.98,10.81,10.94,102479674,439.85,442.81,436.1,441,2541000,2026-03-13T02:46:25Z
GOOGL,2009-07-29,10.82,10.86,10.71,10.84,80144975,436.24,437.8,431.89,437.23,1987200,2026-03-13T02:46:25Z
GOOGL,2009-07-30,11.05,11.19,10.97,10.97,129077791,445.64,451.47,442.61,442.61,3200500,2026-03-13T02:46:25Z
GOOGL,2009-07-31,10.99,11.22,10.97,11.16,115406057,443.05,452.7,442.43,449.98,2861500,2026-03-13T02:46:25Z
GOOGL,2009-08-03,11.21,11.26,11.1,11.13,104500873,452.21,453.9,447.64,448.74,2591100,2026-03-13T02:46:25Z
GOOGL,2009-08-04,11.25,11.26,11.12,11.14,96390266,453.73,454,448.43,449.37,2390000,2026-03-13T02:46:25Z
GOOGL,2009-08-05,11.19,11.33,11.11,11.31,94462730,451.14,456.91,447.88,456,2342200,2026-03-13T02:46:25Z
GOOGL,2009-08-06,11.17,11.28,11.12,11.26,85150046,450.36,454.88,448.53,454.3,2111300,2026-03-13T02:46:25Z
GOOGL,2009-08-07,11.33,11.39,11.28,11.3,102573049,457.1,459.42,454.99,455.67,2543300,2026-03-13T02:46:25Z
GOOGL,2009-08-10,11.32,11.37,11.25,11.29,70252035,456.61,458.41,453.79,455.14,1741900,2026-03-13T02:46:25Z
GOOGL,2009-08-11,11.26,11.34,11.22,11.25,69150688,453.94,457.23,452.38,453.67,1714600,2026-03-13T02:46:25Z
GOOGL,2009-08-12,11.37,11.45,11.28,11.29,94442355,458.58,461.75,454.92,455.41,2341700,2026-03-13T02:46:25Z
GOOGL,2009-08-13,11.46,11.52,11.38,11.46,80483491,462.28,464.72,458.91,462.15,1995600,2026-03-13T02:46:25Z
GOOGL,2009-08-14,11.41,11.48,11.33,11.47,67614441,460,463.18,456.89,462.78,1676500,2026-03-13T02:46:25Z
GOOGL,2009-08-17,11.03,11.21,10.99,11.2,105678536,444.89,451.99,443.12,451.5,2620300,2026-03-13T02:46:25Z
GOOGL,2009-08-18,11.04,11.1,10.97,11.04,95075769,445.28,447.7,442.32,445.1,2357400,2026-03-13T02:46:25Z
GOOGL,2009-08-19,11.01,11.03,10.87,10.91,91147296,443.97,445,438.56,439.99,2260000,2026-03-13T02:46:25Z
GOOGL,2009-08-20,11.42,11.46,11.19,11.21,161419849,460.41,462.18,451.23,452,4002400,2026-03-13T02:46:25Z
GOOGL,2009-08-21,11.54,11.56,11.47,11.54,143749826,465.24,466.09,462.65,465.54,3564300,2026-03-13T02:46:25Z
GOOGL,2009-08-24,11.62,11.66,11.52,11.59,99185407,468.73,470.09,464.42,467.35,2459300,2026-03-13T02:46:25Z
GOOGL,2009-08-25,11.69,11.76,11.62,11.63,94494601,471.37,474.35,468.72,469.13,2343000,2026-03-13T02:46:25Z
GOOGL,2009-08-26,11.6,11.73,11.57,11.72,80193309,468,473,466.7,472.76,1988400,2026-03-13T02:46:25Z
GOOGL,2009-08-27,11.56,11.62,11.42,11.62,80661130,466.06,468.58,460.73,468.58,2000000,2026-03-13T02:46:25Z
GOOGL,2009-08-28,11.52,11.71,11.49,11.63,71457499,464.75,472.37,463.38,469.26,1771800,2026-03-13T02:46:25Z
GOOGL,2009-08-31,11.45,11.45,11.36,11.4,78963204,461.67,461.86,458,459.79,1957900,2026-03-13T02:46:25Z
GOOGL,2009-09-01,11.3,11.57,11.27,11.4,104657912,455.76,466.82,454.42,459.68,2595000,2026-03-13T02:46:25Z
GOOGL,2009-09-02,11.23,11.36,11.22,11.3,72856995,453.01,458.33,452.59,455.82,1806500,2026-03-13T02:46:25Z
GOOGL,2009-09-03,11.34,11.36,11.28,11.3,66396498,457.52,458.25,455,455.82,1646300,2026-03-13T02:46:25Z
GOOGL,2009-09-04,11.44,11.47,11.3,11.35,60487650,461.3,462.6,455.78,457.57,1499800,2026-03-13T02:46:25Z
GOOGL,2009-09-08,11.37,11.58,11.3,11.51,107142410,458.62,466.99,455.84,464.29,2656600,2026-03-13T02:46:25Z
GOOGL,2009-09-09,11.5,11.56,11.38,11.38,88541937,463.97,466.27,458.8,459.06,2195400,2026-03-13T02:46:25Z
GOOGL,2009-09-10,11.68,11.68,11.46,11.57,102250087,470.94,470.94,462,466.65,2535300,2026-03-13T02:46:25Z
GOOGL,2009-09-11,11.71,11.74,11.6,11.66,76741353,472.14,473.3,467.63,470.4,1902800,2026-03-13T02:46:25Z
GOOGL,2009-09-14,11.78,11.82,11.65,11.67,79758021,475.12,476.8,470.05,470.51,1977600,2026-03-13T02:46:25Z
GOOGL,2009-09-15,11.84,11.88,11.72,11.8,96737281,477.54,478.91,472.71,476.01,2398600,2026-03-13T02:46:25Z
GOOGL,2009-09-16,12.11,12.13,11.86,11.9,104347659,488.29,489.37,478.48,479.8,2587300,2026-03-13T02:46:25Z
GOOGL,2009-09-17,12.19,12.33,12.08,12.16,180818686,491.72,497.37,487.15,490.57,4483400,2026-03-13T02:46:25Z
GOOGL,2009-09-18,12.19,12.32,12.18,12.32,132453597,491.46,496.98,491.23,496.77,3284200,2026-03-13T02:46:25Z
GOOGL,2009-09-21,12.32,12.37,12.06,12.09,85399692,497,498.9,486.22,487.74,2117500,2026-03-13T02:46:25Z
GOOGL,2009-09-22,12.37,12.45,12.34,12.42,122677887,499.06,501.99,497.81,500.92,3041800,2026-03-13T02:46:25Z
GOOGL,2009-09-23,12.36,12.57,12.34,12.42,109077700,498.46,507,497.71,500.78,2704600,2026-03-13T02:46:25Z
GOOGL,2009-09-24,12.32,12.43,12.22,12.41,101979932,496.77,501.41,493,500.47,2528600,2026-03-13T02:46:25Z
GOOGL,2009-09-25,12.21,12.4,12.2,12.3,82758227,492.48,499.93,492,495.91,2052000,2026-03-13T02:46:25Z
GOOGL,2009-09-28,12.36,12.44,12.23,12.27,74333536,498.53,501.5,493.3,494.84,1843100,2026-03-13T02:46:25Z
GOOGL,2009-09-29,12.36,12.39,12.22,12.39,84666265,498.53,499.75,493.01,499.53,2099300,2026-03-13T02:46:25Z
GOOGL,2009-09-30,12.29,12.4,12.08,12.4,126706500,495.85,500.14,487.24,500,3141700,2026-03-13T02:46:25Z
GOOGL,2009-10-01,12.08,12.31,12.07,12.22,113578631,487.2,496.47,487,493,2816200,2026-03-13T02:46:25Z
