ticker,tradeDate,clsPx,hiPx,loPx,open,stockVolume,unadjClsPx,unadjHiPx,unadjLoPx,unadjOpen,unadjStockVolume,updatedAt
GS,2006-01-03,93.36,93.78,90,91.79,8542459,128.87,129.44,124.23,126.7,6188700,2026-03-06T03:46:34Z
GS,2006-01-04,92.07,93.39,91.56,92.26,6711170,127.09,128.91,126.38,127.35,4862000,2026-03-06T03:46:34Z
GS,2006-01-05,92.04,92.24,91,91.28,5131242,127.04,127.32,125.61,126,3717400,2026-03-06T03:46:34Z
GS,2006-01-06,93.34,93.64,92.22,92.22,5962480,128.84,129.25,127.29,127.29,4319600,2026-03-06T03:46:34Z
GS,2006-01-09,94.46,94.63,92.73,93.09,6519996,130.39,130.62,128,128.5,4723500,2026-03-06T03:46:34Z
GS,2006-01-10,95.65,96.32,94.19,94.22,7646762,132.03,132.95,130.02,130.05,5539800,2026-03-06T03:46:34Z
GS,2006-01-11,95.61,96.93,95.21,95.23,6448078,131.97,133.8,131.42,131.45,4671400,2026-03-06T03:46:34Z
GS,2006-01-12,95.81,96.51,95.18,95.19,5142425,132.25,133.21,131.38,131.4,3725500,2026-03-06T03:46:34Z
GS,2006-01-13,96.54,96.83,95.56,95.64,3995922,133.26,133.66,131.9,132.02,2894900,2026-03-06T03:46:34Z
GS,2006-01-17,96.06,96.45,94.61,94.91,5003151,132.59,133.13,130.59,131,3624600,2026-03-06T03:46:34Z
GS,2006-01-18,95.9,96.12,94.91,94.95,5942876,132.37,132.68,131.01,131.06,4305400,2026-03-06T03:46:34Z
GS,2006-01-19,96.95,97.67,96.14,96.15,6930232,133.82,134.82,132.71,132.72,5020700,2026-03-06T03:46:34Z
GS,2006-01-20,95.4,97.3,95.26,96.42,7825776,131.44,134.06,131.25,132.85,5680100,2026-03-06T03:46:34Z
GS,2006-01-23,96.44,97.39,95.55,95.55,5303524,132.87,134.18,131.64,131.64,3849400,2026-03-06T03:46:34Z
GS,2006-01-24,96.53,97.33,96.06,96.27,5177595,133,134.09,132.34,132.63,3758000,2026-03-06T03:46:34Z
GS,2006-01-25,96.94,97.29,96.14,97.01,5153482,133.56,134.04,132.46,133.65,3740500,2026-03-06T03:46:34Z
GS,2006-01-26,99.73,100.42,96.54,96.54,6624511,137.4,138.36,133.01,133.01,4808200,2026-03-06T03:46:34Z
GS,2006-01-27,100.85,101.43,99.51,100.11,5081013,138.94,139.75,137.1,137.93,3687900,2026-03-06T03:46:34Z
GS,2006-01-30,101.52,102.08,100.68,101.29,4364582,139.87,140.64,138.71,139.55,3167900,2026-03-06T03:46:34Z
GS,2006-01-31,102.52,102.97,100.49,101.42,6762149,141.25,141.86,138.45,139.73,4908100,2026-03-06T03:46:34Z
GS,2006-02-01,102.86,103.76,101.93,102.63,5015708,141.71,142.95,140.43,141.4,3640500,2026-03-06T03:46:34Z
GS,2006-02-02,103.44,104.35,102.63,103.26,5112841,142.52,143.77,141.4,142.27,3711000,2026-03-06T03:46:34Z
GS,2006-02-03,103.6,103.88,102.12,102.74,5805712,142.74,143.12,140.7,141.55,4213900,2026-03-06T03:46:34Z
GS,2006-02-06,103.66,104.59,102.78,103.51,5303382,142.82,144.1,141.6,142.61,3849300,2026-03-06T03:46:34Z
GS,2006-02-07,101.24,104.02,101.24,103.32,7174924,139.48,143.31,139.48,142.35,5207700,2026-03-06T03:46:34Z
GS,2006-02-08,102.44,103.02,101.12,101.69,6174259,141.14,141.93,139.32,140.1,4481400,2026-03-06T03:46:34Z
GS,2006-02-09,102.23,103.68,101.97,102.44,4215234,140.85,142.85,140.49,141.14,3059500,2026-03-06T03:46:34Z
GS,2006-02-10,102.2,102.96,100.02,102.1,6107713,140.81,141.85,137.8,140.67,4433100,2026-03-06T03:46:34Z
GS,2006-02-13,101.36,102.92,101,101.36,2969332,139.65,141.8,139.15,139.65,2155200,2026-03-06T03:46:34Z
GS,2006-02-14,102.91,103.3,100.72,102.49,4137529,141.78,142.32,138.77,141.2,3003100,2026-03-06T03:46:34Z
GS,2006-02-15,105.35,105.61,102.63,103.07,5966632,145.14,145.5,141.4,142,4330700,2026-03-06T03:46:34Z
GS,2006-02-16,105.9,106.22,104.67,106.04,3923150,145.9,146.35,144.21,146.1,2847500,2026-03-06T03:46:34Z
GS,2006-02-17,105.64,106.13,104.56,106.11,3316525,145.54,146.22,144.06,146.19,2407200,2026-03-06T03:46:34Z
GS,2006-02-21,104.12,105.79,103.8,105.65,3499217,143.45,145.75,143.01,145.56,2539800,2026-03-06T03:46:34Z
GS,2006-02-22,105.63,105.63,103.96,104.12,3684387,145.53,145.53,143.23,143.45,2674200,2026-03-06T03:46:34Z
GS,2006-02-23,104.49,105.69,104.37,105.69,3461603,143.96,145.61,143.79,145.61,2512500,2026-03-06T03:46:34Z
GS,2006-02-24,104.63,105.53,103.83,103.83,3189083,144.16,145.4,143.05,143.05,2314700,2026-03-06T03:46:34Z
GS,2006-02-27,104.39,105.42,104.04,105.11,3144306,143.82,145.25,143.34,144.81,2282200,2026-03-06T03:46:34Z
GS,2006-02-28,102.55,104.63,102.42,104.23,5389353,141.29,144.16,141.11,143.6,3911700,2026-03-06T03:46:34Z
GS,2006-03-01,103.9,104.33,102.75,103.05,4089031,143.15,143.74,141.56,141.98,2967900,2026-03-06T03:46:34Z
GS,2006-03-02,104.52,105.14,103.24,103.84,3998652,144,144.86,142.24,143.07,2902300,2026-03-06T03:46:34Z
GS,2006-03-03,105.97,107.04,103.86,104.16,5569838,146,147.48,143.1,143.5,4042700,2026-03-06T03:46:34Z
GS,2006-03-06,105.26,106.75,104.74,106.36,3996308,145.02,147.08,144.31,146.54,2900600,2026-03-06T03:46:34Z
GS,2006-03-07,104.72,104.85,103.92,104.79,3885812,144.28,144.46,143.17,144.37,2820400,2026-03-06T03:46:34Z
GS,2006-03-08,103.42,105,102.53,104.19,5005515,142.49,144.67,141.26,143.55,3633100,2026-03-06T03:46:34Z
GS,2006-03-09,102.85,104.08,102.49,103.55,3116615,141.7,143.4,141.2,142.66,2262100,2026-03-06T03:46:34Z
GS,2006-03-10,102.73,103.39,101.72,102.8,4473565,141.53,142.45,140.15,141.63,3247000,2026-03-06T03:46:34Z
GS,2006-03-13,102.14,103.76,101.02,102.74,6814643,140.72,142.95,139.18,141.55,4946200,2026-03-06T03:46:34Z
GS,2006-03-14,108.45,108.51,105.69,105.91,15656915,149.42,149.5,145.62,145.92,11364100,2026-03-06T03:46:34Z
GS,2006-03-15,108.15,108.61,107.12,107.64,10411817,149,149.64,147.59,148.3,7557100,2026-03-06T03:46:34Z
GS,2006-03-16,107.2,108.65,107.02,108.22,8302062,147.69,149.69,147.45,149.1,6025800,2026-03-06T03:46:34Z
GS,2006-03-17,109.13,109.99,107.44,107.6,9189614,150.36,151.54,148.03,148.25,6670000,2026-03-06T03:46:34Z
GS,2006-03-20,110.46,110.8,108.73,108.91,6746581,152.18,152.66,149.8,150.05,4896800,2026-03-06T03:46:34Z
GS,2006-03-21,108.44,110.33,108.15,110.04,6145882,149.4,152,149.01,151.61,4460800,2026-03-06T03:46:34Z
GS,2006-03-22,110.19,110.59,107.64,107.64,5195231,151.82,152.36,148.3,148.3,3770800,2026-03-06T03:46:34Z
GS,2006-03-23,110.09,110.3,109.2,109.72,5308066,151.67,151.96,150.45,151.17,3852700,2026-03-06T03:46:34Z
GS,2006-03-24,110.45,110.74,109.51,110.09,3653386,152.17,152.57,150.88,151.68,2651700,2026-03-06T03:46:34Z
GS,2006-03-27,112.5,112.76,110.42,110.42,5944454,155,155.36,152.13,152.13,4314600,2026-03-06T03:46:34Z
GS,2006-03-28,111.89,114.55,111.89,112.51,8929900,154.16,157.82,154.16,155.01,6481500,2026-03-06T03:46:34Z
GS,2006-03-29,113.88,114.37,112.39,112.43,6142158,156.9,157.57,154.84,154.9,4458100,2026-03-06T03:46:34Z
GS,2006-03-30,113.82,115.86,113.02,114.48,6573256,156.81,159.63,155.71,157.73,4771000,2026-03-06T03:46:34Z
GS,2006-03-31,113.92,114.95,113.41,113.95,4544515,156.96,158.38,156.25,157,3298500,2026-03-06T03:46:34Z
GS,2006-04-03,114.77,116.04,113.9,114.67,5483180,158.12,159.88,156.92,157.99,3979800,2026-03-06T03:46:34Z
GS,2006-04-04,116.86,117.12,114.77,114.77,7011243,161,161.36,158.12,158.12,5088900,2026-03-06T03:46:34Z
GS,2006-04-05,116.68,117.53,116.13,116.49,5774575,160.75,161.92,160,160.5,4191300,2026-03-06T03:46:34Z
GS,2006-04-06,117.61,117.63,116.18,116.18,5760246,162.04,162.07,160.07,160.07,4180900,2026-03-06T03:46:34Z
GS,2006-04-07,116.87,118.42,116.05,117.61,6839990,161.02,163.16,159.89,162.04,4964600,2026-03-06T03:46:34Z
GS,2006-04-10,117.92,119.07,117.18,117.95,6122593,162.46,164.05,161.45,162.5,4443900,2026-03-06T03:46:34Z
GS,2006-04-11,115.51,118.53,115.05,118.31,6837510,159.15,163.3,158.51,163,4962800,2026-03-06T03:46:34Z
GS,2006-04-12,115.78,116.35,114.97,115.86,4731200,159.52,160.3,158.4,159.63,3434000,2026-03-06T03:46:34Z
GS,2006-04-13,115.72,115.91,114.83,115.01,3054616,159.43,159.69,158.2,158.45,2217100,2026-03-06T03:46:34Z
GS,2006-04-17,117.54,118.46,116.13,116.31,4659147,161.94,163.21,160,160.25,3381700,2026-03-06T03:46:34Z
GS,2006-04-18,120.16,120.62,117.09,118.13,6653583,165.55,166.18,161.32,162.75,4829300,2026-03-06T03:46:34Z
GS,2006-04-19,121.25,121.63,118.74,119.43,6153317,167.05,167.57,163.6,164.55,4466200,2026-03-06T03:46:34Z
GS,2006-04-20,122.34,122.89,120.53,120.53,6743135,168.55,169.31,166.06,166.06,4894300,2026-03-06T03:46:34Z
GS,2006-04-21,120.66,122.67,120.24,122.64,4937922,165.89,168.66,165.32,168.62,3591500,2026-03-06T03:46:34Z
GS,2006-04-24,120.26,120.93,118.92,120.37,4719041,165.35,166.27,163.5,165.5,3432300,2026-03-06T03:46:34Z
GS,2006-04-25,118.41,120.45,117.65,120.26,4621561,162.8,165.6,161.76,165.35,3361400,2026-03-06T03:46:34Z
GS,2006-04-26,118.85,119.75,117.97,118.92,4169497,163.4,164.65,162.2,163.5,3032600,2026-03-06T03:46:34Z
GS,2006-04-27,119.26,120.58,117.9,118.81,5587422,163.97,165.79,162.1,163.35,4063900,2026-03-06T03:46:34Z
GS,2006-04-28,116.58,119.93,115.39,119.14,7354296,160.29,164.89,158.65,163.81,5349000,2026-03-06T03:46:34Z
GS,2006-05-01,113.79,117.59,113.52,116.59,7771023,156.45,161.67,156.08,160.3,5652100,2026-03-06T03:46:34Z
GS,2006-05-02,115.52,116.37,114.28,114.63,5101812,158.83,160,157.12,157.6,3710700,2026-03-06T03:46:34Z
GS,2006-05-03,115.75,116.26,114.74,116.01,3466375,159.15,159.85,157.75,159.5,2521200,2026-03-06T03:46:34Z
GS,2006-05-04,114.95,116.61,114.92,115.76,3512299,158.04,160.33,158,159.16,2554600,2026-03-06T03:46:34Z
GS,2006-05-05,119.57,119.72,116.15,116.19,5156667,164.39,164.6,159.69,159.75,3750600,2026-03-06T03:46:34Z
GS,2006-05-08,118.94,121.14,117.97,119.57,3293827,163.53,166.55,162.2,164.39,2395700,2026-03-06T03:46:34Z
GS,2006-05-09,120.55,120.93,119.06,119.1,3613491,165.75,166.26,163.7,163.75,2628200,2026-03-06T03:46:34Z
GS,2006-05-10,119.35,120.31,117.86,119.9,4421513,164.09,165.41,162.05,164.85,3215900,2026-03-06T03:46:34Z
GS,2006-05-11,115.85,119.64,115.36,119.56,5004056,159.28,164.49,158.6,164.38,3639600,2026-03-06T03:46:34Z
GS,2006-05-12,113.54,116.16,113.51,115.46,6296590,156.11,159.7,156.07,158.75,4579700,2026-03-06T03:46:34Z
GS,2006-05-15,111.38,114.19,109.91,112.44,8413238,153.14,157,151.11,154.6,6119200,2026-03-06T03:46:34Z
GS,2006-05-16,111.06,112.82,109.55,111.72,5624681,152.7,155.11,150.62,153.6,4091000,2026-03-06T03:46:34Z
GS,2006-05-17,107.8,109.94,106.92,109.72,10280888,148.21,151.15,147,150.85,7477600,2026-03-06T03:46:34Z
GS,2006-05-18,106.94,109.28,106.37,108.63,8587850,147.03,150.25,146.25,149.36,6246200,2026-03-06T03:46:34Z
GS,2006-05-19,108.67,109.43,106.74,107.86,8940231,149.41,150.45,146.75,148.3,6502500,2026-03-06T03:46:34Z
GS,2006-05-22,106.3,108.02,104.25,108.02,11676814,146.15,148.51,143.34,148.51,8492900,2026-03-06T03:46:34Z
GS,2006-05-23,104.52,108.28,104.52,107.68,7709706,143.7,148.88,143.7,148.05,5607500,2026-03-06T03:46:34Z
GS,2006-05-24,104.68,105.89,102.13,104.48,12082276,143.92,145.59,140.42,143.65,8787800,2026-03-06T03:46:34Z
GS,2006-05-25,107.15,107.15,105.23,105.61,7718364,147.32,147.32,144.68,145.2,5613800,2026-03-06T03:46:34Z
GS,2006-05-26,111.24,111.24,108.71,109.1,7905355,152.94,152.94,149.47,150,5749800,2026-03-06T03:46:34Z
GS,2006-05-30,108.98,110.52,108.55,109.83,7172944,149.83,151.95,149.25,151,5217100,2026-03-06T03:46:34Z
GS,2006-05-31,109.79,110.84,108.48,110.05,7235090,150.95,152.39,149.15,151.3,5262300,2026-03-06T03:46:34Z
GS,2006-06-01,111.68,111.71,109.24,109.77,5786232,153.55,153.59,150.19,150.92,4208500,2026-03-06T03:46:34Z
GS,2006-06-02,112.07,114.19,111.72,113.1,5847963,154.09,157,153.6,155.5,4253400,2026-03-06T03:46:34Z
GS,2006-06-05,109.39,113.67,108.99,112.7,7596553,150.4,156.29,149.85,154.95,5525200,2026-03-06T03:46:34Z
GS,2006-06-06,108.55,110.6,107.28,110.11,9022729,149.24,152.06,147.5,151.39,6562500,2026-03-06T03:46:34Z
GS,2006-06-07,109.06,110.94,107.86,108.55,5939396,149.95,152.53,148.3,149.25,4319900,2026-03-06T03:46:34Z
GS,2006-06-08,108.92,109.59,105.1,108.23,10841713,149.76,150.67,144.5,148.8,7885500,2026-03-06T03:46:34Z
GS,2006-06-09,109.02,110.63,108.36,109.83,6060109,149.89,152.1,148.99,151,4407700,2026-03-06T03:46:34Z
GS,2006-06-12,105.46,109.62,105.46,109.32,8065393,145,150.72,145,150.3,5866200,2026-03-06T03:46:34Z
GS,2006-06-13,101.28,105.83,100.38,105.1,21559127,139.25,145.5,138.01,144.5,15680600,2026-03-06T03:46:34Z
GS,2006-06-14,100.74,103.11,99.49,101.64,14493147,138.5,141.76,136.79,139.75,10541300,2026-03-06T03:46:34Z
GS,2006-06-15,104.82,105.6,101.88,102.12,15083111,144.12,145.19,140.07,140.4,10970400,2026-03-06T03:46:34Z
GS,2006-06-16,104.74,105.17,103.72,104.23,8756412,144,144.59,142.61,143.3,6368800,2026-03-06T03:46:34Z
GS,2006-06-19,104.55,106.01,103.97,105.45,8988078,143.75,145.75,142.95,144.98,6537300,2026-03-06T03:46:34Z
GS,2006-06-20,105.65,106.18,104.44,105.21,7987024,145.26,145.99,143.59,144.65,5809200,2026-03-06T03:46:34Z
GS,2006-06-21,108.98,109.33,105.83,106.02,10515305,149.83,150.32,145.5,145.77,7648100,2026-03-06T03:46:34Z
GS,2006-06-22,107.87,109.46,106.88,108.89,6090771,148.31,150.5,146.95,149.71,4430000,2026-03-06T03:46:34Z
GS,2006-06-23,107.59,108.66,107.07,107.54,4795624,147.92,149.4,147.21,147.85,3488000,2026-03-06T03:46:34Z
GS,2006-06-26,109.03,109.06,107.72,108.31,5224036,149.9,149.95,148.1,148.92,3799600,2026-03-06T03:46:34Z
GS,2006-06-27,107.03,109.75,107.03,108.41,5040902,147.16,150.89,147.16,149.05,3666400,2026-03-06T03:46:34Z
GS,2006-06-28,106.55,108.01,105.51,107.22,6746729,146.49,148.5,145.07,147.41,4907100,2026-03-06T03:46:34Z
GS,2006-06-29,110.7,110.7,106.44,107.72,9228000,152.2,152.2,146.35,148.1,6711800,2026-03-06T03:46:34Z
GS,2006-06-30,109.41,111.08,108.74,110.7,8212644,150.43,152.72,149.5,152.2,5973300,2026-03-06T03:46:34Z
GS,2006-07-03,110.88,111.13,110.07,110.5,4469087,152.45,152.79,151.34,151.93,3250500,2026-03-06T03:46:34Z
GS,2006-07-05,109.79,110.34,109.1,110.34,6164462,150.95,151.7,150,151.7,4483600,2026-03-06T03:46:34Z
GS,2006-07-06,109.52,110.77,109.25,110.77,4731004,150.58,152.3,150.2,152.29,3441000,2026-03-06T03:46:34Z
GS,2006-07-07,108.02,109.46,107.97,109.11,4975456,148.51,150.5,148.44,150.01,3618800,2026-03-06T03:46:34Z
GS,2006-07-10,108.26,109.4,107.76,108.55,4077927,148.85,150.41,148.16,149.25,2966000,2026-03-06T03:46:34Z
GS,2006-07-11,108.13,108.37,106.59,107.94,5248238,148.67,149,146.55,148.4,3817200,2026-03-06T03:46:34Z
GS,2006-07-12,105.66,108.54,105.51,108.15,5912173,145.27,149.23,145.07,148.7,4300100,2026-03-06T03:46:34Z
GS,2006-07-13,103.68,105.61,103.35,104.76,8409799,142.55,145.2,142.1,144.03,6116700,2026-03-06T03:46:34Z
GS,2006-07-14,101.9,104.37,101.08,104.08,7781064,140.1,143.5,138.97,143.1,5659400,2026-03-06T03:46:34Z
GS,2006-07-17,102.46,103.48,101.24,102.51,6226470,140.87,142.27,139.2,140.94,4528700,2026-03-06T03:46:34Z
GS,2006-07-18,103.53,103.63,101.75,102.28,8076805,142.34,142.48,139.9,140.62,5874500,2026-03-06T03:46:34Z
GS,2006-07-19,106.9,107.54,103.79,103.79,8358516,146.97,147.85,142.7,142.7,6079400,2026-03-06T03:46:34Z
GS,2006-07-20,105.59,107.5,105.46,106.7,5863223,145.18,147.8,145,146.7,4264500,2026-03-06T03:46:34Z
GS,2006-07-21,103.56,105.76,103.39,105.75,6422273,142.04,145.06,141.8,145.05,4682400,2026-03-06T03:46:34Z
GS,2006-07-24,107.1,107.54,104.3,104.48,6323929,146.9,147.5,143.06,143.3,4610700,2026-03-06T03:46:34Z
GS,2006-07-25,108.26,109.12,105.97,107.1,6836216,148.49,149.67,145.34,146.9,4984200,2026-03-06T03:46:34Z
GS,2006-07-26,107.45,108.5,106.95,107.54,4562278,147.38,148.82,146.69,147.5,3326300,2026-03-06T03:46:34Z
GS,2006-07-27,108.09,109.09,107.61,108.42,5604128,148.26,149.63,147.59,148.7,4085900,2026-03-06T03:46:34Z
GS,2006-07-28,110.62,111.08,108.88,109.11,6518007,151.72,152.35,149.33,149.65,4752200,2026-03-06T03:46:34Z
GS,2006-07-31,111.37,112.08,109.84,110.53,5999280,152.75,153.73,150.66,151.6,4374000,2026-03-06T03:46:34Z
GS,2006-08-01,110.28,110.63,109.06,110.55,4801342,151.26,151.74,149.59,151.63,3500600,2026-03-06T03:46:34Z
GS,2006-08-02,109.29,109.73,107.57,109.55,8420526,149.9,150.5,147.54,150.26,6139300,2026-03-06T03:46:34Z
GS,2006-08-03,110.89,111.66,108.25,108.45,5295661,152.1,153.15,148.47,148.75,3861000,2026-03-06T03:46:34Z
GS,2006-08-04,111.54,113.95,110.94,112.28,6710168,152.99,156.29,152.17,154,4892300,2026-03-06T03:46:34Z
GS,2006-08-07,111.3,112.9,110.65,110.91,4157251,152.65,154.85,151.76,152.12,3031000,2026-03-06T03:46:34Z
GS,2006-08-08,110.42,113.3,109.72,111.3,8503917,151.45,155.4,150.49,152.65,6200100,2026-03-06T03:46:34Z
GS,2006-08-09,109.37,112.1,109.07,111.92,5807808,150.01,153.75,149.6,153.5,4234400,2026-03-06T03:46:34Z
GS,2006-08-10,110.55,110.91,108.27,109,5187440,151.63,152.12,148.5,149.5,3782100,2026-03-06T03:46:34Z
GS,2006-08-11,110.17,111.46,109.36,111.08,3533869,151.11,152.87,149.99,152.35,2576500,2026-03-06T03:46:34Z
GS,2006-08-14,109.63,111.56,108.95,111.17,4266839,150.37,153.01,149.43,152.48,3110900,2026-03-06T03:46:34Z
GS,2006-08-15,111.3,112.27,110.25,111.1,6730330,152.65,153.99,151.21,152.38,4907000,2026-03-06T03:46:34Z
GS,2006-08-16,113,113.05,111.35,112.24,4888164,154.99,155.05,152.72,153.95,3563900,2026-03-06T03:46:34Z
GS,2006-08-17,112.61,114.37,112.17,112.21,4616316,154.45,156.87,153.85,153.9,3365700,2026-03-06T03:46:34Z
GS,2006-08-18,112.78,112.83,111.55,112.61,3761000,154.68,154.75,153,154.45,2742100,2026-03-06T03:46:34Z
GS,2006-08-21,112.16,112.46,110.56,111.67,5117626,153.83,154.25,151.64,153.16,3731200,2026-03-06T03:46:34Z
GS,2006-08-22,112.39,113.02,111.59,112.54,5070170,154.15,155.01,153.05,154.36,3696600,2026-03-06T03:46:34Z
GS,2006-08-23,111.33,112.83,110.93,111.85,3869492,152.7,154.75,152.15,153.41,2821200,2026-03-06T03:46:34Z
GS,2006-08-24,110.38,111.99,109.91,111.95,4251887,151.4,153.6,150.75,153.55,3100000,2026-03-06T03:46:34Z
GS,2006-08-25,109.41,110.4,109.18,109.87,3396299,150.07,151.42,149.75,150.69,2476200,2026-03-06T03:46:34Z
GS,2006-08-28,109.02,109.76,107.82,108.09,5693415,149.53,150.54,147.88,148.25,4151000,2026-03-06T03:46:34Z
GS,2006-08-29,107.24,109.21,106.2,109.07,6775042,147.09,149.79,145.66,149.6,4939600,2026-03-06T03:46:34Z
GS,2006-08-30,107.22,107.73,106.75,107.32,4029557,147.06,147.76,146.42,147.2,2937900,2026-03-06T03:46:34Z
GS,2006-08-31,108.38,108.45,107.23,107.23,3887460,148.65,148.75,147.07,147.07,2834300,2026-03-06T03:46:34Z
GS,2006-09-01,108.74,108.95,107.27,108.42,4736194,149.14,149.43,147.13,148.7,3453100,2026-03-06T03:46:34Z
GS,2006-09-05,110.3,110.46,108.67,109.18,4905033,151.28,151.51,149.05,149.75,3576200,2026-03-06T03:46:34Z
GS,2006-09-06,109.85,110.41,109.31,109.84,4062887,150.67,151.44,149.92,150.65,2962200,2026-03-06T03:46:34Z
GS,2006-09-07,108.32,109.86,108.16,109.44,4906952,148.57,150.68,148.35,150.1,3577600,2026-03-06T03:46:34Z
GS,2006-09-08,109.22,110.09,107.56,110.09,4550208,149.8,151,147.52,151,3317500,2026-03-06T03:46:34Z
GS,2006-09-11,110.09,110.26,108.74,108.82,4298798,151,151.23,149.15,149.25,3134200,2026-03-06T03:46:34Z
GS,2006-09-12,115.41,116.47,112.8,112.83,14600024,158.29,159.75,154.71,154.75,10644700,2026-03-06T03:46:34Z
GS,2006-09-13,117.28,118.3,114.33,114.98,10452656,160.86,162.26,156.81,157.7,7620900,2026-03-06T03:46:34Z
GS,2006-09-14,118.49,118.97,116.3,116.47,7540384,162.52,163.18,159.52,159.75,5497600,2026-03-06T03:46:34Z
GS,2006-09-15,118.63,119.39,117.76,118.48,9388716,162.71,163.75,161.52,162.5,6845200,2026-03-06T03:46:34Z
GS,2006-09-18,119,120.15,118.11,118.13,7863662,163.22,164.8,162,162.02,5733300,2026-03-06T03:46:34Z
GS,2006-09-19,119.13,119.73,118.34,118.9,6654071,163.39,164.22,162.31,163.08,4851400,2026-03-06T03:46:34Z
GS,2006-09-20,121.47,121.87,119.74,120.03,8786323,166.6,167.16,164.23,164.63,6406000,2026-03-06T03:46:34Z
GS,2006-09-21,121.87,123.72,120.93,122.12,11044762,167.15,169.69,165.86,167.5,8052600,2026-03-06T03:46:34Z
GS,2006-09-22,122.14,122.73,120.85,121.72,7001488,167.52,168.33,165.76,166.95,5104700,2026-03-06T03:46:34Z
GS,2006-09-25,122.99,123.52,121.76,122.41,6556276,168.69,169.42,167,167.9,4780100,2026-03-06T03:46:34Z
GS,2006-09-26,122.98,123.89,121.77,122.44,8379376,168.68,169.92,167.02,167.94,6109300,2026-03-06T03:46:34Z
GS,2006-09-27,123.22,123.87,121.94,123.17,7112040,169,169.9,167.25,168.93,5185300,2026-03-06T03:46:34Z
GS,2006-09-28,123.94,123.94,122.34,123.18,6053867,170,170,167.8,168.95,4413800,2026-03-06T03:46:34Z
GS,2006-09-29,123.34,124.78,123.29,123.98,6027256,169.17,171.15,169.1,170.05,4394400,2026-03-06T03:46:34Z
GS,2006-10-02,124.45,125,122.86,122.86,5683403,170.69,171.45,168.51,168.51,4143700,2026-03-06T03:46:34Z
GS,2006-10-03,127.01,127.15,124.02,124.27,7987240,174.2,174.4,170.1,170.44,5823400,2026-03-06T03:46:34Z
GS,2006-10-04,128.73,128.8,126.36,126.36,11095237,176.56,176.66,173.31,173.31,8089400,2026-03-06T03:46:34Z
GS,2006-10-05,127.95,128.7,127.36,128.7,7885744,175.5,176.52,174.69,176.52,5749400,2026-03-06T03:46:34Z
GS,2006-10-06,128.06,128.32,126.72,127.09,6718262,175.65,176,173.8,174.32,4898200,2026-03-06T03:46:34Z
GS,2006-10-09,129.38,129.41,127.82,127.88,5466420,177.45,177.49,175.32,175.4,3985500,2026-03-06T03:46:34Z
GS,2006-10-10,130.4,131.13,128.9,129.09,8997547,178.86,179.85,176.79,177.05,6560000,2026-03-06T03:46:34Z
GS,2006-10-11,130.48,130.49,128.87,129.27,7701818,178.97,178.97,176.75,177.3,5615300,2026-03-06T03:46:34Z
GS,2006-10-12,132.34,132.64,130.22,130.7,7892329,181.51,181.92,178.61,179.27,5754200,2026-03-06T03:46:34Z
GS,2006-10-13,134.04,134.12,131.71,132.12,7081863,183.85,183.96,180.65,181.21,5163300,2026-03-06T03:46:34Z
GS,2006-10-16,135.04,135.23,133.49,134.02,6445179,185.22,185.48,183.09,183.82,4699100,2026-03-06T03:46:34Z
GS,2006-10-17,133.47,134.67,132.8,134.31,8047178,183.07,184.71,182.14,184.22,5867100,2026-03-06T03:46:34Z
GS,2006-10-18,133.4,134.63,132.59,134.2,8403651,182.97,184.65,181.85,184.07,6127000,2026-03-06T03:46:34Z
GS,2006-10-19,131.52,133.41,131.41,132.4,7613710,180.05,182.63,179.9,181.25,5561700,2026-03-06T03:46:34Z
GS,2006-10-20,131.78,131.99,130.65,131.28,5758639,180.4,180.69,178.85,179.72,4206600,2026-03-06T03:46:34Z
GS,2006-10-23,134.92,135.04,131.64,131.66,6428331,184.7,184.87,180.21,180.23,4695800,2026-03-06T03:46:34Z
GS,2006-10-24,137.21,137.51,134.7,134.79,7551832,187.84,188.25,184.4,184.52,5516500,2026-03-06T03:46:34Z
GS,2006-10-25,137.78,138.57,136.72,137.8,7151959,188.61,189.69,187.16,188.64,5224400,2026-03-06T03:46:34Z
GS,2006-10-26,141.26,141.42,137.54,138.19,7847388,193.38,193.6,188.29,189.18,5732400,2026-03-06T03:46:34Z
GS,2006-10-27,137.82,141.15,137.62,140.26,7807416,188.67,193.23,188.39,192.01,5703200,2026-03-06T03:46:34Z
GS,2006-10-30,138.61,139.19,136.38,137.33,7330610,189.75,190.55,186.7,188,5354900,2026-03-06T03:46:34Z
GS,2006-10-31,138.64,139.54,137.97,138.79,6226686,189.79,191.02,188.88,190,4548500,2026-03-06T03:46:34Z
GS,2006-11-01,135.14,140.41,134.96,139.52,10584750,185,192.21,184.75,191,7732000,2026-03-06T03:46:34Z
GS,2006-11-02,136.89,137.18,133.46,134.78,8475327,187.39,187.79,182.7,184.51,6191100,2026-03-06T03:46:34Z
GS,2006-11-03,136.7,138.03,135.36,137.99,5686631,187.13,188.95,185.3,188.9,4154000,2026-03-06T03:46:34Z
GS,2006-11-06,138.79,140.03,137.1,137.1,6350577,190,191.7,187.68,187.68,4639000,2026-03-06T03:46:34Z
GS,2006-11-07,137.83,139.83,137.74,138.94,5062253,188.68,191.42,188.56,190.2,3697900,2026-03-06T03:46:34Z
GS,2006-11-08,137.89,138.73,136.24,137.08,5461989,188.77,189.92,186.5,187.65,3989900,2026-03-06T03:46:34Z
GS,2006-11-09,134.98,138.06,134.98,137.62,6144685,184.78,189,184.78,188.4,4488600,2026-03-06T03:46:34Z
GS,2006-11-10,136.64,136.65,134.85,135.48,4544652,187.06,187.07,184.6,185.46,3319800,2026-03-06T03:46:34Z
GS,2006-11-13,137.13,138.65,136.77,137.08,4630760,187.73,189.8,187.23,187.65,3382700,2026-03-06T03:46:34Z
GS,2006-11-14,139.06,139.48,135.43,137.62,6437915,190.36,190.94,185.4,188.4,4702800,2026-03-06T03:46:34Z
GS,2006-11-15,141.06,141.95,138.68,139.06,6969207,193.11,194.32,189.84,190.37,5090900,2026-03-06T03:46:34Z
GS,2006-11-16,143.7,143.76,141.71,141.71,6549073,196.72,196.8,194,194,4784000,2026-03-06T03:46:34Z
GS,2006-11-17,142.47,143.91,142.36,143.16,4651019,195.04,197,194.88,195.98,3397500,2026-03-06T03:46:34Z
GS,2006-11-20,144.23,144.72,142.47,142.7,4578877,197.45,198.11,195.03,195.35,3344800,2026-03-06T03:46:34Z
GS,2006-11-21,145.92,146.02,144.85,145.37,4720014,199.76,199.89,198.29,199,3447900,2026-03-06T03:46:34Z
GS,2006-11-22,147.77,147.9,146.09,146.1,4192009,202.29,202.47,199.99,200,3062200,2026-03-06T03:46:34Z
GS,2006-11-24,147.27,148.54,145.48,146.26,2709021,201.6,203.35,199.15,200.23,1978900,2026-03-06T03:46:34Z
GS,2006-11-27,141.06,147.63,141.06,147.08,8663151,193.11,202.1,193.11,201.35,6328300,2026-03-06T03:46:34Z
GS,2006-11-28,143.99,144.26,139.89,140.98,8028912,197.12,197.49,191.5,193,5865000,2026-03-06T03:46:34Z
GS,2006-11-29,143.34,145.69,141.03,144.63,8097357,196.22,199.45,193.06,197.99,5915000,2026-03-06T03:46:34Z
GS,2006-11-30,142.3,143.5,141.12,143.16,5588752,194.8,196.45,193.18,195.98,4082500,2026-03-06T03:46:34Z
GS,2006-12-01,142.08,143.49,139.9,142.96,6600000,194.5,196.43,191.52,195.7,4821200,2026-03-06T03:46:34Z
GS,2006-12-04,146.13,146.16,142.73,142.92,5833522,200.05,200.08,195.39,195.65,4261300,2026-03-06T03:46:34Z
GS,2006-12-05,147.27,147.74,144.79,145.88,5110302,201.61,202.25,198.21,199.7,3733000,2026-03-06T03:46:34Z
GS,2006-12-06,149.75,149.79,146.83,147.56,5661444,205,205.05,201,202,4135600,2026-03-06T03:46:34Z
GS,2006-12-07,146.24,150.99,146.1,150.99,7170304,200.2,206.7,200,206.7,5237800,2026-03-06T03:46:34Z
GS,2006-12-08,149.82,149.94,146.1,146.27,6803013,205.1,205.26,200,200.24,4969500,2026-03-06T03:46:34Z
GS,2006-12-11,147.94,150.12,147.44,150.12,8112966,202.52,205.5,201.84,205.5,5926400,2026-03-06T03:46:34Z
GS,2006-12-12,146.1,148.91,144.96,146.25,12252818,200,203.85,198.44,200.21,8950500,2026-03-06T03:46:34Z
GS,2006-12-13,144.86,147.4,144.64,146.21,7971415,198.31,201.78,198,200.16,5823000,2026-03-06T03:46:34Z
GS,2006-12-14,146.19,146.68,144.37,145.51,6956340,200.13,200.8,197.63,199.2,5081500,2026-03-06T03:46:34Z
GS,2006-12-15,145.98,147.52,145.95,146.54,7463124,199.84,201.95,199.8,200.61,5451700,2026-03-06T03:46:34Z
GS,2006-12-18,148.46,148.72,145.83,146.46,8239455,203.24,203.59,199.64,200.5,6018800,2026-03-06T03:46:34Z
GS,2006-12-19,147,148.05,146.41,147.54,6660917,201.24,202.67,200.43,201.98,4865700,2026-03-06T03:46:34Z
GS,2006-12-20,147.1,149.25,147,147.41,5938656,201.37,204.31,201.24,201.79,4338100,2026-03-06T03:46:34Z
GS,2006-12-21,144.71,148.06,144.42,147.82,6381786,198.1,202.69,197.7,202.36,4661800,2026-03-06T03:46:34Z
GS,2006-12-22,144.7,145.48,142.93,145.44,4792157,198.09,199.15,195.66,199.1,3500600,2026-03-06T03:46:34Z
GS,2006-12-26,145.99,146.53,144.85,145.29,3525877,199.86,200.6,198.29,198.9,2575600,2026-03-06T03:46:34Z
GS,2006-12-27,147.52,147.77,145.89,146,3952580,201.95,202.29,199.72,199.86,2887300,2026-03-06T03:46:34Z
GS,2006-12-28,146.68,147.91,145.92,147.8,3280559,200.8,202.48,199.76,202.33,2396400,2026-03-06T03:46:34Z
GS,2006-12-29,145.62,147.85,145.6,146.78,3781733,199.35,202.4,199.32,200.93,2762500,2026-03-06T03:46:34Z
GS,2007-01-03,146.62,148.52,144.5,146.53,8917640,200.72,203.32,197.82,200.6,6514200,2026-03-06T03:46:34Z
GS,2007-01-04,145.26,146.59,144.69,146.26,8869178,198.85,200.67,198.07,200.22,6478800,2026-03-06T03:46:34Z
GS,2007-01-05,145.4,146.1,144.56,144.95,8264374,199.05,200,197.9,198.43,6037000,2026-03-06T03:46:34Z
GS,2007-01-08,148.82,148.98,144.71,145.4,10747654,203.73,203.95,198.1,199.05,7851000,2026-03-06T03:46:34Z
GS,2007-01-09,149.08,149.68,147.56,148.68,9825389,204.08,204.9,202,203.54,7177300,2026-03-06T03:46:34Z
GS,2007-01-10,152.02,152.26,147.19,148.58,10982295,208.11,208.44,201.5,203.4,8022400,2026-03-06T03:46:34Z
GS,2007-01-11,154.78,155.72,151.65,152.19,12381496,211.88,213.17,207.6,208.34,9044500,2026-03-06T03:46:34Z
GS,2007-01-12,156.32,156.48,153.69,154.06,9060966,213.99,214.22,210.4,210.9,6618900,2026-03-06T03:46:34Z
GS,2007-01-16,156.02,157.15,146.1,146.1,8004406,213.59,215.13,200,200,5847100,2026-03-06T03:46:34Z
GS,2007-01-17,155.76,156.39,154.02,155.01,7337453,213.23,214.09,210.85,212.2,5359900,2026-03-06T03:46:34Z
GS,2007-01-18,153.17,156.92,152.74,156.14,8929956,209.68,214.81,209.1,213.75,6523200,2026-03-06T03:46:34Z
GS,2007-01-19,153.87,154.71,152.81,152.99,7298421,210.29,211.44,208.84,209.08,5340300,2026-03-06T03:46:34Z
GS,2007-01-22,155.83,156.04,153.37,154.46,6806966,212.97,213.25,209.6,211.09,4980700,2026-03-06T03:46:34Z
GS,2007-01-23,155.59,156.16,154.13,155.72,8601130,212.64,213.42,210.65,212.82,6293500,2026-03-06T03:46:34Z
GS,2007-01-24,161.05,161.1,155.88,156.23,8728909,220.1,220.17,213.03,213.51,6387000,2026-03-06T03:46:34Z
GS,2007-01-25,155.9,161.35,155.5,155.5,10734632,213.07,220.51,212.51,212.51,7854600,2026-03-06T03:46:34Z
GS,2007-01-26,156.22,157.24,154.1,157,10192887,213.5,214.9,210.6,214.56,7458200,2026-03-06T03:46:34Z
GS,2007-01-29,154.42,157.38,153.75,156.51,8050907,211.04,215.08,210.13,213.9,5890900,2026-03-06T03:46:34Z
GS,2007-01-30,152.77,155.35,152.47,154.45,8203020,208.78,212.31,208.37,211.08,6002200,2026-03-06T03:46:34Z
GS,2007-01-31,155.24,155.67,151.68,152.41,9888804,212.16,212.75,207.29,208.3,7235700,2026-03-06T03:46:34Z
GS,2007-02-01,155.12,156.51,153.46,156.18,7859985,212,213.9,209.73,213.44,5751200,2026-03-06T03:46:34Z
GS,2007-02-02,156.17,156.51,154.39,154.39,4820239,213.43,213.9,211,211,3527000,2026-03-06T03:46:34Z
GS,2007-02-05,155.52,156.38,154.76,156.07,4094128,212.55,213.72,211.5,213.3,2995700,2026-03-06T03:46:34Z
GS,2007-02-06,157.06,157.95,155.63,156.07,5197712,214.65,215.86,212.7,213.29,3803200,2026-03-06T03:46:34Z
GS,2007-02-07,156.26,157.94,155.93,157.34,4950893,213.55,215.85,213.1,215.03,3622600,2026-03-06T03:46:34Z
GS,2007-02-08,156.51,157.47,153.52,155.19,7398186,213.9,215.21,209.81,212.09,5413300,2026-03-06T03:46:34Z
GS,2007-02-09,156.06,160.43,154.08,157.88,12454998,213.28,219.26,210.58,215.77,9113400,2026-03-06T03:46:34Z
GS,2007-02-12,154.49,156.59,153.56,156.4,7358825,211.13,214,209.87,213.75,5384500,2026-03-06T03:46:34Z
GS,2007-02-13,155.51,156.07,154,155.11,5497425,212.53,213.3,210.47,211.98,4022500,2026-03-06T03:46:34Z
GS,2007-02-14,159.07,160.32,155.7,156.37,10519250,217.4,219.1,212.79,213.7,7697000,2026-03-06T03:46:34Z
GS,2007-02-15,158.65,160.13,158.35,159.47,4957179,216.82,218.84,216.41,217.94,3627200,2026-03-06T03:46:34Z
GS,2007-02-16,158.72,159.15,157.33,158.02,4262776,216.92,217.5,215.02,215.96,3119100,2026-03-06T03:46:34Z
GS,2007-02-20,161.66,162.37,158.03,159.75,8508468,220.94,221.9,215.97,218.33,6225700,2026-03-06T03:46:34Z
GS,2007-02-21,161.09,162.07,159.63,160.43,7141528,220.15,221.5,218.16,219.25,5225500,2026-03-06T03:46:34Z
GS,2007-02-22,160.22,162.99,159.51,161.71,5840322,218.97,222.75,218,221,4273400,2026-03-06T03:46:34Z
GS,2007-02-23,158.41,160.83,157.72,160.36,7527748,216.5,219.8,215.55,219.16,5508100,2026-03-06T03:46:34Z
GS,2007-02-26,156.59,159.78,155.6,159.56,7588834,214,218.37,212.66,218.07,5552800,2026-03-06T03:46:34Z
GS,2007-02-27,146.17,153.95,142.43,153.47,25740935,199.76,210.4,194.65,209.75,18834800,2026-03-06T03:46:34Z
GS,2007-02-28,147.62,149.16,144.72,146.63,21793859,201.75,203.85,197.79,200.4,15946700,2026-03-06T03:46:34Z
GS,2007-03-01,146.09,148.32,142.01,144.23,19327970,199.66,202.7,194.08,197.12,14142400,2026-03-06T03:46:34Z
GS,2007-03-02,143.17,147.01,143.11,145.02,13452525,195.67,200.92,195.59,198.2,9843300,2026-03-06T03:46:34Z
GS,2007-03-05,139.02,144.5,138.91,141.62,18318688,190,197.49,189.85,193.55,13403900,2026-03-06T03:46:34Z
GS,2007-03-06,144.42,145.02,141.73,141.88,14755643,197.37,198.2,193.7,193.9,10796800,2026-03-06T03:46:34Z
GS,2007-03-07,143.11,145.61,143.05,144.5,11561335,195.59,199,195.5,197.48,8459500,2026-03-06T03:46:34Z
GS,2007-03-08,146.3,147.82,144.88,144.9,14746076,199.94,202.02,198,198.03,10789800,2026-03-06T03:46:34Z
GS,2007-03-09,147.59,148.53,145.51,148.5,10495328,201.7,202.99,198.86,202.95,7679500,2026-03-06T03:46:34Z
GS,2007-03-12,148.24,148.46,145.51,146.34,13159105,202.6,202.89,198.86,200,9628600,2026-03-06T03:46:34Z
GS,2007-03-13,145.63,152.6,145.26,149.97,43690756,199.03,208.56,198.52,204.96,31968800,2026-03-06T03:46:34Z
GS,2007-03-14,146.45,147.92,144.54,146.34,27870610,200.15,202.16,197.54,200,20393100,2026-03-06T03:46:34Z
GS,2007-03-15,146.99,148.07,145.97,146.34,13314083,200.89,202.37,199.5,200,9742000,2026-03-06T03:46:34Z
GS,2007-03-16,145.61,147.11,145.07,146.92,14870043,199,201.05,198.27,200.79,10880500,2026-03-06T03:46:34Z
GS,2007-03-19,148.13,148.17,146.66,147.31,11187823,202.44,202.5,200.44,201.32,8186200,2026-03-06T03:46:34Z
GS,2007-03-20,149.27,149.58,147.81,148.16,9079325,204,204.43,202,202.49,6643400,2026-03-06T03:46:34Z
GS,2007-03-21,154.35,154.76,149.38,150.25,14946439,210.95,211.51,204.16,205.34,10936400,2026-03-06T03:46:34Z
GS,2007-03-22,153.72,154.94,153.14,154.9,10955212,210.08,211.75,209.29,211.7,8016000,2026-03-06T03:46:34Z
GS,2007-03-23,155.04,155.04,153.45,153.7,7167900,211.89,211.89,209.71,210.06,5244800,2026-03-06T03:46:34Z
GS,2007-03-26,154.92,155.28,153.15,155.13,8917647,211.73,212.22,209.3,212.01,6525100,2026-03-06T03:46:34Z
GS,2007-03-27,153.56,154.92,153.47,154.4,6569985,209.87,211.73,209.74,211.01,4807300,2026-03-06T03:46:34Z
GS,2007-03-28,151.29,152.69,150.87,152.35,10921594,206.76,208.67,206.19,208.21,7991400,2026-03-06T03:46:34Z
GS,2007-03-29,151.61,152.85,150.95,152.26,8720578,207.2,208.89,206.3,208.09,6380900,2026-03-06T03:46:34Z
GS,2007-03-30,151.19,152.95,149.78,151.78,7075105,206.63,209.03,204.7,207.44,5176900,2026-03-06T03:46:34Z
GS,2007-04-02,150.48,151.96,148.75,151.95,7922713,205.65,207.68,203.29,207.67,5797100,2026-03-06T03:46:34Z
GS,2007-04-03,153.48,153.47,151.07,151.46,6854252,209.75,209.75,206.47,207,5015300,2026-03-06T03:46:34Z
GS,2007-04-04,152.77,153.62,152.35,153.26,5671262,208.79,209.95,208.21,209.45,4149700,2026-03-06T03:46:34Z
GS,2007-04-05,152.14,152.56,151.76,152.56,4114765,207.93,208.5,207.41,208.5,3010800,2026-03-06T03:46:34Z
GS,2007-04-09,152.88,153.56,151.79,152.61,4934357,208.94,209.87,207.45,208.57,3610500,2026-03-06T03:46:34Z
GS,2007-04-10,152.96,153.52,152.35,152.41,4103969,209.05,209.81,208.21,208.3,3002900,2026-03-06T03:46:34Z
GS,2007-04-11,151.41,152.83,151.18,152.71,7625873,206.93,208.87,206.61,208.7,5579900,2026-03-06T03:46:34Z
GS,2007-04-12,151.5,151.84,150.28,150.91,5393967,207.05,207.52,205.39,206.25,3946800,2026-03-06T03:46:34Z
GS,2007-04-13,151.1,152.16,150.45,152.16,5904693,206.5,207.95,205.61,207.95,4320500,2026-03-06T03:46:34Z
GS,2007-04-16,156.97,157.49,152.28,152.37,13680082,214.52,215.23,208.12,208.24,10009800,2026-03-06T03:46:34Z
GS,2007-04-17,157.24,158.69,156.25,157.43,8320824,214.9,216.87,213.54,215.15,6088400,2026-03-06T03:46:34Z
GS,2007-04-18,158.6,159.91,156.56,156.66,8312216,216.75,218.54,213.97,214.1,6082100,2026-03-06T03:46:34Z
GS,2007-04-19,160.46,162.23,157.17,157.57,12141344,219.29,221.71,214.8,215.34,8883900,2026-03-06T03:46:34Z
GS,2007-04-20,161.23,162.84,160.04,162.13,10088884,220,222.19,218.37,221.23,7393900,2026-03-06T03:46:34Z
GS,2007-04-23,163.01,164.15,161.58,161.97,7936403,222.42,223.98,220.48,221,5816400,2026-03-06T03:46:34Z
GS,2007-04-24,161.76,163.61,160.29,163.25,9214518,220.72,223.24,218.71,222.75,6753100,2026-03-06T03:46:34Z
GS,2007-04-25,165.34,165.67,161.31,162.62,10407355,225.6,226.05,220.1,221.9,7627300,2026-03-06T03:46:34Z
GS,2007-04-26,164.76,166.08,164.29,165.56,6455250,224.81,226.61,224.17,225.9,4730900,2026-03-06T03:46:34Z
GS,2007-04-27,164.37,165.42,163.42,164.2,4909289,224.28,225.71,222.99,224.05,3597900,2026-03-06T03:46:34Z
GS,2007-04-30,160.21,164.88,160.12,164.43,7483941,218.61,224.98,218.48,224.36,5484800,2026-03-06T03:46:34Z
GS,2007-05-01,160.19,161.17,157.82,160.56,8676094,218.58,219.91,215.35,219.08,6358500,2026-03-06T03:46:34Z
GS,2007-05-02,160.86,162.64,159.36,159.77,6667019,219.49,221.92,217.45,218,4886100,2026-03-06T03:46:34Z
GS,2007-05-03,162.38,162.65,160.17,161.52,6059142,221.56,221.93,218.55,220.39,4440600,2026-03-06T03:46:34Z
GS,2007-05-04,166.61,166.61,162.28,163.14,7686295,227.34,227.34,221.43,222.6,5633100,2026-03-06T03:46:34Z
GS,2007-05-07,166.52,168.49,165.34,166.36,6327536,227.22,229.9,225.6,227,4637300,2026-03-06T03:46:34Z
GS,2007-05-08,164.86,165.62,163.4,165.57,6658832,224.95,225.99,222.96,225.92,4880100,2026-03-06T03:46:34Z
GS,2007-05-09,166.05,166.86,163.69,164.86,7088512,226.57,227.68,223.35,224.95,5195000,2026-03-06T03:46:34Z
GS,2007-05-10,163.5,166.35,163.4,165.26,6771952,223.1,226.98,222.95,225.5,4963000,2026-03-06T03:46:34Z
GS,2007-05-11,166.73,166.77,163.87,164.1,6764309,227.5,227.55,223.6,223.91,4957400,2026-03-06T03:46:34Z
GS,2007-05-14,165.76,167.83,165.15,167.12,6549538,226.18,229,225.35,228.03,4800000,2026-03-06T03:46:34Z
GS,2007-05-15,164.44,167.34,164.35,165.77,7876912,224.38,228.33,224.26,226.19,5772800,2026-03-06T03:46:34Z
GS,2007-05-16,166.44,167.07,164.54,165.33,7060811,227.11,227.96,224.52,225.59,5174700,2026-03-06T03:46:34Z
GS,2007-05-17,166.64,167.04,165.08,166.18,5710790,227.38,227.93,225.25,226.75,4185300,2026-03-06T03:46:34Z
GS,2007-05-18,168.81,169.46,167.06,167.5,9179449,230.34,231.22,227.95,228.55,6727400,2026-03-06T03:46:34Z
GS,2007-05-21,168,169.8,167.51,169.04,10621986,229.23,231.69,228.56,230.65,7784600,2026-03-06T03:46:34Z
GS,2007-05-22,169.08,169.78,167.65,168.41,4869310,230.71,231.66,228.75,229.79,3568600,2026-03-06T03:46:34Z
GS,2007-05-23,167.49,170.33,167.41,169.81,5835911,228.54,232.41,228.43,231.7,4277000,2026-03-06T03:46:34Z
GS,2007-05-24,165.4,169.11,164.93,168.1,8474964,225.68,230.75,225.05,229.37,6211100,2026-03-06T03:46:34Z
GS,2007-05-25,165.29,166.33,164.3,166.22,5551689,225.53,226.95,224.19,226.81,4068700,2026-03-06T03:46:34Z
GS,2007-05-29,167.42,167.75,165.65,165.81,5096496,228.44,228.9,226.03,226.25,3735100,2026-03-06T03:46:34Z
GS,2007-05-30,170.03,170.03,165.34,165.81,7358817,232,232,225.6,226.25,5393100,2026-03-06T03:46:34Z
GS,2007-05-31,169.16,171.47,168.63,170.18,6260265,230.82,233.97,230.09,232.21,4588000,2026-03-06T03:46:34Z
GS,2007-06-01,169.08,170.68,168.26,170.34,5585802,230.71,232.89,229.59,232.43,4093700,2026-03-06T03:46:34Z
GS,2007-06-04,168.35,169.04,167.05,168.56,4664907,229.71,230.65,227.94,230,3418800,2026-03-06T03:46:34Z
GS,2007-06-05,168.09,168.8,167.28,168.09,5063067,229.36,230.33,228.25,229.36,3710600,2026-03-06T03:46:34Z
GS,2007-06-06,166.62,167.05,164.79,166.93,6020389,227.35,227.94,224.85,227.77,4412200,2026-03-06T03:46:34Z
GS,2007-06-07,161.27,166.67,160.75,165.84,11413115,220.05,227.42,219.34,226.29,8364400,2026-03-06T03:46:34Z
GS,2007-06-08,164.94,164.95,160.32,161.31,8055385,225.06,225.07,218.75,220.1,5903600,2026-03-06T03:46:34Z
GS,2007-06-11,166.48,166.78,164.26,165.34,5847647,227.16,227.57,224.13,225.6,4285600,2026-03-06T03:46:34Z
GS,2007-06-12,166.99,169.38,165.32,166.29,10199952,227.85,231.12,225.58,226.9,7475300,2026-03-06T03:46:34Z
GS,2007-06-13,171.23,171.23,167.1,167.83,10048769,233.64,233.64,228,229,7364500,2026-03-06T03:46:34Z
GS,2007-06-14,165.45,168.05,164.9,166.88,19628691,225.75,229.3,225.01,227.71,14385400,2026-03-06T03:46:34Z
GS,2007-06-15,165.77,167.44,165.63,166.6,10142099,226.19,228.47,226,227.33,7432900,2026-03-06T03:46:34Z
GS,2007-06-18,166.34,166.76,164.75,166.03,5962944,226.97,227.54,224.8,226.55,4370100,2026-03-06T03:46:34Z
GS,2007-06-19,168.17,168.25,165.26,165.75,6249487,229.47,229.57,225.49,226.16,4580100,2026-03-06T03:46:34Z
GS,2007-06-20,165.55,168.8,165.43,168.38,7959052,225.89,230.33,225.72,229.75,5833000,2026-03-06T03:46:34Z
GS,2007-06-21,166.29,166.29,162.84,165.62,11380777,226.9,226.9,222.2,225.98,8340700,2026-03-06T03:46:34Z
GS,2007-06-22,162.99,166.21,161.43,166,13374569,222.4,226.79,220.27,226.5,9801900,2026-03-06T03:46:34Z
GS,2007-06-25,158.84,163.56,157.6,162.05,15783019,216.74,223.17,215.05,221.11,11567000,2026-03-06T03:46:34Z
GS,2007-06-26,156.96,160.76,156.96,159.55,13251214,214.17,219.36,214.17,217.7,9711500,2026-03-06T03:46:34Z
GS,2007-06-27,160.74,161.09,155.78,156.84,12306311,219.33,219.8,212.56,214,9019000,2026-03-06T03:46:34Z
GS,2007-06-28,160.47,162.31,159.53,161.05,8159772,218.96,221.47,217.67,219.75,5980100,2026-03-06T03:46:34Z
GS,2007-06-29,158.85,161.56,156.61,160.9,10718045,216.75,220.44,213.69,219.55,7855000,2026-03-06T03:46:34Z
GS,2007-07-02,160.63,160.98,158.3,159.4,6854636,219.18,219.65,216,217.5,5023600,2026-03-06T03:46:34Z
GS,2007-07-03,164.57,164.82,161.22,161.48,6381707,224.55,224.9,219.99,220.34,4677000,2026-03-06T03:46:34Z
GS,2007-07-05,162.2,164.38,162.11,164.38,7348583,221.32,224.29,221.2,224.29,5385600,2026-03-06T03:46:34Z
GS,2007-07-06,163.9,164.33,161.75,161.79,5624961,223.64,224.22,220.7,220.76,4122400,2026-03-06T03:46:34Z
GS,2007-07-09,163.65,165.46,163.07,163.45,5457813,223.3,225.77,222.51,223.02,3999900,2026-03-06T03:46:34Z
GS,2007-07-10,159.09,163.21,158.68,161.96,10863231,217.08,222.7,216.52,220.99,7961400,2026-03-06T03:46:34Z
GS,2007-07-11,158.83,160.5,157.31,159.02,12177911,216.72,219,214.65,216.98,8924900,2026-03-06T03:46:34Z
GS,2007-07-12,161.45,161.44,158.83,160.11,8286255,220.29,220.29,216.72,218.47,6072800,2026-03-06T03:46:34Z
GS,2007-07-13,162.83,163.3,160.65,161.28,7648359,222.18,222.82,219.2,220.06,5605300,2026-03-06T03:46:34Z
GS,2007-07-16,161.53,163.76,160.84,162.6,6350868,220.4,223.45,219.46,221.87,4654400,2026-03-06T03:46:34Z
GS,2007-07-17,160.79,162.79,160.24,162.51,7618204,219.4,222.12,218.65,221.74,5583200,2026-03-06T03:46:34Z
GS,2007-07-18,157.56,160.15,155.62,158.32,15916609,214.99,218.52,212.34,216.03,11664900,2026-03-06T03:46:34Z
GS,2007-07-19,155.14,159.4,153.93,159.09,12912554,211.69,217.5,210.03,217.08,9463300,2026-03-06T03:46:34Z
GS,2007-07-20,150.93,155.35,150.09,154.76,19840735,205.94,211.97,204.79,211.17,14540800,2026-03-06T03:46:34Z
GS,2007-07-23,150.27,152.35,149.56,151.82,10587056,205.04,207.88,204.07,207.16,7759000,2026-03-06T03:46:34Z
GS,2007-07-24,145.22,149.92,144.21,148.5,16845138,198.15,204.56,196.77,202.63,12345400,2026-03-06T03:46:34Z
GS,2007-07-25,148.89,149.32,144.95,146.43,19015630,203.16,203.75,197.78,199.8,13936100,2026-03-06T03:46:34Z
GS,2007-07-26,143,146.5,138.51,145.04,30971670,195.12,199.89,189,197.9,22698400,2026-03-06T03:46:34Z
GS,2007-07-27,141.44,144.52,139.87,142.93,23213101,192.65,196.84,190.51,194.67,17042900,2026-03-06T03:46:34Z
GS,2007-07-30,143.71,145.08,141.29,142.81,16580112,195.74,197.6,192.45,194.52,12173000,2026-03-06T03:46:34Z
GS,2007-07-31,138.28,146.1,137.48,145.77,20086545,188.34,198.99,187.25,198.55,14747400,2026-03-06T03:46:34Z
GS,2007-08-01,138.76,138.84,134.25,137.32,22178360,189,189.1,182.85,187.03,16283200,2026-03-06T03:46:34Z
GS,2007-08-02,137.63,141.32,135.83,138.87,17916000,187.46,192.48,185,189.15,13153800,2026-03-06T03:46:34Z
GS,2007-08-03,131.92,137.18,131.92,136.13,27008291,179.68,186.84,179.68,185.41,19829300,2026-03-06T03:46:34Z
GS,2007-08-06,137.87,137.93,128.48,131.57,25697875,187.79,187.86,175,179.2,18867200,2026-03-06T03:46:34Z
GS,2007-08-07,140.41,142.9,136.11,136.99,31005473,191.25,194.64,185.39,186.58,22764000,2026-03-06T03:46:34Z
GS,2007-08-08,141.92,145.74,138.59,140.99,28089074,193.3,198.5,188.76,192.04,20622800,2026-03-06T03:46:34Z
GS,2007-08-09,133.81,139.97,132.74,136.7,28424536,182.25,190.65,180.79,186.19,20869100,2026-03-06T03:46:34Z
GS,2007-08-10,132.52,135.39,128.9,131.16,27600243,180.5,184.41,175.57,178.64,20263900,2026-03-06T03:46:34Z
GS,2007-08-13,130.32,137.48,129.67,135.83,20863034,177.5,187.25,176.61,185.01,15317500,2026-03-06T03:46:34Z
GS,2007-08-14,124.63,131.26,124.08,131.13,35761430,169.75,178.78,169,178.6,26255800,2026-03-06T03:46:34Z
GS,2007-08-15,121.07,127.4,120.28,124.08,30336171,164.9,173.52,163.83,169,22272600,2026-03-06T03:46:34Z
GS,2007-08-16,124.7,125.85,115.55,119.75,42674740,169.85,171.41,157.38,163.1,31331500,2026-03-06T03:46:34Z
GS,2007-08-17,128.48,132.79,125.18,130.77,36425839,175,180.86,170.5,178.12,26743600,2026-03-06T03:46:34Z
GS,2007-08-20,126.84,129.5,124.9,129.23,17885347,172.76,176.39,170.12,176.02,13131300,2026-03-06T03:46:34Z
GS,2007-08-21,128.84,130.17,124.81,126.65,16066618,175.48,177.3,170,172.5,11796000,2026-03-06T03:46:34Z
GS,2007-08-22,130.61,132.19,127.96,130.33,18293960,177.89,180.05,174.29,177.52,13431300,2026-03-06T03:46:34Z
GS,2007-08-23,130.32,132.8,129.16,132,14368559,177.5,180.88,175.92,179.79,10549300,2026-03-06T03:46:34Z
GS,2007-08-24,131.96,132.35,128.92,129.39,12170233,179.73,180.26,175.6,176.24,8935300,2026-03-06T03:46:34Z
GS,2007-08-27,130.65,132.19,130.14,131.66,9076908,177.95,180.05,177.26,179.33,6664200,2026-03-06T03:46:34Z
GS,2007-08-28,125.51,129.31,125,128.49,15814641,170.95,176.13,170.25,175.01,11611000,2026-03-06T03:46:34Z
GS,2007-08-29,127.54,128.08,123.29,126.56,17431112,173.72,174.45,167.92,172.38,12797800,2026-03-06T03:46:34Z
GS,2007-08-30,125.83,127.33,124.66,124.78,13021372,171.38,173.43,169.79,169.95,9560200,2026-03-06T03:46:34Z
GS,2007-08-31,129.23,130.76,127.65,128.85,15014309,176.01,178.1,173.87,175.5,11023400,2026-03-06T03:46:34Z
GS,2007-09-04,132.74,134.87,129.35,129.35,13839821,180.8,183.7,176.18,176.18,10161100,2026-03-06T03:46:34Z
GS,2007-09-05,130.55,132,129.88,131.92,12241463,177.81,179.79,176.9,179.68,8987600,2026-03-06T03:46:34Z
GS,2007-09-06,131.55,131.94,128.75,131.05,12599002,179.18,179.71,175.36,178.5,9250100,2026-03-06T03:46:34Z
GS,2007-09-07,131.41,132.93,128.48,129.66,20626994,178.98,181.05,175,176.6,15144200,2026-03-06T03:46:34Z
GS,2007-09-10,134.81,136.61,131.05,132.52,17692346,183.61,186.07,178.5,180.5,12989600,2026-03-06T03:46:34Z
GS,2007-09-11,134.72,137.29,133.99,136.19,15449073,183.5,187,182.5,185.5,11342600,2026-03-06T03:46:34Z
GS,2007-09-12,134.01,135.28,133.4,134.46,10555129,182.53,184.25,181.7,183.14,7749500,2026-03-06T03:46:34Z
GS,2007-09-13,138.37,143.93,134.89,134.91,15380964,188.47,196.04,183.72,183.75,11292600,2026-03-06T03:46:34Z
GS,2007-09-14,139.93,140.23,136.26,137.26,12718322,190.59,191,185.59,186.95,9337700,2026-03-06T03:46:34Z
GS,2007-09-17,137.74,139.13,136.81,138.76,10557445,187.61,189.5,186.34,189,7751200,2026-03-06T03:46:34Z
GS,2007-09-18,147.21,147.4,137.59,140.08,30105977,200.5,200.76,187.41,190.8,22103600,2026-03-06T03:46:34Z
GS,2007-09-19,150.88,151.98,149.04,149.4,31474824,205.5,207,203,203.49,23108600,2026-03-06T03:46:34Z
GS,2007-09-20,149.43,154.91,149.36,154.87,37338276,203.53,211,203.44,210.94,27413500,2026-03-06T03:46:34Z
GS,2007-09-21,154.17,154.44,149.43,150.93,24773874,209.98,210.36,203.53,205.57,18188800,2026-03-06T03:46:34Z
GS,2007-09-24,154.5,157.78,152.5,154.91,18308403,210.43,214.9,207.71,210.99,13441900,2026-03-06T03:46:34Z
GS,2007-09-25,154.84,156.44,153.31,153.45,15963377,210.9,213.07,208.81,209,11720200,2026-03-06T03:46:34Z
GS,2007-09-26,157.57,158.78,154.77,155.96,14547805,214.61,216.27,210.8,212.42,10680900,2026-03-06T03:46:34Z
GS,2007-09-27,159.16,160.33,157.26,158.18,11345242,216.78,218.38,214.19,215.45,8329600,2026-03-06T03:46:34Z
GS,2007-09-28,159.13,160.55,158.03,158.41,8380766,216.74,218.67,215.25,215.76,6153100,2026-03-06T03:46:34Z
GS,2007-10-01,163.71,164.18,158.15,158.15,13490734,222.98,223.62,215.4,215.41,9904800,2026-03-06T03:46:34Z
GS,2007-10-02,167.41,167.76,163.07,163.91,12829186,228.02,228.5,222.11,223.25,9419100,2026-03-06T03:46:34Z
GS,2007-10-03,166.92,169.33,165.69,166.11,13794056,227.35,230.63,225.67,226.25,10127500,2026-03-06T03:46:34Z
GS,2007-10-04,165.89,168.31,164.38,167.07,13685774,225.95,229.25,223.89,227.55,10048000,2026-03-06T03:46:34Z
GS,2007-10-05,167.76,168.66,165.9,166.74,9991241,228.5,229.72,225.96,227.11,7335500,2026-03-06T03:46:34Z
GS,2007-10-08,166.63,168.39,166.12,167.04,5642247,226.96,229.35,226.26,227.51,4142500,2026-03-06T03:46:34Z
GS,2007-10-09,175.62,175.99,166.07,167.25,20602752,239.2,239.7,226.2,227.8,15126400,2026-03-06T03:46:34Z
GS,2007-10-10,173.23,175.49,172.46,174.08,13191355,235.94,239.03,234.9,237.11,9685000,2026-03-06T03:46:34Z
GS,2007-10-11,168.14,175.49,165.96,175.49,17552745,229.01,239.02,226.05,239.02,12887100,2026-03-06T03:46:34Z
GS,2007-10-12,171.48,171.95,168.67,169.36,8914005,233.56,234.2,229.73,230.67,6544600,2026-03-06T03:46:34Z
GS,2007-10-15,168.38,172.03,166.97,171.25,9580043,229.34,234.31,227.42,233.25,7033600,2026-03-06T03:46:34Z
GS,2007-10-16,165.07,167.4,163.87,167.22,10101295,224.83,228,223.2,227.76,7416300,2026-03-06T03:46:34Z
GS,2007-10-17,167.12,169.22,163.78,167.58,12515101,227.62,230.48,223.08,228.25,9188500,2026-03-06T03:46:34Z
GS,2007-10-18,167.29,167.62,164.62,165.12,8852166,227.85,228.31,224.22,224.9,6499200,2026-03-06T03:46:34Z
GS,2007-10-19,159.83,167.01,159.76,166.04,17859877,217.69,227.47,217.6,226.15,13112600,2026-03-06T03:46:34Z
GS,2007-10-22,163.12,164.64,156.38,158.97,16571663,222.18,224.25,213,216.52,12166800,2026-03-06T03:46:34Z
GS,2007-10-23,164.28,165.83,162.19,164.19,11136718,223.76,225.87,220.91,223.63,8176500,2026-03-06T03:46:34Z
GS,2007-10-24,165.28,165.8,158.44,163.55,17231439,225.12,225.82,215.8,222.76,12651200,2026-03-06T03:46:34Z
GS,2007-10-25,166.67,169.13,163.1,164.8,16439964,226.66,230,221.81,224.11,12088900,2026-03-06T03:46:34Z
GS,2007-10-26,173.48,174.27,168.66,171.23,12770622,235.92,236.99,229.36,232.86,9390700,2026-03-06T03:46:34Z
GS,2007-10-29,179.28,180.14,172.86,173.7,13455343,243.81,244.98,235.07,236.22,9894200,2026-03-06T03:46:34Z
GS,2007-10-30,176.72,181.19,176.08,177.4,14207782,240.33,246.4,239.45,241.25,10447500,2026-03-06T03:46:34Z
GS,2007-10-31,182.3,184.35,176.48,176.75,19567371,247.92,250.7,240,240.36,14388600,2026-03-06T03:46:34Z
GS,2007-11-01,176.64,179.72,175.56,179.09,17106462,240.21,244.41,238.75,243.55,12579000,2026-03-06T03:46:34Z
GS,2007-11-02,168.83,177.8,164.3,177.8,34237668,229.6,241.8,223.44,241.8,25176200,2026-03-06T03:46:34Z
GS,2007-11-05,160.59,165.38,156.48,161.77,29071187,218.39,224.9,212.8,220,21377100,2026-03-06T03:46:34Z
GS,2007-11-06,164.1,164.77,157.06,163.05,21183240,223.16,224.07,213.59,221.74,15576800,2026-03-06T03:46:34Z
GS,2007-11-07,157.49,163.09,156.74,161.04,17970828,214.18,221.79,213.16,219,13214600,2026-03-06T03:46:34Z
GS,2007-11-08,154.38,160.3,148.22,157.41,27611448,209.94,218,201.57,214.06,20303700,2026-03-06T03:46:34Z
GS,2007-11-09,155.4,160.74,148.96,148.96,23098685,211.33,218.59,202.57,202.57,16985300,2026-03-06T03:46:34Z
GS,2007-11-12,157.88,162.65,153.13,155.08,19594295,214.71,221.19,208.24,210.9,14408400,2026-03-06T03:46:34Z
GS,2007-11-13,171.36,171.36,160.55,162.47,23660463,233.04,233.04,218.34,220.94,17398400,2026-03-06T03:46:34Z
GS,2007-11-14,171.56,176.52,169.89,176.3,18961666,233.31,240.05,231.04,239.75,13943200,2026-03-06T03:46:34Z
GS,2007-11-15,166.94,171.84,164.52,169.21,13929685,227.02,233.69,223.74,230.11,10243000,2026-03-06T03:46:34Z
GS,2007-11-16,165.63,168.81,163.66,167.85,13712636,225.25,229.57,222.57,228.26,10083400,2026-03-06T03:46:34Z
GS,2007-11-19,162.17,167.95,159.29,164.36,14970290,220.54,228.4,216.62,223.52,11008200,2026-03-06T03:46:34Z
GS,2007-11-20,159.92,166.35,156.99,162.07,18270691,217.48,226.23,213.5,220.4,13435100,2026-03-06T03:46:34Z
GS,2007-11-21,154.05,158.3,151.8,156.93,20230057,209.5,215.27,206.44,213.41,14875900,2026-03-06T03:46:34Z
GS,2007-11-23,159.19,159.19,155.74,156.27,6444262,216.48,216.48,211.8,212.52,4738700,2026-03-06T03:46:34Z
GS,2007-11-26,152.55,159.9,151.05,157.84,13339747,207.45,217.45,205.42,214.65,9809200,2026-03-06T03:46:34Z
GS,2007-11-27,156.87,157.35,151.62,154.42,16246444,213.33,213.98,206.19,210,11946600,2026-03-06T03:46:34Z
GS,2007-11-28,167.3,167.55,157.87,159.99,21365465,227.52,227.86,214.69,217.58,15710800,2026-03-06T03:46:34Z
GS,2007-11-29,164.99,167.88,163.61,166.2,13278547,224.38,228.31,222.5,226.02,9764200,2026-03-06T03:46:34Z
GS,2007-11-30,166.66,172.23,165.28,171.08,16154107,226.64,234.22,224.77,232.65,11878700,2026-03-06T03:46:34Z
GS,2007-12-03,166.84,168.65,164.42,166.25,9248424,226.89,229.35,223.6,226.09,6800700,2026-03-06T03:46:34Z
GS,2007-12-04,158.26,164.32,158.26,162.55,14598353,215.22,223.46,215.22,221.06,10734700,2026-03-06T03:46:34Z
GS,2007-12-05,160.49,161.77,157.53,161.38,17622140,218.26,220,214.23,219.46,12958200,2026-03-06T03:46:34Z
GS,2007-12-06,163.62,164.24,157.57,157.73,13582082,222.51,223.35,214.29,214.5,9987400,2026-03-06T03:46:34Z
GS,2007-12-07,160.22,164.75,159.59,163.99,10605217,217.89,224.04,217.03,223.01,7798400,2026-03-06T03:46:34Z
GS,2007-12-10,164.87,164.94,160.31,161.18,11440884,224.21,224.31,218.01,219.19,8412900,2026-03-06T03:46:34Z
GS,2007-12-11,155.27,167.25,154.93,164.8,17388910,211.15,227.45,210.69,224.11,12786700,2026-03-06T03:46:34Z
GS,2007-12-12,156.32,162.4,153.32,159.6,24540199,212.58,220.85,208.5,217.05,18045300,2026-03-06T03:46:34Z
GS,2007-12-13,153.3,157.54,150.7,154.31,23492925,208.48,214.24,204.94,209.85,17275200,2026-03-06T03:46:34Z
GS,2007-12-14,154.91,158.24,152.73,153.49,14074375,210.67,215.2,207.7,208.74,10349400,2026-03-06T03:46:34Z
GS,2007-12-17,153.41,155.75,152.22,154.24,18127219,208.63,211.81,207,209.76,13329600,2026-03-06T03:46:34Z
GS,2007-12-18,148.18,154.81,144.79,154.27,40821736,201.51,210.53,196.9,209.8,30017700,2026-03-06T03:46:34Z
GS,2007-12-19,150.13,151.55,147.54,149.04,16180347,204.16,206.1,200.64,202.68,11898000,2026-03-06T03:46:34Z
GS,2007-12-20,149.03,152.01,147.54,151.52,13722294,202.67,206.72,200.65,206.06,10090500,2026-03-06T03:46:34Z
GS,2007-12-21,154.13,154.6,150.76,151.37,14760865,209.6,210.25,205.02,205.85,10854200,2026-03-06T03:46:34Z
GS,2007-12-24,157.6,158.06,154.94,155.16,4649980,214.32,214.95,210.7,211,3419300,2026-03-06T03:46:34Z
GS,2007-12-26,159.34,159.84,155.56,157.43,5835018,216.69,217.37,211.55,214.09,4290700,2026-03-06T03:46:34Z
GS,2007-12-27,155.85,160.16,155.85,158.01,7214522,211.95,217.8,211.95,214.88,5305100,2026-03-06T03:46:34Z
GS,2007-12-28,155.85,157.93,155.75,157.69,5724726,211.94,214.77,211.81,214.45,4209600,2026-03-06T03:46:34Z
GS,2007-12-31,158.13,159.41,154.05,155.59,7934055,215.05,216.79,209.5,211.59,5834200,2026-03-06T03:46:34Z
GS,2008-01-02,152.66,158.13,151.92,157.95,13019758,207.6,215.05,206.6,214.8,9573900,2026-03-06T03:46:34Z
GS,2008-01-03,150.63,153.72,150.11,153.63,10542386,204.84,209.04,204.14,208.92,7752200,2026-03-06T03:46:34Z
GS,2008-01-04,147.02,150.01,145.81,147.8,13815038,199.93,204,198.29,201,10158700,2026-03-06T03:46:34Z
GS,2008-01-07,143.19,147.25,139.71,147.24,21817504,194.73,200.25,189.99,200.23,16043200,2026-03-06T03:46:34Z
GS,2008-01-08,139.35,146.7,138.98,143.99,18432250,189.5,199.5,189,195.81,13553900,2026-03-06T03:46:34Z
GS,2008-01-09,141,141.33,135.08,139.01,21629700,191.75,192.2,183.7,189.04,15905100,2026-03-06T03:46:34Z
GS,2008-01-10,144.8,146.63,137.54,139.24,20165870,196.91,199.4,187.04,189.35,14828700,2026-03-06T03:46:34Z
GS,2008-01-11,146.14,147.57,143.07,144.83,16864124,198.74,200.68,194.57,196.96,12400800,2026-03-06T03:46:34Z
GS,2008-01-14,148.28,148.7,146.35,147.19,12784080,201.65,202.22,199.03,200.17,9400600,2026-03-06T03:46:34Z
GS,2008-01-15,142.13,146.74,141.45,146.74,15362362,193.29,199.55,192.36,199.55,11296500,2026-03-06T03:46:34Z
GS,2008-01-16,145.23,148.38,141.48,142.15,17719106,197.5,201.78,192.4,193.31,13029500,2026-03-06T03:46:34Z
GS,2008-01-17,140.43,146.7,139.46,145.81,16706373,190.98,199.5,189.66,198.29,12284800,2026-03-06T03:46:34Z
GS,2008-01-18,137.66,142.21,135.74,141.31,20365651,187.21,193.39,184.6,192.17,14975600,2026-03-06T03:46:34Z
GS,2008-01-22,140.22,141.79,127.98,131.01,25884208,190.69,192.83,174.05,178.17,19033600,2026-03-06T03:46:34Z
GS,2008-01-23,146.62,147.04,135.74,136.8,23984945,199.39,199.97,184.59,186.04,17637000,2026-03-06T03:46:34Z
GS,2008-01-24,146.48,147.8,142.8,147.14,16308046,199.2,201,194.2,200.1,11991900,2026-03-06T03:46:34Z
GS,2008-01-25,140.97,148.8,139.89,148.44,19031519,191.37,202,189.91,201.51,14019200,2026-03-06T03:46:34Z
GS,2008-01-28,144.56,144.72,140.42,140.42,13870321,196.25,196.46,190.62,190.62,10217300,2026-03-06T03:46:34Z
GS,2008-01-29,144.42,146.12,142.96,145.15,9726180,196.05,198.36,194.07,197.04,7164600,2026-03-06T03:46:34Z
GS,2008-01-30,146.26,151.72,142.46,143.84,23888094,198.55,205.97,193.4,195.27,17596700,2026-03-06T03:46:34Z
GS,2008-01-31,146.99,149.69,143.64,144.71,20097459,199.55,203.21,195,196.45,14804400,2026-03-06T03:46:34Z
GS,2008-02-01,153.06,153.79,145.85,146.7,16572350,207.78,208.78,198,199.15,12207700,2026-03-06T03:46:34Z
GS,2008-02-04,147.92,153.22,146.74,153.1,12314450,200.8,208,199.2,207.84,9071200,2026-03-06T03:46:34Z
GS,2008-02-05,139.86,145.34,139.67,143.39,18024634,189.86,197.31,189.61,194.66,13277500,2026-03-06T03:46:34Z
GS,2008-02-06,137.88,142.06,137.2,141.05,13516819,187.17,192.85,186.25,191.48,9956900,2026-03-06T03:46:34Z
GS,2008-02-07,140.3,142.74,136.51,136.84,14714834,190.46,193.77,185.32,185.77,10839400,2026-03-06T03:46:34Z
GS,2008-02-08,137.8,140.43,136.79,139.22,10683101,187.07,190.64,185.7,189,7869500,2026-03-06T03:46:34Z
GS,2008-02-11,136.92,139.96,136.65,138.39,12050682,185.87,190,185.5,187.87,8876900,2026-03-06T03:46:34Z
GS,2008-02-12,133.07,137.2,131.49,137.15,24978466,180.65,186.25,178.5,186.18,18399900,2026-03-06T03:46:34Z
GS,2008-02-13,132.73,133.87,130.01,132.81,18918164,180.18,181.73,176.5,180.29,13935700,2026-03-06T03:46:34Z
GS,2008-02-14,130.06,133.4,130.01,131.49,14930550,176.56,181.1,176.5,178.5,10998300,2026-03-06T03:46:34Z
GS,2008-02-15,131.42,131.7,127.71,128.98,16903719,178.41,178.79,173.37,175.1,12451800,2026-03-06T03:46:34Z
GS,2008-02-19,128.03,133.6,127.2,132.82,14075576,173.8,181.37,172.68,180.31,10368500,2026-03-06T03:46:34Z
GS,2008-02-20,130.57,131.75,126.57,126.68,14655919,177.25,178.85,171.82,171.97,10796000,2026-03-06T03:46:34Z
GS,2008-02-21,129.04,132,128.7,131.49,11142489,175.17,179.2,174.72,178.5,8207900,2026-03-06T03:46:34Z
GS,2008-02-22,130.91,131.12,126.25,129.31,13075891,177.71,178,171.39,175.55,9632100,2026-03-06T03:46:34Z
GS,2008-02-25,130.65,131.12,126.75,129.17,17443343,177.36,178,172.07,175.35,12849300,2026-03-06T03:46:34Z
GS,2008-02-26,127.22,131.12,126.61,129.26,15636602,172.7,178,171.87,175.48,11518400,2026-03-06T03:46:34Z
GS,2008-02-27,133.18,133.54,126.34,126.58,21590743,180.8,181.28,171.51,171.84,15904400,2026-03-06T03:46:34Z
GS,2008-02-28,130.16,132.8,129.33,132.8,11984571,176.7,180.28,175.57,180.28,8828200,2026-03-06T03:46:34Z
GS,2008-02-29,124.95,129.31,124.49,128.46,15088437,169.63,175.54,169,174.39,11114600,2026-03-06T03:46:34Z
GS,2008-03-03,121.6,124.7,121.04,124.7,16185722,165.08,169.29,164.31,169.29,11922900,2026-03-06T03:46:34Z
GS,2008-03-04,120.51,122.61,118.01,120.52,24290729,163.6,166.44,160.2,163.61,17893300,2026-03-06T03:46:34Z
GS,2008-03-05,121.52,123.98,119.83,120.74,18025459,164.97,168.31,162.67,163.91,13278100,2026-03-06T03:46:34Z
GS,2008-03-06,116.87,120.5,116.48,120.03,20544362,158.65,163.59,158.13,162.95,15133600,2026-03-06T03:46:34Z
GS,2008-03-07,117.91,120.31,115.65,115.65,20673857,160.07,163.32,157,157,15229000,2026-03-06T03:46:34Z
GS,2008-03-10,114.61,121.38,114.35,117.85,18635932,155.58,164.78,155.23,159.99,13727800,2026-03-06T03:46:34Z
GS,2008-03-11,120.12,121.43,116.02,119.26,27858481,163.07,164.84,157.5,161.9,20521400,2026-03-06T03:46:34Z
GS,2008-03-12,120.08,125.27,119.78,120.83,19619610,163.01,170.06,162.61,164.03,14452400,2026-03-06T03:46:34Z
GS,2008-03-13,121.87,123.24,115.47,118.19,25276162,165.44,167.3,156.76,160.44,18619200,2026-03-06T03:46:34Z
GS,2008-03-14,115.55,123.61,114.18,123.02,36793875,156.86,167.8,155,167,27103500,2026-03-06T03:46:34Z
GS,2008-03-17,111.25,113.53,103.33,104.62,52478839,151.02,154.12,140.27,142.03,38657500,2026-03-06T03:46:34Z
GS,2008-03-18,129.34,129.56,117.68,121.52,58755397,175.59,175.88,159.76,164.96,43281000,2026-03-06T03:46:34Z
GS,2008-03-19,122.64,131.46,121.84,131.08,32825960,166.49,178.46,165.4,177.94,24180600,2026-03-06T03:46:34Z
GS,2008-03-20,132.32,132.86,122.44,122.5,28247276,179.63,180.36,166.21,166.3,20807800,2026-03-06T03:46:34Z
GS,2008-03-24,131.77,135.92,129.76,131.86,21238594,178.88,184.52,176.15,179,15645000,2026-03-06T03:46:34Z
GS,2008-03-25,132.32,134.55,130.49,130.76,15839152,179.63,182.65,177.14,177.51,11667600,2026-03-06T03:46:34Z
GS,2008-03-26,129.26,131.89,128.42,131.48,15764622,175.48,179.05,174.33,178.49,11612700,2026-03-06T03:46:34Z
GS,2008-03-27,123.86,130.56,123.3,130.1,20632995,168.14,177.24,167.38,176.61,15198900,2026-03-06T03:46:34Z
GS,2008-03-28,121.14,125.6,120.36,124.91,16261610,164.45,170.5,163.39,169.57,11978800,2026-03-06T03:46:34Z
GS,2008-03-31,121.83,124.11,119.96,120.93,12191324,165.39,168.49,162.85,164.17,8980500,2026-03-06T03:46:34Z
GS,2008-04-01,130.28,130.38,125.38,126.33,19948530,176.86,176.99,170.21,171.49,14694700,2026-03-06T03:46:34Z
GS,2008-04-02,130.29,133.79,129.72,130.38,16353522,176.87,181.62,176.1,177,12046500,2026-03-06T03:46:34Z
GS,2008-04-03,130.04,131.97,127.35,128.76,14601348,176.53,179.15,172.88,174.79,10755800,2026-03-06T03:46:34Z
GS,2008-04-04,129.21,132.1,128.17,130.05,11535768,175.4,179.33,174,176.55,8497600,2026-03-06T03:46:34Z
GS,2008-04-07,131.66,133.88,130.33,131.53,13958826,178.73,181.75,176.93,178.56,10282500,2026-03-06T03:46:34Z
GS,2008-04-08,131.78,133.7,130.21,130.81,11716049,178.9,181.5,176.76,177.58,8630400,2026-03-06T03:46:34Z
GS,2008-04-09,128.28,131.78,127.55,131.3,15512395,174.14,178.9,173.15,178.25,11426900,2026-03-06T03:46:34Z
GS,2008-04-10,125.63,128.1,124.39,128.1,20023748,170.55,173.9,168.87,173.9,14750100,2026-03-06T03:46:34Z
GS,2008-04-11,123.24,126.61,122.92,123.75,15417769,167.3,171.87,166.87,168,11357200,2026-03-06T03:46:34Z
GS,2008-04-14,120.51,123.42,120.33,122.61,13382691,163.59,167.55,163.35,166.45,9858100,2026-03-06T03:46:34Z
GS,2008-04-15,120.95,122.24,119.1,121.59,12400928,164.2,165.95,161.68,165.06,9134900,2026-03-06T03:46:34Z
GS,2008-04-16,124.53,124.62,122.21,122.39,12683970,169.05,169.17,165.91,166.15,9343400,2026-03-06T03:46:34Z
GS,2008-04-17,126.77,127.81,123.09,123.56,11852483,172.1,173.5,167.1,167.74,8730900,2026-03-06T03:46:34Z
GS,2008-04-18,132.54,134.83,130.32,130.32,22920314,179.93,183.03,176.91,176.91,16883800,2026-03-06T03:46:34Z
GS,2008-04-21,132.89,133.88,131.33,132.28,10616858,180.4,181.75,178.29,179.57,7820700,2026-03-06T03:46:34Z
GS,2008-04-22,132.42,133.6,131.49,132.43,8319095,179.76,181.37,178.5,179.78,6128100,2026-03-06T03:46:34Z
GS,2008-04-23,132.11,134.95,131.12,133.21,10096512,179.35,183.2,178,180.84,7437400,2026-03-06T03:46:34Z
GS,2008-04-24,139.07,139.51,132.12,132.84,17901100,188.79,189.39,179.36,180.34,13186500,2026-03-06T03:46:34Z
GS,2008-04-25,141.7,142.06,139.02,140.41,16518328,192,192.49,188.37,190.26,12190500,2026-03-06T03:46:34Z
GS,2008-04-28,140.4,142.06,140.14,142.06,8475487,190.24,192.5,189.89,192.49,6254900,2026-03-06T03:46:34Z
GS,2008-04-29,142.2,142.2,138.93,140.4,9659772,192.68,192.68,188.25,190.25,7128900,2026-03-06T03:46:34Z
GS,2008-04-30,141.23,143.86,140.09,142.43,14028886,191.37,194.93,189.82,193,10353300,2026-03-06T03:46:34Z
GS,2008-05-01,146.9,147,140.85,141.53,12850161,199.05,199.19,190.85,191.77,9483400,2026-03-06T03:46:34Z
GS,2008-05-02,147.8,150.1,146.12,149.92,12787963,200.27,203.39,198,203.15,9437500,2026-03-06T03:46:34Z
GS,2008-05-05,145.47,148.43,144.76,146.57,8658280,197.12,201.12,196.15,198.61,6389800,2026-03-06T03:46:34Z
GS,2008-05-06,145.84,147.05,142.51,143.62,10174273,197.61,199.25,193.11,194.6,7508600,2026-03-06T03:46:34Z
GS,2008-05-07,140.04,146.45,139.88,146.01,9587552,189.76,198.44,189.54,197.84,7075600,2026-03-06T03:46:34Z
GS,2008-05-08,138.54,141.25,136.72,140.77,13370486,187.72,191.39,185.26,190.75,9867400,2026-03-06T03:46:34Z
GS,2008-05-09,138.81,140.21,137.04,137.33,8766003,188.09,189.98,185.69,186.09,6469300,2026-03-06T03:46:34Z
GS,2008-05-12,141.75,142.21,138.26,139.81,7663427,192.08,192.7,187.34,189.45,5655600,2026-03-06T03:46:34Z
GS,2008-05-13,140.46,142.43,139.5,141.09,7828874,190.33,193,189.02,191.18,5777700,2026-03-06T03:46:34Z
GS,2008-05-14,140.32,142.06,139.73,140.66,6819117,190.13,192.49,189.34,190.6,5032500,2026-03-06T03:46:34Z
GS,2008-05-15,139.2,140.07,136.77,140.06,10861131,188.62,189.8,185.32,189.78,8015500,2026-03-06T03:46:34Z
GS,2008-05-16,138.11,139.93,137.27,139.89,8329552,187.14,189.61,186,189.55,6147200,2026-03-06T03:46:34Z
GS,2008-05-19,136.09,139.72,135.4,137.02,9499877,184.4,189.32,183.47,185.67,7010900,2026-03-06T03:46:34Z
GS,2008-05-20,134.63,136.46,133.76,135.3,9336465,182.43,184.9,181.25,183.33,6890300,2026-03-06T03:46:34Z
GS,2008-05-21,131.81,135.54,131.37,134.72,12288636,178.6,183.66,178.01,182.55,9069000,2026-03-06T03:46:34Z
GS,2008-05-22,130.77,132.78,129.15,130.03,11767225,177.2,179.92,175,176.2,8684200,2026-03-06T03:46:34Z
GS,2008-05-23,127.41,130.26,126.37,129.9,11037689,172.64,176.5,171.23,176.01,8145800,2026-03-06T03:46:34Z
GS,2008-05-27,128.35,128.93,126.05,126.76,11410049,173.92,174.7,170.8,171.76,8420600,2026-03-06T03:46:34Z
GS,2008-05-28,129.02,129.84,127.09,128.97,9817904,174.83,175.93,172.21,174.76,7245600,2026-03-06T03:46:34Z
GS,2008-05-29,130.06,132.47,128.41,128.77,10510993,176.24,179.5,174,174.49,7757100,2026-03-06T03:46:34Z
GS,2008-05-30,130.19,132,129.78,131.22,7722097,176.41,178.86,175.85,177.8,5698900,2026-03-06T03:46:34Z
GS,2008-06-02,127.19,131.14,126.06,130.63,13344467,172.34,177.7,170.81,177,9848200,2026-03-06T03:46:34Z
GS,2008-06-03,125.89,128.16,123.69,127.93,18039465,170.58,173.66,167.6,173.35,13313100,2026-03-06T03:46:34Z
GS,2008-06-04,127.01,129.56,125.13,125.46,14604224,172.1,175.56,169.55,170,10777900,2026-03-06T03:46:34Z
GS,2008-06-05,130.33,130.95,127.81,127.83,13174546,176.6,177.44,173.19,173.21,9722800,2026-03-06T03:46:34Z
GS,2008-06-06,125.05,129.2,125.05,129.16,14309374,169.44,175.07,169.44,175.02,10560300,2026-03-06T03:46:34Z
GS,2008-06-09,122.33,127.44,120.55,126.09,17612897,165.76,172.68,163.35,170.85,12998300,2026-03-06T03:46:34Z
GS,2008-06-10,123.4,125.04,120.45,120.85,14925496,167.21,169.43,163.21,163.75,11015000,2026-03-06T03:46:34Z
GS,2008-06-11,119.85,123.43,118.97,123.25,22316296,162.4,167.25,161.21,167,16469400,2026-03-06T03:46:34Z
GS,2008-06-12,123.06,125.23,120.47,120.47,15945011,166.75,169.69,163.24,163.24,11767400,2026-03-06T03:46:34Z
GS,2008-06-13,131.58,131.78,125.02,125.07,19436345,178.29,178.56,169.4,169.47,14344000,2026-03-06T03:46:34Z
GS,2008-06-16,134.38,136.34,130.34,131.17,22184046,182.09,184.75,176.61,177.74,16371800,2026-03-06T03:46:34Z
GS,2008-06-17,132.43,137.19,132.21,136.56,33094636,179.44,185.89,179.14,185.04,24423800,2026-03-06T03:46:34Z
GS,2008-06-18,134.88,136.79,129.56,130.33,21981749,182.77,185.35,175.56,176.6,16222500,2026-03-06T03:46:34Z
GS,2008-06-19,137.95,137.99,133.66,135.56,14348940,186.93,186.98,181.11,183.69,10589500,2026-03-06T03:46:34Z
GS,2008-06-20,135.62,137.78,134.94,136.54,15354095,183.77,186.7,182.85,185.02,11331300,2026-03-06T03:46:34Z
GS,2008-06-23,131.8,136.24,130.63,136.24,13363302,178.59,184.6,177.01,184.6,9862100,2026-03-06T03:46:34Z
GS,2008-06-24,134.3,136.24,130.88,131.08,17159244,181.98,184.6,177.34,177.62,12663500,2026-03-06T03:46:34Z
GS,2008-06-25,135.53,138.01,135.12,135.71,14691349,183.65,187.01,183.09,183.89,10842200,2026-03-06T03:46:34Z
GS,2008-06-26,130.08,133.21,129.3,132.11,18434049,176.26,180.5,175.2,179.01,13604300,2026-03-06T03:46:34Z
GS,2008-06-27,128.82,131.57,127.15,130.63,17169006,174.56,178.28,172.29,177.01,12670700,2026-03-06T03:46:34Z
GS,2008-06-30,129.08,131.56,127.89,129.56,12715330,174.9,178.26,173.29,175.55,9383900,2026-03-06T03:46:34Z
GS,2008-07-01,129.39,130.67,125.63,127.77,18889736,175.33,177.06,170.23,173.13,13940600,2026-03-06T03:46:34Z
GS,2008-07-02,131.95,134.79,129.29,130.46,22029846,178.79,182.64,175.19,176.77,16258000,2026-03-06T03:46:34Z
GS,2008-07-03,132.02,134.58,131.56,134.28,8387006,178.89,182.36,178.26,181.95,6189600,2026-03-06T03:46:34Z
GS,2008-07-07,125.33,134.25,123.53,133.21,23053302,169.82,181.91,167.39,180.5,17013300,2026-03-06T03:46:34Z
GS,2008-07-08,129.08,129.89,123.05,126.47,22751389,174.9,176,166.74,171.37,16790500,2026-03-06T03:46:34Z
GS,2008-07-09,124.74,130.97,123.61,129.78,17492177,169.02,177.47,167.5,175.85,12909200,2026-03-06T03:46:34Z
GS,2008-07-10,125.58,127.89,122.69,123.62,19113984,170.16,173.3,166.25,167.51,14106100,2026-03-06T03:46:34Z
GS,2008-07-11,119.91,123.89,116.97,122.77,33639496,162.48,167.88,158.5,166.35,24825900,2026-03-06T03:46:34Z
GS,2008-07-14,117.1,123.98,117.03,123.43,21605604,158.67,168,158.57,167.25,15944900,2026-03-06T03:46:34Z
GS,2008-07-15,116.46,120.74,112.36,115.89,34678921,157.8,163.61,152.25,157.04,25593000,2026-03-06T03:46:34Z
GS,2008-07-16,127.57,127.87,117.45,118.97,26243938,172.86,173.27,159.15,161.21,19368000,2026-03-06T03:46:34Z
GS,2008-07-17,133.75,136.12,129.04,129.61,33630408,181.24,184.45,174.85,175.62,24819200,2026-03-06T03:46:34Z
GS,2008-07-18,134.94,135.42,131.41,134.8,15883630,182.84,183.5,178.06,182.66,11722100,2026-03-06T03:46:34Z
GS,2008-07-21,133.42,136.27,132.14,135.91,11981321,180.78,184.65,179.05,184.16,8842200,2026-03-06T03:46:34Z
GS,2008-07-22,138.77,138.77,130.85,131.7,15267638,188.04,188.04,177.3,178.46,11267500,2026-03-06T03:46:34Z
GS,2008-07-23,138.65,140.25,136.3,138.73,13387423,187.87,190.04,184.69,187.98,9879900,2026-03-06T03:46:34Z
GS,2008-07-24,133.03,139.1,132.67,139.1,11962083,180.26,188.49,179.77,188.49,8828000,2026-03-06T03:46:34Z
GS,2008-07-25,132.11,134.58,130.27,134.03,9782879,178.66,182,176.17,181.26,7233800,2026-03-06T03:46:34Z
GS,2008-07-28,127.85,134.78,127.35,132.31,12529171,172.9,182.28,172.23,178.94,9264500,2026-03-06T03:46:34Z
GS,2008-07-29,134.3,134.49,128.19,129.13,15078819,181.63,181.88,173.36,174.63,11149800,2026-03-06T03:46:34Z
GS,2008-07-30,137.66,138.15,133.81,136.06,13340060,186.17,186.83,180.96,184,9864100,2026-03-06T03:46:34Z
GS,2008-07-31,136.09,137.59,134.87,135.36,8199239,184.04,186.07,182.4,183.06,6062800,2026-03-06T03:46:34Z
GS,2008-08-01,134.58,137.53,132.11,136.79,10136528,182,186,178.66,185,7495300,2026-03-06T03:46:34Z
GS,2008-08-04,131.52,133.53,130.29,132.85,10212941,177.86,180.59,176.2,179.66,7551800,2026-03-06T03:46:34Z
GS,2008-08-05,133.67,133.71,129.77,132.28,11863253,180.77,180.83,175.5,178.89,8772100,2026-03-06T03:46:34Z
GS,2008-08-06,132.77,133.76,131.25,132.57,7888052,179.55,180.9,177.5,179.29,5832700,2026-03-06T03:46:34Z
GS,2008-08-07,127.43,131.99,126.55,131.94,12313603,172.33,178.5,171.15,178.44,9105100,2026-03-06T03:46:34Z
GS,2008-08-08,130.1,131.95,127.2,127.75,8972397,175.95,178.45,172.02,172.76,6634500,2026-03-06T03:46:34Z
GS,2008-08-11,131.62,135.46,129.45,130.42,11899367,178,183.2,175.07,176.38,8798800,2026-03-06T03:46:34Z
GS,2008-08-12,123.71,128.28,123.16,128.14,18965980,167.3,173.48,166.56,173.3,14024100,2026-03-06T03:46:34Z
GS,2008-08-13,121.93,125.26,120.08,123.49,16757676,164.9,169.4,162.4,167,12391200,2026-03-06T03:46:34Z
GS,2008-08-14,123.18,124.89,121.35,121.72,11711922,166.59,168.9,164.11,164.61,8660200,2026-03-06T03:46:34Z
GS,2008-08-15,120.66,124,120.04,123.78,11341371,163.18,167.69,162.34,167.4,8386200,2026-03-06T03:46:34Z
GS,2008-08-18,118.34,120.29,118.09,119.98,10033612,160.04,162.68,159.7,162.26,7419200,2026-03-06T03:46:34Z
GS,2008-08-19,116.83,119.6,116.02,117.19,12125758,158,161.75,156.9,158.49,8966200,2026-03-06T03:46:34Z
GS,2008-08-20,117.02,118.64,114.83,116.93,12769353,158.25,160.44,155.3,158.13,9442100,2026-03-06T03:46:34Z
GS,2008-08-21,115.66,116.83,112.83,115.2,19656380,156.42,158,152.59,155.79,14534600,2026-03-06T03:46:34Z
GS,2008-08-22,118.17,118.91,115.94,118.3,11253331,159.81,160.81,156.8,159.99,8321100,2026-03-06T03:46:34Z
GS,2008-08-25,115.14,117.32,114.69,117.27,8282684,155.71,158.66,155.11,158.59,6124500,2026-03-06T03:46:34Z
GS,2008-08-26,115.29,116.73,113.42,115,8108901,155.91,157.86,153.38,155.52,5996000,2026-03-06T03:46:34Z
GS,2008-08-27,114.97,115.26,113.44,114.4,9005528,155.48,155.88,153.41,154.71,6659000,2026-03-06T03:46:34Z
GS,2008-08-28,119.66,119.66,115.85,116.27,11585339,161.83,161.83,156.67,157.24,8566600,2026-03-06T03:46:34Z
GS,2008-08-29,121.25,122.01,118.51,118.72,10259865,163.97,165,160.27,160.56,7586500,2026-03-06T03:46:34Z
GS,2008-09-02,122.24,124.9,120.31,123.77,11315675,165.32,168.91,162.7,167.39,8367200,2026-03-06T03:46:34Z
GS,2008-09-03,123.94,124.17,119.81,121.25,9025006,167.61,167.92,162.03,163.97,6673400,2026-03-06T03:46:34Z
GS,2008-09-04,118.97,123.86,118.31,122.86,10536025,160.9,167.5,160,166.15,7790700,2026-03-06T03:46:34Z
GS,2008-09-05,120.71,121.05,116.62,116.76,10183728,163.24,163.71,157.72,157.9,7530200,2026-03-06T03:46:34Z
GS,2008-09-08,125.5,127.52,120.17,126.44,20260754,169.73,172.45,162.51,171,14981500,2026-03-06T03:46:34Z
GS,2008-09-09,119.54,124.51,118.68,123.71,16820552,161.67,168.38,160.5,167.3,12437700,2026-03-06T03:46:34Z
GS,2008-09-10,116.53,119.05,115.15,118.24,17499451,157.59,161,155.73,159.9,12939700,2026-03-06T03:46:34Z
GS,2008-09-11,116.11,117.88,110.82,111.92,28067933,157.03,159.42,149.87,151.36,20754400,2026-03-06T03:46:34Z
GS,2008-09-12,114.03,119.62,112.65,114.15,21134800,154.21,161.77,152.35,154.38,15627800,2026-03-06T03:46:34Z
GS,2008-09-15,100.19,111.95,96.44,105.21,57478102,135.5,151.4,130.43,142.28,42501300,2026-03-06T03:46:34Z
GS,2008-09-16,98.35,100.04,85.87,85.87,65119474,133.01,135.29,116.13,116.13,48151600,2026-03-06T03:46:34Z
GS,2008-09-17,84.67,93.61,72.3,89.32,151454075,114.5,126.6,97.78,120.8,111990304,2026-03-06T03:46:34Z
GS,2008-09-18,79.86,88.73,63.82,78.38,154684468,108,120,86.31,106,114379000,2026-03-06T03:46:34Z
GS,2008-09-19,95.98,107.2,85.77,105.38,58434247,129.8,144.98,116,142.51,43208300,2026-03-06T03:46:34Z
GS,2008-09-22,89.31,100.3,89.05,98.18,29654148,120.78,135.64,120.43,132.78,21927300,2026-03-06T03:46:34Z
GS,2008-09-23,92.47,93.13,83.56,87.91,27438802,125.05,125.95,113.01,118.89,20289200,2026-03-06T03:46:34Z
GS,2008-09-24,98.34,98.86,93.18,94.97,63043572,133,133.7,126.02,128.44,46616600,2026-03-06T03:46:34Z
GS,2008-09-25,100.19,102.03,95.21,99.31,25912228,135.5,137.99,128.76,134.31,19160400,2026-03-06T03:46:34Z
GS,2008-09-26,102.03,102.03,95.76,99.82,21376464,137.99,137.99,129.51,134.99,15806500,2026-03-06T03:46:34Z
GS,2008-09-29,89.25,99.54,77.64,99.39,32044503,120.7,134.62,105,134.42,23694800,2026-03-06T03:46:34Z
GS,2008-09-30,94.65,96.13,92.06,93.83,17759385,128,130,124.5,126.89,13131900,2026-03-06T03:46:34Z
GS,2008-10-01,99.45,100.08,92.42,94.14,18718771,134.5,135.35,124.99,127.32,13841300,2026-03-06T03:46:34Z
GS,2008-10-02,97.27,98.5,94.69,97.61,14733964,131.54,133.21,128.05,132,10894800,2026-03-06T03:46:34Z
GS,2008-10-03,94.65,105,93.86,98.23,21748380,128,142,126.94,132.84,16081500,2026-03-06T03:46:34Z
GS,2008-10-06,91.69,94.03,85.03,90.05,28898155,124,127.17,115,121.78,21368300,2026-03-06T03:46:34Z
GS,2008-10-07,85.03,94.28,82.83,93.8,23241535,115,127.51,112.02,126.85,17185600,2026-03-06T03:46:34Z
GS,2008-10-08,83.56,89.47,79.53,81.34,24645860,113,121,107.55,110,18224000,2026-03-06T03:46:34Z
GS,2008-10-09,74.94,87.95,73.94,87.07,38075168,101.35,118.94,100,117.75,28154100,2026-03-06T03:46:34Z
GS,2008-10-10,65.66,73.5,54.72,63.63,96471416,88.8,99.4,74,86.05,71334304,2026-03-06T03:46:34Z
GS,2008-10-13,82.08,85.52,67.29,73.15,61405864,111,115.65,91,98.93,45405600,2026-03-06T03:46:34Z
GS,2008-10-14,90.88,94.65,86.75,93.15,56270835,122.9,128,117.32,125.97,41608600,2026-03-06T03:46:34Z
GS,2008-10-15,83.67,89.26,81.92,84.63,30092595,113.15,120.71,110.79,114.45,22251500,2026-03-06T03:46:34Z
GS,2008-10-16,83.11,87.62,76.9,85.03,37736558,112.4,118.49,104,115,27903700,2026-03-06T03:46:34Z
GS,2008-10-17,84.52,87.69,79.12,81.52,24902127,114.3,118.59,107,110.24,18413500,2026-03-06T03:46:34Z
GS,2008-10-20,89.84,91.54,85.52,86.92,22867337,121.5,123.8,115.65,117.55,16908900,2026-03-06T03:46:34Z
GS,2008-10-21,89.73,91.41,87.87,89.2,18376605,121.35,123.62,118.83,120.63,13588300,2026-03-06T03:46:34Z
GS,2008-10-22,85.08,88.87,82.08,86.84,20910446,115.06,120.19,111,117.44,15461900,2026-03-06T03:46:34Z
GS,2008-10-23,80.53,86.04,75.44,84.54,34423774,108.58,116,101.71,113.98,25531800,2026-03-06T03:46:34Z
GS,2008-10-24,74.47,77.88,71.2,72.63,33034141,100.4,105,96,97.92,24501100,2026-03-06T03:46:34Z
GS,2008-10-27,68.89,75.65,67.84,71.8,27774123,92.88,102,91.47,96.8,20599800,2026-03-06T03:46:34Z
GS,2008-10-28,69.4,72.13,60.98,71.94,67509404,93.57,97.25,82.22,96.99,50071100,2026-03-06T03:46:34Z
GS,2008-10-29,72.43,76.18,65.76,69.34,37441895,97.66,102.71,88.66,93.49,27770300,2026-03-06T03:46:34Z
GS,2008-10-30,67.58,75.1,65.28,74.92,40039624,91.11,101.25,88.01,101.01,29697000,2026-03-06T03:46:34Z
GS,2008-10-31,68.61,70.46,64.67,65.66,33550909,92.5,95,87.2,88.53,24884400,2026-03-06T03:46:34Z
GS,2008-11-03,66.08,70.65,64.76,68.15,26694288,89.09,95.25,87.31,91.88,19798900,2026-03-06T03:46:34Z
GS,2008-11-04,70.46,70.46,64.66,67.06,29914498,95,95,87.18,90.41,22187300,2026-03-06T03:46:34Z
GS,2008-11-05,64.85,70.25,64.16,68.79,21165835,87.43,94.71,86.5,92.75,15698500,2026-03-06T03:46:34Z
GS,2008-11-06,59.87,65.86,58.9,63.72,34988018,80.72,88.8,79.41,85.91,25950300,2026-03-06T03:46:34Z
GS,2008-11-07,57.69,60.71,55.63,60.41,42409997,77.78,81.85,75,81.45,31455100,2026-03-06T03:46:34Z
GS,2008-11-10,52.82,58.76,50.81,58.42,64025335,71.21,79.22,68.51,78.77,47487000,2026-03-06T03:46:34Z
GS,2008-11-11,55.39,55.94,49.46,51.44,64167943,74.68,75.42,66.68,69.36,47592800,2026-03-06T03:46:34Z
GS,2008-11-12,49.54,54.62,47.87,53.39,46411820,66.79,73.64,64.54,71.99,34423200,2026-03-06T03:46:34Z
GS,2008-11-13,51.91,52.22,45.26,50.28,53928712,69.99,70.4,61.02,67.79,39998400,2026-03-06T03:46:34Z
GS,2008-11-14,49.49,51.92,48.3,50.32,29908303,66.73,70,65.12,67.85,22182700,2026-03-06T03:46:34Z
GS,2008-11-17,46.35,49.2,45.8,48.02,27374379,62.49,66.33,61.75,64.75,20303300,2026-03-06T03:46:34Z
GS,2008-11-18,46.01,48.58,44.92,46.62,34715123,62.03,65.5,60.56,62.85,25747900,2026-03-06T03:46:34Z
GS,2008-11-19,40.93,47.06,40.45,45.49,41104998,55.18,63.45,54.54,61.33,30487200,2026-03-06T03:46:34Z
GS,2008-11-20,38.57,42.68,36.34,40.61,74978049,52,57.54,49,54.75,55610500,2026-03-06T03:46:34Z
GS,2008-11-21,39.54,40.45,35.16,40.35,53380111,53.31,54.54,47.41,54.4,39591500,2026-03-06T03:46:34Z
GS,2008-11-24,50,51.99,40.99,41.63,60155654,67.42,70.1,55.27,56.13,44616900,2026-03-06T03:46:34Z
GS,2008-11-25,53.24,55.26,49.34,52.96,52130715,71.78,74.5,66.52,71.41,38664900,2026-03-06T03:46:34Z
GS,2008-11-26,56.74,58.19,51.47,51.88,33724053,76.5,78.45,69.4,69.95,25012800,2026-03-06T03:46:34Z
GS,2008-11-28,58.59,60.22,55.06,56.23,15551912,78.99,81.19,74.24,75.82,11534700,2026-03-06T03:46:34Z
GS,2008-12-01,48.77,56.22,47.61,56.22,38557028,65.76,75.8,64.19,75.8,28597400,2026-03-06T03:46:34Z
GS,2008-12-02,48.21,49.69,44.66,47.18,47622678,65,67,60.22,63.61,35321300,2026-03-06T03:46:34Z
GS,2008-12-03,51.14,51.82,46.07,46.78,39151069,68.95,69.87,62.12,63.07,29038000,2026-03-06T03:46:34Z
GS,2008-12-04,50.09,52.4,48.98,50.58,32141007,67.53,70.65,66.04,68.19,23838700,2026-03-06T03:46:34Z
GS,2008-12-05,52.45,52.81,48.23,49.52,32317898,70.72,71.2,65.02,66.76,23969900,2026-03-06T03:46:34Z
GS,2008-12-08,57.22,58.24,54.53,54.79,30682486,77.15,78.53,73.52,73.87,22756900,2026-03-06T03:46:34Z
GS,2008-12-09,53.97,57.76,53.08,55.94,23102229,72.77,77.87,71.56,75.42,17134700,2026-03-06T03:46:34Z
GS,2008-12-10,53.05,54.81,51.44,54.74,19018316,71.53,73.9,69.35,73.8,14105700,2026-03-06T03:46:34Z
GS,2008-12-11,51.7,54.88,51.24,52.18,20865284,69.71,74,69.09,70.35,15475600,2026-03-06T03:46:34Z
GS,2008-12-12,50.24,52.33,48.58,48.73,21319275,67.74,70.55,65.5,65.7,15812300,2026-03-06T03:46:34Z
GS,2008-12-15,49.29,50.66,48.29,49.78,18638751,66.46,68.31,65.11,67.12,13824200,2026-03-06T03:46:34Z
GS,2008-12-16,56.37,57.85,50.84,51.6,59485569,76,78,68.54,69.57,44119900,2026-03-06T03:46:34Z
GS,2008-12-17,58.43,60.29,54.99,55.87,33750452,78.78,81.29,74.14,75.33,25032400,2026-03-06T03:46:34Z
GS,2008-12-18,59.37,60.22,58.04,59.09,26963415,80.05,81.19,78.25,79.67,19998500,2026-03-06T03:46:34Z
GS,2008-12-19,59.88,59.88,57.59,58.87,27482746,80.73,80.73,77.65,79.37,20383700,2026-03-06T03:46:34Z
GS,2008-12-22,57.11,59.43,55.55,59.34,17766295,77,80.13,74.89,80,13177100,2026-03-06T03:46:34Z
GS,2008-12-23,55.78,57.85,55.66,57.41,13097382,75.2,78,75.05,77.41,9714200,2026-03-06T03:46:34Z
GS,2008-12-24,56.69,56.92,55.82,56.03,4268898,76.44,76.74,75.26,75.54,3166200,2026-03-06T03:46:34Z
GS,2008-12-26,56.35,57.44,55.86,56.98,6310047,75.97,77.44,75.31,76.83,4680100,2026-03-06T03:46:34Z
GS,2008-12-29,56.78,57.19,55.65,56.69,8538605,76.56,77.11,75.03,76.43,6333000,2026-03-06T03:46:34Z
GS,2008-12-30,60.86,60.86,56.6,57.33,14876830,82.06,82.06,76.31,77.29,11034000,2026-03-06T03:46:34Z
GS,2008-12-31,62.59,63.9,60.17,61,20084645,84.39,86.15,81.12,82.24,14896600,2026-03-06T03:46:34Z
GS,2009-01-02,64.35,64.99,60.96,62.32,19060771,86.76,87.62,82.19,84.02,14137200,2026-03-06T03:46:34Z
GS,2009-01-05,65.85,67.46,63.38,63.65,21581502,88.78,90.95,85.46,85.81,16006800,2026-03-06T03:46:34Z
GS,2009-01-06,65.8,68.38,65.06,66.79,29058600,88.71,92.2,87.72,90.05,21552500,2026-03-06T03:46:34Z
GS,2009-01-07,62.67,65.16,62.04,64.46,16964878,84.5,87.85,83.65,86.91,12582700,2026-03-06T03:46:34Z
GS,2009-01-08,63.35,64.17,61.32,61.95,18125750,85.41,86.52,82.68,83.52,13443700,2026-03-06T03:46:34Z
GS,2009-01-09,62.24,64.43,59.64,63.72,16483282,83.92,86.87,80.41,85.91,12225500,2026-03-06T03:46:34Z
GS,2009-01-12,57.61,62.12,56.69,61.83,21272619,77.67,83.76,76.43,83.36,15777700,2026-03-06T03:46:34Z
GS,2009-01-13,57.79,58.51,54.67,55,34873184,77.92,78.88,73.71,74.16,25865100,2026-03-06T03:46:34Z
GS,2009-01-14,56.14,57.02,54.48,56.28,24835946,75.69,76.88,73.45,75.88,18420600,2026-03-06T03:46:34Z
GS,2009-01-15,54.76,56.52,51.18,55.65,34813719,73.83,76.2,69,75.03,25821000,2026-03-06T03:46:34Z
GS,2009-01-16,54.18,56.74,51.88,56.35,35122597,73.05,76.5,69.95,75.98,26050100,2026-03-06T03:46:34Z
GS,2009-01-20,43.91,52.11,43.86,51.62,44661327,59.2,70.26,59.13,69.6,33124900,2026-03-06T03:46:34Z
GS,2009-01-21,51.84,51.99,46.91,47.02,51469281,69.9,70.1,63.25,63.39,38174300,2026-03-06T03:46:34Z
GS,2009-01-22,52.68,54.66,48.6,49.9,33175815,71.03,73.69,65.53,67.28,24606200,2026-03-06T03:46:34Z
GS,2009-01-23,55.56,55.89,49.78,50.34,29551294,74.91,75.35,67.12,67.87,21917900,2026-03-06T03:46:34Z
GS,2009-01-26,55.03,58.41,53.97,56.41,25264866,74.2,78.75,72.77,76.06,18738700,2026-03-06T03:46:34Z
GS,2009-01-27,58.04,58.33,55.46,56.01,27874159,78.26,78.65,74.77,75.51,20674000,2026-03-06T03:46:34Z
GS,2009-01-28,65.05,66.08,61.84,62.51,46358654,87.7,89.1,83.37,84.28,34383800,2026-03-06T03:46:34Z
GS,2009-01-29,61.35,64.22,60.91,63.14,29158138,82.72,86.59,82.12,85.13,21626300,2026-03-06T03:46:34Z
GS,2009-01-30,59.88,62.88,58.85,62,27434072,80.73,84.78,79.35,83.59,20347600,2026-03-06T03:46:34Z
GS,2009-02-02,61.98,62.3,58.27,58.43,24925885,83.57,84,78.57,78.78,18487300,2026-03-06T03:46:34Z
GS,2009-02-03,61.42,62.67,59.19,62.52,26216052,82.81,84.5,79.8,84.3,19444200,2026-03-06T03:46:34Z
GS,2009-02-04,65.25,66.69,61.89,62.08,40149506,87.97,89.92,83.45,83.7,29778500,2026-03-06T03:46:34Z
GS,2009-02-05,68.87,70.24,63.98,64.36,45637070,92.85,94.7,86.26,86.77,33848600,2026-03-06T03:46:34Z
GS,2009-02-06,71.63,71.63,67.91,69.92,35797793,96.57,96.58,91.56,94.27,26550900,2026-03-06T03:46:34Z
GS,2009-02-09,72.6,73.17,70.19,71.96,25262820,97.89,98.66,94.63,97.02,18737200,2026-03-06T03:46:34Z
GS,2009-02-10,67.05,72.6,66.53,71.79,40259396,90.4,97.89,89.7,96.79,29860000,2026-03-06T03:46:34Z
GS,2009-02-11,70.25,70.42,67.06,68.05,26370436,94.71,94.94,90.42,91.75,19558700,2026-03-06T03:46:34Z
GS,2009-02-12,70.89,71.35,67.84,68.72,30885381,95.58,96.2,91.47,92.65,22907400,2026-03-06T03:46:34Z
GS,2009-02-13,71.54,72.67,70.09,70.46,30982171,96.45,97.98,94.5,95,22979200,2026-03-06T03:46:34Z
GS,2009-02-17,63.57,68.59,62.89,68.43,41906421,85.71,92.48,84.79,92.26,31081600,2026-03-06T03:46:34Z
GS,2009-02-18,62.67,65.04,60.13,65.04,43958863,84.5,87.69,81.07,87.69,32603900,2026-03-06T03:46:34Z
GS,2009-02-19,63.79,65.91,63.44,64.09,33003927,86.01,88.87,85.53,86.41,24478700,2026-03-06T03:46:34Z
GS,2009-02-20,63.08,64.99,59.12,61.11,48473380,84.59,87.15,79.27,81.95,36148400,2026-03-06T03:46:34Z
GS,2009-02-23,59.71,65.45,59.5,64.51,29903015,80.07,87.77,79.79,86.51,22299800,2026-03-06T03:46:34Z
GS,2009-02-24,69.34,69.42,60.78,60.8,44396904,92.98,93.09,81.51,81.53,33108400,2026-03-06T03:46:34Z
GS,2009-02-25,67.06,69.73,65.1,68.27,48612019,89.92,93.5,87.3,91.55,36251800,2026-03-06T03:46:34Z
GS,2009-02-26,68.72,70.1,67.13,68.83,36900789,92.15,94,90.02,92.3,27518300,2026-03-06T03:46:34Z
GS,2009-02-27,67.92,69.64,65.25,66.09,34925196,91.08,93.38,87.5,88.63,26045000,2026-03-06T03:46:34Z
GS,2009-03-02,64.33,67.27,63.8,65.52,32280697,86.27,90.21,85.56,87.86,24072900,2026-03-06T03:46:34Z
GS,2009-03-03,61.43,66.25,59.88,65.87,41486179,82.37,88.84,80.29,88.33,30937800,2026-03-06T03:46:34Z
GS,2009-03-04,63.74,65.62,60.78,63.31,37616771,85.47,88,81.5,84.9,28052200,2026-03-06T03:46:34Z
GS,2009-03-05,60.94,63.91,59.17,61.81,33292717,81.72,85.7,79.35,82.88,24827600,2026-03-06T03:46:34Z
GS,2009-03-06,56.41,63,54.62,61.4,44907794,75.65,84.48,73.25,82.33,33489400,2026-03-06T03:46:34Z
GS,2009-03-09,55.15,57.72,54.27,55.01,31714769,73.95,77.4,72.78,73.77,23650900,2026-03-06T03:46:34Z
GS,2009-03-10,63.6,63.72,57.5,57.93,46920257,85.28,85.45,77.1,77.68,34990200,2026-03-06T03:46:34Z
GS,2009-03-11,68.9,69.73,63.82,64.8,50944535,92.39,93.5,85.58,86.89,37991200,2026-03-06T03:46:34Z
GS,2009-03-12,72.52,72.71,67.25,68.63,41322354,97.25,97.5,90.18,92.03,30815600,2026-03-06T03:46:34Z
GS,2009-03-13,73.68,74.45,71.32,72.93,41518666,98.8,99.84,95.64,97.79,30962000,2026-03-06T03:46:34Z
GS,2009-03-16,70.02,75.62,69.5,74.82,37872071,93.9,101.41,93.19,100.33,28242600,2026-03-06T03:46:34Z
GS,2009-03-17,73.82,73.83,69.02,69.08,31323241,98.99,99.01,92.55,92.64,23358900,2026-03-06T03:46:34Z
GS,2009-03-18,78.49,79.64,72.11,72.77,46098033,105.25,106.79,96.7,97.58,34377000,2026-03-06T03:46:34Z
GS,2009-03-19,74.05,78.88,74.02,78.04,38320610,99.3,105.77,99.26,104.65,28577100,2026-03-06T03:46:34Z
GS,2009-03-20,72.58,74.95,70.92,74.21,39075583,97.32,100.5,95.1,99.51,29140100,2026-03-06T03:46:34Z
GS,2009-03-23,83.47,83.47,75.54,76.44,45040700,111.93,111.93,101.3,102.5,33588500,2026-03-06T03:46:34Z
GS,2009-03-24,82.48,86.25,81.54,82.47,41462880,110.6,115.65,109.34,110.59,30920400,2026-03-06T03:46:34Z
GS,2009-03-25,84.23,84.95,79.14,82.87,43992448,112.95,113.91,106.13,111.13,32806800,2026-03-06T03:46:34Z
GS,2009-03-26,83.52,84.41,81.62,83.52,38683067,111.99,113.19,109.45,112,28847400,2026-03-06T03:46:34Z
GS,2009-03-27,80.6,83.15,80.41,81.74,28924123,108.08,111.5,107.82,109.61,21569800,2026-03-06T03:46:34Z
GS,2009-03-30,74.92,78.34,74.92,77.64,28639198,100.46,105.05,100.46,104.11,21357300,2026-03-06T03:46:34Z
GS,2009-03-31,79.06,80.91,76.42,76.67,34749931,106.02,108.5,102.48,102.81,25914300,2026-03-06T03:46:34Z
GS,2009-04-01,82.25,83.03,77.51,77.63,33350244,110.29,111.34,103.94,104.1,24870500,2026-03-06T03:46:34Z
GS,2009-04-02,85.18,86.43,83.89,85.92,40303608,114.22,115.9,112.5,115.21,30055900,2026-03-06T03:46:34Z
GS,2009-04-03,89.04,89.31,83.93,84.12,31766158,119.4,119.76,112.55,112.8,23689200,2026-03-06T03:46:34Z
GS,2009-04-06,86.99,87.96,85.05,86.5,28292421,116.65,117.95,114.05,116,21098700,2026-03-06T03:46:34Z
GS,2009-04-07,86.57,89.31,84.69,85.01,29750419,116.08,119.76,113.57,114,22186000,2026-03-06T03:46:34Z
GS,2009-04-08,85.57,87.66,83.89,87.53,27369172,114.75,117.55,112.5,117.37,20410200,2026-03-06T03:46:34Z
GS,2009-04-09,92.72,93.2,87.59,89.33,34332740,124.33,124.98,117.45,119.79,25603200,2026-03-06T03:46:34Z
GS,2009-04-13,97.06,97.89,91.35,91.58,48832346,130.15,131.27,122.5,122.81,36416100,2026-03-06T03:46:34Z
GS,2009-04-14,85.84,92.65,85.83,92.29,107146604,115.11,124.24,115.1,123.76,79903200,2026-03-06T03:46:34Z
GS,2009-04-15,90.38,91.06,84.69,87.04,55433465,121.19,122.1,113.57,116.72,41338800,2026-03-06T03:46:34Z
GS,2009-04-16,90.38,92.22,89.17,91.79,31613547,121.19,123.67,119.58,123.09,23575400,2026-03-06T03:46:34Z
GS,2009-04-17,89.94,91.7,88.71,90.09,29294370,120.6,122.96,118.96,120.81,21845900,2026-03-06T03:46:34Z
GS,2009-04-20,85.77,88.67,85.76,87.23,28972553,115.01,118.9,115,116.97,21605900,2026-03-06T03:46:34Z
GS,2009-04-21,89.76,90.26,84.55,84.83,33220964,120.36,121.03,113.38,113.76,24774100,2026-03-06T03:46:34Z
GS,2009-04-22,89.85,93.07,87.88,88.45,37840398,120.49,124.8,117.84,118.61,28219000,2026-03-06T03:46:34Z
GS,2009-04-23,91.58,91.7,88.15,90.71,27001598,122.81,122.97,118.21,121.64,20136100,2026-03-06T03:46:34Z
GS,2009-04-24,90.46,92.25,89.67,91.91,30048528,121.3,123.7,120.25,123.25,22408300,2026-03-06T03:46:34Z
GS,2009-04-27,90.16,92.75,89,89,25652611,120.9,124.37,119.34,119.34,19130100,2026-03-06T03:46:34Z
GS,2009-04-28,89.99,91.17,89.34,89.56,19991628,120.67,122.25,119.8,120.1,14908500,2026-03-06T03:46:34Z
GS,2009-04-29,94.84,95.41,90.68,91,30847346,127.18,127.94,121.6,122.02,23004000,2026-03-06T03:46:34Z
GS,2009-04-30,95.83,96.69,93.35,95.84,33304905,128.5,129.65,125.18,128.52,24836700,2026-03-06T03:46:34Z
GS,2009-05-01,94.77,97.15,94.08,95.47,23516456,127.08,130.27,126.16,128.02,17537100,2026-03-06T03:46:34Z
GS,2009-05-04,100.05,100.25,94.08,95.09,31424072,134.16,134.43,126.16,127.51,23434100,2026-03-06T03:46:34Z
GS,2009-05-05,100.82,101.57,98.85,99.11,22545758,135.2,136.2,132.55,132.9,16813200,2026-03-06T03:46:34Z
GS,2009-05-06,103.82,104.67,101.46,102.02,27510369,139.22,140.36,136.05,136.8,20515500,2026-03-06T03:46:34Z
GS,2009-05-07,99.73,105.57,98.3,105.13,31080798,133.73,141.56,131.81,140.98,23178100,2026-03-06T03:46:34Z
GS,2009-05-08,104.1,104.1,99.3,100.59,25682520,139.59,139.59,133.15,134.89,19152400,2026-03-06T03:46:34Z
GS,2009-05-11,101.26,103.63,100.55,102.05,24664719,135.78,138.96,134.83,136.85,18393400,2026-03-06T03:46:34Z
GS,2009-05-12,100.98,103.21,98.59,102.19,28288108,135.41,138.4,132.21,137.03,21095500,2026-03-06T03:46:34Z
GS,2009-05-13,96.39,99.47,95.5,99.33,24965763,129.26,133.39,128.06,133.2,18617900,2026-03-06T03:46:34Z
GS,2009-05-14,99.63,100.26,96.16,96.29,23348439,133.6,134.44,128.94,129.12,17411800,2026-03-06T03:46:34Z
GS,2009-05-15,100.23,101.5,98.59,99.94,19774924,134.4,136.1,132.2,134.02,14746900,2026-03-06T03:46:34Z
GS,2009-05-18,106.75,106.75,102,102.31,24969515,143.15,143.15,136.78,137.2,18620700,2026-03-06T03:46:34Z
GS,2009-05-19,105.26,108.03,105.26,106.33,20554157,141.15,144.86,141.15,142.59,15328000,2026-03-06T03:46:34Z
GS,2009-05-20,101.75,106.36,101.44,106.13,28734783,136.44,142.63,136.02,142.31,21428600,2026-03-06T03:46:34Z
GS,2009-05-21,102.55,104.26,100.13,100.22,21577858,137.16,139.45,133.92,134.05,16132800,2026-03-06T03:46:34Z
GS,2009-05-22,101.94,103.92,101.72,103.01,12119890,136.35,138.99,136.05,137.78,9061500,2026-03-06T03:46:34Z
GS,2009-05-26,106.2,106.22,100.64,100.66,18422132,142.05,142.07,134.61,134.63,13773400,2026-03-06T03:46:34Z
GS,2009-05-27,104.68,108.78,104.68,106.33,22334493,140.01,145.49,140.01,142.22,16698500,2026-03-06T03:46:34Z
GS,2009-05-28,108.15,108.63,104.14,105.91,19799772,144.65,145.29,139.29,141.65,14803400,2026-03-06T03:46:34Z
GS,2009-05-29,108.09,109.08,105.63,109.02,18900426,144.57,145.9,141.28,145.81,14131000,2026-03-06T03:46:34Z
GS,2009-06-01,107.91,110.18,107.15,109.01,24615374,144.33,147.37,143.31,145.8,18403800,2026-03-06T03:46:34Z
GS,2009-06-02,107.01,108.39,106.17,107.1,16035866,143.13,144.97,142.01,143.25,11989300,2026-03-06T03:46:34Z
GS,2009-06-03,106.28,107.15,105.22,106.1,15797118,142.15,143.31,140.74,141.91,11810800,2026-03-06T03:46:34Z
GS,2009-06-04,111.75,111.96,107.96,108.15,22961256,149.47,149.75,144.4,144.65,17167100,2026-03-06T03:46:34Z
GS,2009-06-05,111.41,113.02,111.18,112.93,17143998,149.01,151.17,148.7,151.05,12817800,2026-03-06T03:46:34Z
GS,2009-06-08,110.91,111.73,109.3,110.32,14590824,148.35,149.44,146.19,147.55,10908900,2026-03-06T03:46:34Z
GS,2009-06-09,111.63,112.74,110.73,111.4,15473441,149.31,150.79,148.1,149,11568800,2026-03-06T03:46:34Z
GS,2009-06-10,109.67,112.14,108.05,112.1,19195623,146.68,149.99,144.52,149.93,14351700,2026-03-06T03:46:34Z
GS,2009-06-11,108.52,110.61,108.41,109.25,16158122,145.15,147.95,145,146.12,12080700,2026-03-06T03:46:34Z
GS,2009-06-12,108.89,109.48,107.78,107.95,10981399,145.64,146.43,144.15,144.38,8210300,2026-03-06T03:46:34Z
GS,2009-06-15,106.92,108.86,106.84,107.79,11694702,143.01,145.6,142.9,144.17,8743600,2026-03-06T03:46:34Z
GS,2009-06-16,107.78,109.05,107.11,107.62,13555189,144.16,145.85,143.26,143.94,10134600,2026-03-06T03:46:34Z
GS,2009-06-17,104.47,107.73,103.95,107.73,18789152,139.73,144.09,139.03,144.09,14047800,2026-03-06T03:46:34Z
GS,2009-06-18,106.98,107.44,104.39,104.64,14086984,143.09,143.7,139.63,139.96,10532200,2026-03-06T03:46:34Z
GS,2009-06-19,107.01,107.95,105.82,107.06,12672685,143.13,144.39,141.53,143.19,9474800,2026-03-06T03:46:34Z
GS,2009-06-22,102.44,107.3,102.44,106.07,18648040,137.01,143.52,137.01,141.87,13942300,2026-03-06T03:46:34Z
GS,2009-06-23,105.56,105.58,102.88,103.45,14794659,141.19,141.22,137.6,138.37,11061300,2026-03-06T03:46:34Z
GS,2009-06-24,106.65,108.18,105.65,106.56,15428638,142.65,144.69,141.31,142.53,11535300,2026-03-06T03:46:34Z
GS,2009-06-25,107.98,108.13,105.31,105.85,13562138,144.43,144.62,140.85,141.57,10139800,2026-03-06T03:46:34Z
GS,2009-06-26,109.71,110.8,107.61,108.03,13162487,146.74,148.19,143.93,144.49,9841000,2026-03-06T03:46:34Z
GS,2009-06-29,111.67,111.77,109.23,110.28,10486659,149.36,149.5,146.1,147.5,7840400,2026-03-06T03:46:34Z
GS,2009-06-30,110.23,112,109.34,111.77,12864217,147.44,149.8,146.24,149.49,9618000,2026-03-06T03:46:34Z
GS,2009-07-01,110.14,111.31,109.62,110.35,10039660,147.32,148.88,146.62,147.59,7506200,2026-03-06T03:46:34Z
GS,2009-07-02,107.28,109.31,107.12,109.05,10280546,143.49,146.2,143.28,145.86,7686300,2026-03-06T03:46:34Z
GS,2009-07-06,109.5,109.5,106.36,106.66,15731193,146.46,146.46,142.26,142.66,11761500,2026-03-06T03:46:34Z
GS,2009-07-07,106.57,109.88,106.39,109.34,12712552,142.54,146.97,142.3,146.24,9504600,2026-03-06T03:46:34Z
GS,2009-07-08,103.59,106.86,101.11,106.5,25952746,138.55,142.93,135.23,142.45,19403700,2026-03-06T03:46:34Z
GS,2009-07-09,107.07,108.33,105.35,105.99,20101112,143.21,144.89,140.91,141.76,15028700,2026-03-06T03:46:34Z
GS,2009-07-10,106.07,108.31,105.57,106.43,16965982,141.87,144.87,141.2,142.35,12684700,2026-03-06T03:46:34Z
GS,2009-07-13,111.73,112.04,108.45,109.7,31831515,149.44,149.85,145.05,146.72,23799000,2026-03-06T03:46:34Z
GS,2009-07-14,111.89,113.01,110.71,111.39,38542526,149.66,151.15,148.08,148.98,28816500,2026-03-06T03:46:34Z
GS,2009-07-15,116.08,116.62,112.62,113.65,28280692,155.26,155.98,150.63,152.01,21144200,2026-03-06T03:46:34Z
GS,2009-07-16,117.26,118.12,115,115.89,16920907,156.84,157.99,153.81,155,12651000,2026-03-06T03:46:34Z
GS,2009-07-17,117.26,118.08,116.28,116.54,12867299,156.84,157.94,155.52,155.87,9620300,2026-03-06T03:46:34Z
GS,2009-07-20,119.65,120.17,117.59,117.94,16638024,160.03,160.73,157.28,157.75,12439500,2026-03-06T03:46:34Z
GS,2009-07-21,119.48,119.63,117.4,119.54,14570887,159.8,160.01,157.02,159.89,10894000,2026-03-06T03:46:34Z
GS,2009-07-22,119.97,120.56,117.64,118.27,12712416,160.46,161.25,157.34,158.19,9504500,2026-03-06T03:46:34Z
GS,2009-07-23,123.7,124.42,119.1,119.77,16443013,165.45,166.42,159.3,160.2,12293700,2026-03-06T03:46:34Z
GS,2009-07-24,123.15,123.36,121.73,122.94,9762392,164.72,165,162.81,164.43,7298900,2026-03-06T03:46:34Z
GS,2009-07-27,122.52,123.72,121.12,123.14,10187989,163.87,165.47,162,164.7,7617100,2026-03-06T03:46:34Z
GS,2009-07-28,120.03,121.41,119.25,121.34,13702445,160.54,162.39,159.5,162.3,10244700,2026-03-06T03:46:34Z
GS,2009-07-29,119.21,120.36,118.06,119.03,12190918,159.44,160.98,157.9,159.21,9114600,2026-03-06T03:46:34Z
GS,2009-07-30,121.43,122.69,120.16,120.45,12597123,162.42,164.1,160.71,161.11,9418300,2026-03-06T03:46:34Z
GS,2009-07-31,122.09,122.52,120.6,121.4,10328557,163.3,163.87,161.3,162.37,7722200,2026-03-06T03:46:34Z
GS,2009-08-03,122.69,124.33,122.09,123.51,11188181,164.1,166.29,163.3,165.2,8364900,2026-03-06T03:46:34Z
GS,2009-08-04,123.49,123.72,121.84,121.86,11785380,165.17,165.47,162.96,162.99,8811400,2026-03-06T03:46:34Z
GS,2009-08-05,126.08,126.32,123.07,123.92,12835469,168.64,168.96,164.61,165.75,9596500,2026-03-06T03:46:34Z
GS,2009-08-06,124.67,127.8,123.97,126.65,10972036,166.75,170.94,165.81,169.4,8203300,2026-03-06T03:46:34Z
GS,2009-08-07,122.35,125.83,121.67,125.83,14409190,163.65,168.3,162.73,168.3,10773100,2026-03-06T03:46:34Z
GS,2009-08-10,119.89,122.53,119.18,122.02,11920200,160.36,163.88,159.4,163.2,8912200,2026-03-06T03:46:34Z
GS,2009-08-11,119.04,121.28,118.99,119.58,13091335,159.22,162.22,159.15,159.94,9787800,2026-03-06T03:46:34Z
GS,2009-08-12,122.44,122.91,119.3,119.53,13174924,163.76,164.39,159.57,159.87,9850300,2026-03-06T03:46:34Z
GS,2009-08-13,122.97,123.73,121.58,123.54,11936253,164.48,165.49,162.61,165.24,8924200,2026-03-06T03:46:34Z
GS,2009-08-14,121.67,122.91,120.22,122.59,9037323,162.73,164.39,160.79,163.97,6756800,2026-03-06T03:46:34Z
GS,2009-08-17,117.57,119.33,117.53,119.12,13574180,157.25,159.61,157.2,159.32,10148800,2026-03-06T03:46:34Z
GS,2009-08-18,119.98,120.3,119.24,119.38,10823973,160.48,160.9,159.49,159.67,8092600,2026-03-06T03:46:34Z
GS,2009-08-19,119.57,120,118.13,118.96,11823764,159.93,160.5,158,159.11,8840100,2026-03-06T03:46:34Z
GS,2009-08-20,121.37,121.75,119.7,119.77,10192672,162.33,162.84,160.1,160.2,7620600,2026-03-06T03:46:34Z
GS,2009-08-21,122.51,123.56,121.4,122.7,13906194,163.51,164.9,162.02,163.76,10419500,2026-03-06T03:46:34Z
GS,2009-08-24,121.82,124.57,121.82,123.15,12221220,162.58,166.26,162.58,164.36,9157000,2026-03-06T03:46:34Z
GS,2009-08-25,123.58,123.85,122.16,122.38,12179711,164.94,165.3,163.04,163.33,9125900,2026-03-06T03:46:34Z
GS,2009-08-26,124.34,124.69,122.66,123.1,11114013,165.95,166.41,163.7,164.29,8327400,2026-03-06T03:46:34Z
GS,2009-08-27,123.64,124.3,122.32,124.15,10530911,165.02,165.9,163.25,165.69,7890500,2026-03-06T03:46:34Z
GS,2009-08-28,123.2,124.57,122.43,124.28,9385925,164.42,166.25,163.4,165.87,7032600,2026-03-06T03:46:34Z
GS,2009-08-31,123.97,124.07,120.82,122.09,12156224,165.46,165.59,161.25,162.95,9108300,2026-03-06T03:46:34Z
GS,2009-09-01,120.01,124.66,119.83,123.48,16615368,160.17,166.38,159.93,164.8,12449400,2026-03-06T03:46:34Z
GS,2009-09-02,118.79,120.96,118.49,119.98,14351163,158.54,161.44,158.14,160.13,10752900,2026-03-06T03:46:34Z
GS,2009-09-03,121.13,121.57,119.55,119.82,11797338,161.66,162.25,159.55,159.92,8839400,2026-03-06T03:46:34Z
GS,2009-09-04,122.11,122.77,120.9,121.04,8306480,162.97,163.85,161.36,161.54,6223800,2026-03-06T03:46:34Z
GS,2009-09-08,125.29,125.32,123.67,123.82,13442410,167.22,167.25,165.05,165.25,10072000,2026-03-06T03:46:34Z
GS,2009-09-09,127.58,127.8,125.25,125.73,13612306,170.27,170.56,167.16,167.8,10199300,2026-03-06T03:46:34Z
GS,2009-09-10,131.02,131.39,127.47,128.12,18006317,174.87,175.36,170.13,171,13491600,2026-03-06T03:46:34Z
GS,2009-09-11,130.9,133.23,130.65,132.47,14809610,174.7,177.81,174.37,176.8,11096400,2026-03-06T03:46:34Z
GS,2009-09-14,133.15,133.29,129.74,129.83,10718423,177.71,177.9,173.16,173.28,8031000,2026-03-06T03:46:34Z
GS,2009-09-15,132.37,133.37,131.47,133.37,11211574,176.66,178,175.46,178,8400500,2026-03-06T03:46:34Z
GS,2009-09-16,134.77,134.77,132.25,133.24,11611559,179.87,179.87,176.5,177.82,8700200,2026-03-06T03:46:34Z
GS,2009-09-17,135.96,137.12,134.53,134.78,12915765,181.46,183,179.55,179.88,9677400,2026-03-06T03:46:34Z
GS,2009-09-18,137.25,137.83,135.36,136.13,11204495,183.18,183.95,180.65,181.69,8395200,2026-03-06T03:46:34Z
GS,2009-09-21,136.66,137.66,135.93,136.13,8479718,182.39,183.73,181.41,181.69,6353600,2026-03-06T03:46:34Z
GS,2009-09-22,139,139.21,136.8,137.78,9975967,185.52,185.8,182.58,183.88,7474700,2026-03-06T03:46:34Z
GS,2009-09-23,137.6,140.86,137.6,139.6,13451487,183.64,188,183.64,186.31,10078800,2026-03-06T03:46:34Z
GS,2009-09-24,137.16,139.06,135.75,138.56,14665736,183.06,185.6,181.17,184.92,10988600,2026-03-06T03:46:34Z
GS,2009-09-25,134.49,137.19,133.15,136.5,16415429,179.5,183.1,177.7,182.18,12299600,2026-03-06T03:46:34Z
GS,2009-09-28,136.74,136.95,133.87,134.97,10537580,182.5,182.78,178.66,180.14,7895500,2026-03-06T03:46:34Z
GS,2009-09-29,137.55,138.45,136.47,137.11,10064187,183.58,184.78,182.13,182.99,7540800,2026-03-06T03:46:34Z
