ticker,tradeDate,clsPx,hiPx,loPx,open,stockVolume,unadjClsPx,unadjHiPx,unadjLoPx,unadjOpen,unadjStockVolume,updatedAt
HD,2006-01-03,24.84,24.96,23.95,24.33,14875609,41.24,41.45,39.77,40.39,8959200,2026-03-13T02:46:28Z
HD,2006-01-04,24.38,24.72,24.23,24.66,15693223,40.48,41.04,40.23,40.94,9451600,2026-03-13T02:46:28Z
HD,2006-01-05,24.14,24.31,23.98,24.15,15761459,40.08,40.36,39.81,40.1,9492700,2026-03-13T02:46:28Z
HD,2006-01-06,24.32,24.4,24.14,24.24,15225975,40.38,40.51,40.09,40.25,9170200,2026-03-13T02:46:28Z
HD,2006-01-09,24.58,24.75,24.24,24.57,13708558,40.82,41.1,40.25,40.8,8256300,2026-03-13T02:46:28Z
HD,2006-01-10,25.18,25.59,24.7,24.72,25051838,41.8,42.49,41.02,41.04,15088100,2026-03-13T02:46:28Z
HD,2006-01-11,25.87,26.02,25.24,25.3,20113577,42.95,43.2,41.91,42,12113900,2026-03-13T02:46:28Z
HD,2006-01-12,25.63,25.87,25.59,25.72,14138392,42.55,42.95,42.49,42.7,8515200,2026-03-13T02:46:28Z
HD,2006-01-13,25.24,25.65,24.98,25.24,13901648,41.91,42.59,41.48,41.91,8372600,2026-03-13T02:46:28Z
HD,2006-01-17,25.04,25.22,24.91,24.99,10581076,41.57,41.88,41.36,41.5,6372700,2026-03-13T02:46:28Z
HD,2006-01-18,25.24,25.36,24.92,25.04,11754608,41.9,42.11,41.38,41.57,7079500,2026-03-13T02:46:28Z
HD,2006-01-19,24.86,25.29,24.77,24.87,20363298,41.28,41.99,41.13,41.3,12264300,2026-03-13T02:46:28Z
HD,2006-01-20,24.19,24.86,24.16,24.79,24974893,40.17,41.27,40.12,41.16,15041700,2026-03-13T02:46:28Z
HD,2006-01-23,23.9,24.44,23.88,24.33,15449914,39.69,40.58,39.65,40.4,9305100,2026-03-13T02:46:28Z
HD,2006-01-24,24.36,24.36,23.92,24.09,18082954,40.45,40.45,39.72,39.99,10890900,2026-03-13T02:46:28Z
HD,2006-01-25,24.08,24.49,23.96,24.34,13443556,39.98,40.66,39.79,40.42,8096700,2026-03-13T02:46:28Z
HD,2006-01-26,24.33,24.43,24.11,24.15,12087175,40.4,40.56,40.04,40.1,7279800,2026-03-13T02:46:28Z
HD,2006-01-27,24.09,24.52,23.95,24.22,13602922,40,40.72,39.77,40.22,8192700,2026-03-13T02:46:28Z
HD,2006-01-30,24.09,24.27,23.92,23.92,9394047,40,40.29,39.72,39.72,5657800,2026-03-13T02:46:28Z
HD,2006-01-31,24.42,24.61,23.98,24.09,17952301,40.55,40.86,39.82,40,10812200,2026-03-13T02:46:28Z
HD,2006-02-01,24.23,24.44,24.04,24.36,11518668,40.23,40.58,39.91,40.45,6937400,2026-03-13T02:46:28Z
HD,2006-02-02,24.07,24.23,23.98,24.07,12192607,39.96,40.24,39.81,39.96,7343300,2026-03-13T02:46:28Z
HD,2006-02-03,23.98,24.07,23.73,24,12553117,39.82,39.96,39.4,39.85,7560400,2026-03-13T02:46:28Z
HD,2006-02-06,23.78,24.1,23.66,23.95,12625151,39.49,40.02,39.28,39.77,7603800,2026-03-13T02:46:28Z
HD,2006-02-07,23.33,23.75,23.19,23.69,18515471,38.73,39.44,38.5,39.34,11151400,2026-03-13T02:46:28Z
HD,2006-02-08,23.65,23.71,23.4,23.49,12025755,39.27,39.36,38.86,39,7242800,2026-03-13T02:46:28Z
HD,2006-02-09,23.52,23.79,23.46,23.62,11605348,39.05,39.5,38.95,39.22,6989600,2026-03-13T02:46:28Z
HD,2006-02-10,23.62,23.68,23.31,23.46,10356243,39.22,39.32,38.7,38.95,6237300,2026-03-13T02:46:28Z
HD,2006-02-13,23.91,24.05,23.5,23.5,10741447,39.7,39.93,39.02,39.02,6469300,2026-03-13T02:46:28Z
HD,2006-02-14,24.77,24.82,23.99,24.06,21438441,41.13,41.21,39.83,39.95,12911800,2026-03-13T02:46:28Z
HD,2006-02-15,25.01,25.16,24.57,24.75,16841862,41.53,41.77,40.8,41.1,10143400,2026-03-13T02:46:28Z
HD,2006-02-16,25.21,25.27,24.9,25.06,12918034,41.86,41.95,41.34,41.61,7780200,2026-03-13T02:46:28Z
HD,2006-02-17,25.21,25.25,24.91,25.2,14233880,41.86,41.93,41.36,41.85,8572700,2026-03-13T02:46:28Z
HD,2006-02-21,25.22,25.9,25.12,25.9,25297799,41.87,43,41.71,43,15236200,2026-03-13T02:46:28Z
HD,2006-02-22,25.22,25.42,24.78,25.37,16626841,41.88,42.2,41.15,42.13,10013900,2026-03-13T02:46:28Z
HD,2006-02-23,25.04,25.52,24.97,25.26,13807311,41.58,42.37,41.46,41.94,8315800,2026-03-13T02:46:28Z
HD,2006-02-24,25.07,25.22,24.73,25.18,12078871,41.63,41.87,41.06,41.8,7274800,2026-03-13T02:46:28Z
HD,2006-02-27,25.57,25.73,25.14,25.19,16113284,42.45,42.72,41.75,41.82,9704600,2026-03-13T02:46:28Z
HD,2006-02-28,25.39,25.55,25.11,25.4,20328163,42.15,42.42,41.7,42.18,12243100,2026-03-13T02:46:28Z
HD,2006-03-01,25.65,25.71,24.99,25.39,15998396,42.59,42.69,41.5,42.15,9635400,2026-03-13T02:46:28Z
HD,2006-03-02,25.47,25.59,25.18,25.4,19210668,42.29,42.49,41.8,42.18,11570100,2026-03-13T02:46:28Z
HD,2006-03-03,25.42,25.78,25.24,25.3,10223073,42.2,42.8,41.91,42,6157100,2026-03-13T02:46:28Z
HD,2006-03-06,25.18,25.4,25.02,25.39,13612715,41.8,42.18,41.54,42.16,8198600,2026-03-13T02:46:28Z
HD,2006-03-07,25.01,25.18,24.94,25.18,9447708,41.37,41.66,41.26,41.65,5710600,2026-03-13T02:46:28Z
HD,2006-03-08,24.88,24.96,24.72,24.84,14118437,41.16,41.29,40.9,41.1,8533800,2026-03-13T02:46:28Z
HD,2006-03-09,24.56,24.9,24.35,24.82,16205970,40.64,41.2,40.28,41.07,9795600,2026-03-13T02:46:28Z
HD,2006-03-10,24.93,24.98,24.56,24.57,11210309,41.25,41.33,40.63,40.64,6776000,2026-03-13T02:46:28Z
HD,2006-03-13,24.93,25.1,24.69,24.83,8587897,41.25,41.53,40.85,41.08,5190900,2026-03-13T02:46:28Z
HD,2006-03-14,25.47,25.62,24.85,24.85,15329500,42.14,42.38,41.11,41.11,9265800,2026-03-13T02:46:28Z
HD,2006-03-15,25.54,25.6,25.24,25.4,10032195,42.26,42.35,41.76,42.02,6063900,2026-03-13T02:46:28Z
HD,2006-03-16,25.84,25.91,25.57,25.67,14392280,42.75,42.87,42.31,42.47,8699300,2026-03-13T02:46:28Z
HD,2006-03-17,25.93,26,25.81,25.97,21661436,42.9,43.01,42.7,42.97,13093100,2026-03-13T02:46:28Z
HD,2006-03-20,25.9,25.98,25.81,25.82,12167557,42.85,42.99,42.7,42.72,7354600,2026-03-13T02:46:28Z
HD,2006-03-21,25.99,26.09,25.82,25.89,17903790,43,43.17,42.71,42.84,10821800,2026-03-13T02:46:28Z
HD,2006-03-22,26.21,26.26,25.85,25.85,15728856,43.37,43.45,42.77,42.77,9507200,2026-03-13T02:46:28Z
HD,2006-03-23,26.48,26.57,26.14,26.14,16987240,43.81,43.95,43.24,43.25,10267800,2026-03-13T02:46:28Z
HD,2006-03-24,26.06,26.5,25.87,26.43,13044727,43.12,43.85,42.8,43.72,7884800,2026-03-13T02:46:28Z
HD,2006-03-27,25.98,26.08,25.84,25.96,10996241,42.99,43.14,42.75,42.95,6646600,2026-03-13T02:46:28Z
HD,2006-03-28,25.98,26.32,25.88,25.93,11937273,42.99,43.55,42.82,42.9,7215400,2026-03-13T02:46:28Z
HD,2006-03-29,25.94,26.2,25.83,26.02,12189261,42.91,43.35,42.73,43.05,7367700,2026-03-13T02:46:28Z
HD,2006-03-30,25.62,26.01,25.54,25.88,12395211,42.38,43.03,42.25,42.81,7492200,2026-03-13T02:46:28Z
HD,2006-03-31,25.57,25.95,25.52,25.75,15217669,42.3,42.94,42.22,42.6,9198200,2026-03-13T02:46:28Z
HD,2006-04-03,25.62,25.78,25.5,25.62,11544014,42.38,42.65,42.19,42.38,6977700,2026-03-13T02:46:28Z
HD,2006-04-04,25.72,25.81,25.42,25.57,10432600,42.55,42.7,42.06,42.3,6305900,2026-03-13T02:46:28Z
HD,2006-04-05,25.78,25.95,25.73,25.8,11048351,42.65,42.93,42.57,42.69,6678100,2026-03-13T02:46:28Z
HD,2006-04-06,25.47,25.77,25.42,25.75,11795996,42.14,42.63,42.06,42.6,7130000,2026-03-13T02:46:28Z
HD,2006-04-07,25.45,25.77,25.29,25.62,14632838,42.1,42.63,41.84,42.39,8844700,2026-03-13T02:46:28Z
HD,2006-04-10,25.27,25.51,25.11,25.43,11309593,41.8,42.21,41.55,42.08,6836000,2026-03-13T02:46:28Z
HD,2006-04-11,25.04,25.44,24.95,25.33,11688931,41.43,42.09,41.28,41.9,7065300,2026-03-13T02:46:28Z
HD,2006-04-12,24.78,25.02,24.66,24.98,11659338,40.99,41.4,40.8,41.33,7047400,2026-03-13T02:46:28Z
HD,2006-04-13,24.85,25.01,24.55,24.72,8910516,41.12,41.38,40.62,40.9,5385900,2026-03-13T02:46:28Z
HD,2006-04-17,24.41,24.88,24.24,24.8,11212971,40.38,41.16,40.11,41.03,6777600,2026-03-13T02:46:28Z
HD,2006-04-18,24.98,25.05,24.32,24.43,15522876,41.32,41.44,40.24,40.41,9382700,2026-03-13T02:46:28Z
HD,2006-04-19,24.62,25.05,24.6,24.9,11072677,40.74,41.45,40.7,41.2,6692800,2026-03-13T02:46:28Z
HD,2006-04-20,24.67,24.89,24.4,24.69,8847988,40.81,41.18,40.37,40.85,5348100,2026-03-13T02:46:28Z
HD,2006-04-21,24.35,24.87,24.18,24.84,15072366,40.28,41.14,40,41.1,9110400,2026-03-13T02:46:28Z
HD,2006-04-24,24.23,24.46,24.15,24.46,10872312,40.08,40.47,39.95,40.47,6571700,2026-03-13T02:46:28Z
HD,2006-04-25,24.15,24.38,23.88,24.23,17541800,39.96,40.34,39.5,40.08,10603000,2026-03-13T02:46:28Z
HD,2006-04-26,24.22,24.49,24.16,24.29,13178761,40.07,40.51,39.97,40.18,7965800,2026-03-13T02:46:28Z
HD,2006-04-27,24.31,24.58,24.04,24.04,14521964,40.22,40.66,39.77,39.77,8777700,2026-03-13T02:46:28Z
HD,2006-04-28,24.14,24.44,24.14,24.33,14906621,39.93,40.43,39.93,40.25,9010200,2026-03-13T02:46:28Z
HD,2006-05-01,24.5,24.65,24.23,24.27,16898049,40.54,40.78,40.09,40.15,10213900,2026-03-13T02:46:28Z
HD,2006-05-02,24.3,24.75,24.26,24.72,13443125,40.2,40.95,40.13,40.9,8125600,2026-03-13T02:46:28Z
HD,2006-05-03,24.4,24.53,24.21,24.3,10046589,40.37,40.58,40.05,40.2,6072600,2026-03-13T02:46:28Z
HD,2006-05-04,24.33,24.48,24.23,24.43,15322520,40.26,40.5,40.09,40.42,9261600,2026-03-13T02:46:28Z
HD,2006-05-05,24.96,25.07,24.46,24.58,18635302,41.29,41.48,40.47,40.66,11264000,2026-03-13T02:46:28Z
HD,2006-05-08,24.79,25.05,24.71,24.87,11629387,41.01,41.45,40.88,41.15,7029300,2026-03-13T02:46:28Z
HD,2006-05-09,25,25.15,24.8,24.84,13828247,41.36,41.61,41.03,41.1,8358400,2026-03-13T02:46:28Z
HD,2006-05-10,24.91,25,24.69,24.96,12361958,41.21,41.36,40.85,41.3,7472100,2026-03-13T02:46:28Z
HD,2006-05-11,24.61,24.96,24.51,24.81,15038155,40.72,41.3,40.55,41.05,9089700,2026-03-13T02:46:28Z
HD,2006-05-12,24.18,24.55,23.97,24.5,19301587,40,40.62,39.66,40.53,11666700,2026-03-13T02:46:28Z
HD,2006-05-15,24.48,24.48,23.9,24.15,15974403,40.5,40.5,39.54,39.95,9655600,2026-03-13T02:46:28Z
HD,2006-05-16,23.24,23.94,23.08,23.94,51126318,38.45,39.6,38.18,39.6,30902900,2026-03-13T02:46:28Z
HD,2006-05-17,22.97,23.18,22.55,23.13,48217401,38.01,38.35,37.3,38.27,29144700,2026-03-13T02:46:28Z
HD,2006-05-18,23.22,23.63,23.11,23.27,26475232,38.41,39.09,38.23,38.5,16002800,2026-03-13T02:46:28Z
HD,2006-05-19,23.54,23.65,23.29,23.33,19840754,38.94,39.12,38.53,38.59,11992600,2026-03-13T02:46:28Z
HD,2006-05-22,23.27,23.38,23,23.27,18003196,38.49,38.68,38.06,38.5,10881900,2026-03-13T02:46:28Z
HD,2006-05-23,22.87,23.39,22.82,23.31,17873994,37.84,38.7,37.75,38.57,10803800,2026-03-13T02:46:28Z
HD,2006-05-24,22.97,23.08,22.71,22.85,24567057,38.01,38.18,37.58,37.8,14849400,2026-03-13T02:46:28Z
HD,2006-05-25,23.21,23.21,22.93,23.19,15560945,38.4,38.4,37.93,38.36,9405700,2026-03-13T02:46:28Z
HD,2006-05-26,23.37,23.63,23.27,23.27,15278701,38.67,39.09,38.5,38.5,9235100,2026-03-13T02:46:28Z
HD,2006-05-30,22.79,23.18,22.79,23.13,19057546,37.7,38.35,37.7,38.26,11519200,2026-03-13T02:46:28Z
HD,2006-05-31,23.04,23.05,22.73,22.83,19938822,38.12,38.14,37.61,37.77,12051900,2026-03-13T02:46:28Z
HD,2006-06-01,23.3,23.34,22.91,22.94,19259696,38.55,38.61,37.9,37.95,11641400,2026-03-13T02:46:28Z
HD,2006-06-02,22.97,23.42,22.85,23.22,20693628,38,38.75,37.8,38.41,12508100,2026-03-13T02:46:28Z
HD,2006-06-05,22.64,23.03,22.63,22.82,19244853,37.46,38.1,37.44,37.75,11632400,2026-03-13T02:46:28Z
HD,2006-06-06,22.49,22.84,22.21,22.8,29161473,37.06,37.64,36.6,37.57,17697300,2026-03-13T02:46:28Z
HD,2006-06-07,22.28,22.68,22.24,22.42,19230718,36.71,37.38,36.65,36.95,11670600,2026-03-13T02:46:28Z
HD,2006-06-08,22.61,22.7,22.17,22.19,21795022,37.25,37.4,36.53,36.57,13226800,2026-03-13T02:46:28Z
HD,2006-06-09,22.42,22.69,22.31,22.52,17744864,36.95,37.39,36.76,37.1,10768900,2026-03-13T02:46:28Z
HD,2006-06-12,22.01,22.43,21.97,22.39,18304830,36.26,36.96,36.2,36.9,11108700,2026-03-13T02:46:28Z
HD,2006-06-13,22.02,22.39,21.87,21.91,20732200,36.29,36.9,36.04,36.1,12581800,2026-03-13T02:46:28Z
HD,2006-06-14,22.3,22.34,21.92,21.93,18277120,36.75,36.81,36.12,36.13,11091900,2026-03-13T02:46:28Z
HD,2006-06-15,22.68,22.76,22.26,22.47,33561120,37.37,37.5,36.68,37.03,20367300,2026-03-13T02:46:28Z
HD,2006-06-16,22.4,22.87,22.37,22.64,24823789,36.91,37.68,36.86,37.3,15064900,2026-03-13T02:46:28Z
HD,2006-06-19,22.37,22.59,22.32,22.4,16263726,36.86,37.23,36.78,36.91,9870000,2026-03-13T02:46:28Z
HD,2006-06-20,22.1,22.33,21.99,22.28,21609145,36.42,36.8,36.24,36.71,13114000,2026-03-13T02:46:28Z
HD,2006-06-21,22.25,22.38,22.04,22.04,14194215,36.66,36.87,36.32,36.32,8614100,2026-03-13T02:46:28Z
HD,2006-06-22,22.14,22.42,22.07,22.42,16567571,36.48,36.95,36.36,36.94,10054400,2026-03-13T02:46:28Z
HD,2006-06-23,22.1,23.55,22.05,22.06,13383387,36.41,38.8,36.33,36.35,8122000,2026-03-13T02:46:28Z
HD,2006-06-26,22.24,22.33,22,22,12350374,36.64,36.8,36.25,36.26,7495100,2026-03-13T02:46:28Z
HD,2006-06-27,22.07,22.28,22.03,22.18,16532266,36.37,36.71,36.3,36.55,10033000,2026-03-13T02:46:28Z
HD,2006-06-28,21.94,22.12,21.85,22.01,44415113,36.16,36.45,36,36.27,26954300,2026-03-13T02:46:28Z
HD,2006-06-29,22.13,22.19,21.76,21.97,33296900,36.46,36.56,35.85,36.2,20207000,2026-03-13T02:46:28Z
HD,2006-06-30,21.72,22.15,21.62,22.13,39654233,35.79,36.5,35.63,36.46,24065100,2026-03-13T02:46:28Z
HD,2006-07-03,21.71,21.84,21.66,21.76,13091340,35.77,35.98,35.7,35.86,7944800,2026-03-13T02:46:28Z
HD,2006-07-05,21.56,21.71,21.48,21.71,23070721,35.53,35.78,35.39,35.78,14001000,2026-03-13T02:46:28Z
HD,2006-07-06,21.53,21.68,21.48,21.51,17688038,35.47,35.73,35.4,35.45,10734400,2026-03-13T02:46:28Z
HD,2006-07-07,21.47,21.66,21.41,21.55,24018367,35.37,35.7,35.28,35.51,14576100,2026-03-13T02:46:28Z
HD,2006-07-10,21.24,21.59,21.16,21.48,21337367,35,35.57,34.86,35.4,12949100,2026-03-13T02:46:28Z
HD,2006-07-11,20.86,21.2,20.57,21.18,35442825,34.38,34.93,33.89,34.9,21509300,2026-03-13T02:46:28Z
HD,2006-07-12,20.4,20.9,20.37,20.79,42257610,33.61,34.44,33.57,34.26,25645000,2026-03-13T02:46:28Z
HD,2006-07-13,20.68,20.68,20.18,20.33,34446352,34.07,34.08,33.25,33.5,20904600,2026-03-13T02:46:28Z
HD,2006-07-14,20.54,20.86,20.4,20.61,26899343,33.84,34.37,33.62,33.96,16324500,2026-03-13T02:46:28Z
HD,2006-07-17,20.39,20.92,20.27,20.59,23316117,33.6,34.47,33.4,33.93,14149900,2026-03-13T02:46:28Z
HD,2006-07-18,20.11,20.37,19.94,20.3,41107948,33.13,33.57,32.85,33.45,24947300,2026-03-13T02:46:28Z
HD,2006-07-19,20.85,20.93,20.06,20.13,32332279,34.35,34.49,33.06,33.17,19621600,2026-03-13T02:46:28Z
HD,2006-07-20,20.62,21.33,20.61,20.95,28932968,33.98,35.15,33.96,34.52,17558600,2026-03-13T02:46:28Z
HD,2006-07-21,20.54,20.67,20.28,20.67,23192276,33.85,34.06,33.42,34.06,14074800,2026-03-13T02:46:28Z
HD,2006-07-24,21,21.14,20.66,20.72,15729300,34.61,34.83,34.05,34.14,9545700,2026-03-13T02:46:28Z
HD,2006-07-25,21.39,21.45,20.83,20.9,18081382,35.24,35.34,34.32,34.44,10973100,2026-03-13T02:46:28Z
HD,2006-07-26,21.06,21.24,20.94,21.24,15375864,34.7,35,34.51,35,9331200,2026-03-13T02:46:28Z
HD,2006-07-27,20.65,21.17,20.57,21.04,19108134,34.02,34.88,33.89,34.67,11596200,2026-03-13T02:46:28Z
HD,2006-07-28,20.99,21.24,20.81,20.84,15759998,34.59,35,34.29,34.34,9564300,2026-03-13T02:46:28Z
HD,2006-07-31,21.06,21.12,20.85,20.99,14140823,34.71,34.8,34.35,34.59,8581700,2026-03-13T02:46:28Z
HD,2006-08-01,20.72,20.94,20.6,20.94,15525356,34.14,34.5,33.95,34.5,9421900,2026-03-13T02:46:28Z
HD,2006-08-02,20.7,20.84,20.52,20.73,20668943,34.11,34.34,33.81,34.15,12543400,2026-03-13T02:46:28Z
HD,2006-08-03,20.98,21.06,20.34,20.51,18840349,34.57,34.7,33.52,33.8,11433700,2026-03-13T02:46:28Z
HD,2006-08-04,21.06,21.37,20.85,21.36,17446615,34.71,35.22,34.36,35.2,10587900,2026-03-13T02:46:28Z
HD,2006-08-07,21.05,21.12,20.82,21.07,11164457,34.69,34.8,34.3,34.71,6775400,2026-03-13T02:46:28Z
HD,2006-08-08,20.83,21.17,20.71,21.12,14784442,34.33,34.89,34.12,34.8,8972300,2026-03-13T02:46:28Z
HD,2006-08-09,20.27,20.93,20.27,20.86,27548047,33.4,34.49,33.4,34.37,16718200,2026-03-13T02:46:28Z
HD,2006-08-10,20.4,20.48,20.14,20.21,16187737,33.61,33.74,33.19,33.3,9823900,2026-03-13T02:46:28Z
HD,2006-08-11,20.19,20.47,20.07,20.45,19649876,33.27,33.73,33.07,33.69,11925000,2026-03-13T02:46:28Z
HD,2006-08-14,20.18,20.73,20.09,20.25,32220405,33.26,34.16,33.11,33.37,19553700,2026-03-13T02:46:28Z
HD,2006-08-15,20.9,21.09,20.48,20.91,34650752,34.44,34.75,33.75,34.45,21028600,2026-03-13T02:46:28Z
HD,2006-08-16,20.94,21,20.65,20.97,20662661,34.5,34.61,34.02,34.55,12539600,2026-03-13T02:46:28Z
HD,2006-08-17,21.07,21.3,20.88,20.94,21756479,34.72,35.1,34.4,34.5,13203400,2026-03-13T02:46:28Z
HD,2006-08-18,21.1,21.19,20.83,21.09,17371159,34.77,34.92,34.33,34.76,10542100,2026-03-13T02:46:28Z
HD,2006-08-21,20.82,20.88,20.66,20.73,21043326,34.3,34.4,34.04,34.15,12770600,2026-03-13T02:46:28Z
HD,2006-08-22,20.67,20.86,20.62,20.85,19246362,34.06,34.38,33.97,34.35,11680100,2026-03-13T02:46:28Z
HD,2006-08-23,20.42,20.57,20.34,20.48,23905797,33.65,33.9,33.51,33.75,14507800,2026-03-13T02:46:28Z
HD,2006-08-24,20.28,20.42,20.07,20.4,26678434,33.41,33.65,33.08,33.62,16190400,2026-03-13T02:46:28Z
HD,2006-08-25,20.32,20.45,20.2,20.39,16994995,33.48,33.69,33.28,33.6,10313800,2026-03-13T02:46:28Z
HD,2006-08-28,20.45,20.73,20.33,20.33,18245452,33.69,34.16,33.5,33.5,11072700,2026-03-13T02:46:28Z
HD,2006-08-29,20.69,20.75,20.4,20.52,16687512,34.09,34.2,33.61,33.82,10127200,2026-03-13T02:46:28Z
HD,2006-08-30,20.71,20.94,20.53,20.72,20307221,34.12,34.51,33.83,34.14,12323900,2026-03-13T02:46:28Z
HD,2006-08-31,20.81,20.91,20.61,20.7,17531984,34.29,34.45,33.96,34.11,10639700,2026-03-13T02:46:28Z
HD,2006-09-01,21.02,21.16,20.74,20.82,15069035,34.64,34.87,34.18,34.3,9145000,2026-03-13T02:46:28Z
HD,2006-09-05,21.19,21.28,21.02,21.12,14360527,34.77,34.92,34.48,34.65,8752900,2026-03-13T02:46:28Z
HD,2006-09-06,20.83,21.03,20.7,20.95,19181760,34.17,34.5,33.97,34.37,11691500,2026-03-13T02:46:28Z
HD,2006-09-07,20.93,21.1,20.57,20.69,18984151,34.34,34.62,33.75,33.95,11571100,2026-03-13T02:46:28Z
HD,2006-09-08,20.89,21.07,20.82,21.01,12190226,34.28,34.57,34.16,34.47,7430100,2026-03-13T02:46:28Z
HD,2006-09-11,21.37,21.47,20.84,20.89,21842055,35.06,35.23,34.2,34.28,13313000,2026-03-13T02:46:28Z
HD,2006-09-12,22.34,22.44,21.44,21.45,40085363,36.66,36.81,35.17,35.2,24432500,2026-03-13T02:46:28Z
HD,2006-09-13,22.66,22.89,22.19,22.37,33610599,37.17,37.55,36.4,36.7,20486100,2026-03-13T02:46:28Z
HD,2006-09-14,22.69,22.78,22.19,22.43,24374515,37.22,37.37,36.41,36.8,14856600,2026-03-13T02:46:28Z
HD,2006-09-15,22.69,22.95,22.4,22.81,24409623,37.22,37.65,36.75,37.42,14878000,2026-03-13T02:46:28Z
HD,2006-09-18,22.3,22.45,22.1,22.25,22917135,36.58,36.83,36.26,36.5,13968300,2026-03-13T02:46:28Z
HD,2006-09-19,22.11,22.39,22,22.37,19498216,36.28,36.74,36.1,36.7,11884400,2026-03-13T02:46:28Z
HD,2006-09-20,22.17,22.3,21.92,22.21,20992480,36.38,36.58,35.96,36.44,12795200,2026-03-13T02:46:28Z
HD,2006-09-21,21.85,22.38,21.8,22.22,18727115,35.85,36.72,35.77,36.45,11414400,2026-03-13T02:46:28Z
HD,2006-09-22,21.92,21.93,21.58,21.86,12819735,35.96,35.98,35.4,35.87,7813800,2026-03-13T02:46:28Z
HD,2006-09-25,22.3,22.37,21.74,21.92,17859330,36.58,36.7,35.67,35.96,10885500,2026-03-13T02:46:28Z
HD,2006-09-26,22.32,22.64,22.06,22.12,22728048,36.62,37.15,36.2,36.3,13853000,2026-03-13T02:46:28Z
HD,2006-09-27,22.22,22.45,22.08,22.3,14709641,36.46,36.84,36.23,36.59,8965700,2026-03-13T02:46:28Z
HD,2006-09-28,22.37,22.41,22,22.16,16148648,36.7,36.76,36.1,36.36,9842800,2026-03-13T02:46:28Z
HD,2006-09-29,22.11,22.44,22.08,22.23,13925895,36.27,36.82,36.23,36.48,8488000,2026-03-13T02:46:28Z
HD,2006-10-02,22.15,22.36,21.93,22.05,14143259,36.34,36.69,35.98,36.18,8620500,2026-03-13T02:46:28Z
HD,2006-10-03,22.45,22.58,22.09,22.18,16573443,36.83,37.04,36.25,36.39,10101700,2026-03-13T02:46:28Z
HD,2006-10-04,22.85,22.94,22.33,22.41,20157443,37.49,37.64,36.63,36.77,12286200,2026-03-13T02:46:28Z
HD,2006-10-05,22.71,22.85,22.53,22.81,17981939,37.26,37.49,36.97,37.42,10960200,2026-03-13T02:46:28Z
HD,2006-10-06,22.64,22.7,22.43,22.59,17806684,37.14,37.25,36.8,37.06,10853400,2026-03-13T02:46:28Z
HD,2006-10-09,22.98,23,22.42,22.44,15569671,37.7,37.74,36.79,36.81,9489900,2026-03-13T02:46:28Z
HD,2006-10-10,23.02,23.08,22.88,23.01,15028070,37.76,37.87,37.53,37.75,9159800,2026-03-13T02:46:28Z
HD,2006-10-11,23.11,23.28,22.89,22.89,18915619,37.92,38.2,37.56,37.56,11529300,2026-03-13T02:46:28Z
HD,2006-10-12,23.1,23.31,23.02,23.15,21696871,37.9,38.24,37.76,37.98,13224500,2026-03-13T02:46:28Z
HD,2006-10-13,22.49,22.83,22.28,22.82,31714873,36.9,37.45,36.55,37.44,19330600,2026-03-13T02:46:28Z
HD,2006-10-16,22.16,22.33,22.1,22.22,21567215,36.35,36.63,36.26,36.45,13145500,2026-03-13T02:46:28Z
HD,2006-10-17,21.8,22.03,21.75,21.91,24897072,35.76,36.15,35.69,35.95,15175100,2026-03-13T02:46:28Z
HD,2006-10-18,21.88,22.1,21.79,21.91,20349708,35.89,36.26,35.75,35.95,12403400,2026-03-13T02:46:28Z
HD,2006-10-19,21.89,22.06,21.76,21.84,16164552,35.91,36.19,35.7,35.84,9852500,2026-03-13T02:46:28Z
HD,2006-10-20,21.94,21.98,21.67,21.93,18348069,35.99,36.07,35.55,35.98,11183400,2026-03-13T02:46:28Z
HD,2006-10-23,22.09,22.16,21.82,21.83,18853293,36.24,36.35,35.8,35.81,11491300,2026-03-13T02:46:28Z
HD,2006-10-24,22.25,22.28,22.05,22.05,20073261,36.5,36.56,36.17,36.18,12234900,2026-03-13T02:46:28Z
HD,2006-10-25,22.31,22.37,22.14,22.29,20297492,36.6,36.7,36.33,36.57,12371600,2026-03-13T02:46:28Z
HD,2006-10-26,22.78,22.88,22.33,22.45,25208810,37.38,37.54,36.63,36.84,15365100,2026-03-13T02:46:28Z
HD,2006-10-27,22.59,22.75,22.43,22.7,24506173,37.07,37.33,36.8,37.24,14936800,2026-03-13T02:46:28Z
HD,2006-10-30,22.7,22.73,22.47,22.48,16801818,37.25,37.3,36.86,36.88,10240900,2026-03-13T02:46:28Z
HD,2006-10-31,22.75,22.84,22.52,22.7,23742093,37.33,37.47,36.95,37.25,14471100,2026-03-13T02:46:28Z
HD,2006-11-01,22.77,22.94,22.69,22.86,23621327,37.35,37.64,37.22,37.5,14397500,2026-03-13T02:46:28Z
HD,2006-11-02,22.67,22.86,22.5,22.58,27290457,37.2,37.5,36.91,37.05,16633900,2026-03-13T02:46:28Z
HD,2006-11-03,22.67,22.8,22.43,22.75,22966187,37.2,37.4,36.8,37.33,13998200,2026-03-13T02:46:28Z
HD,2006-11-06,22.69,22.72,22.28,22.31,27672554,37.22,37.27,36.55,36.6,16866800,2026-03-13T02:46:28Z
HD,2006-11-07,22.69,22.84,22.62,22.65,28532865,37.23,37.48,37.11,37.16,17391100,2026-03-13T02:46:28Z
HD,2006-11-08,22.7,22.85,22.55,22.55,22865692,37.25,37.49,37,37,13936900,2026-03-13T02:46:28Z
HD,2006-11-09,22.46,22.8,22.42,22.7,30592529,36.85,37.41,36.79,37.25,18646500,2026-03-13T02:46:28Z
HD,2006-11-10,22.33,22.46,22.23,22.43,23265681,36.64,36.85,36.48,36.8,14180700,2026-03-13T02:46:28Z
HD,2006-11-13,22.19,22.41,22.09,22.4,33815482,36.4,36.77,36.25,36.75,20611000,2026-03-13T02:46:28Z
HD,2006-11-14,23.14,23.2,21.8,21.83,81140069,37.96,38.06,35.77,35.82,49455900,2026-03-13T02:46:28Z
HD,2006-11-15,22.93,23.34,22.8,23.02,46690348,37.62,38.29,37.41,37.77,28458400,2026-03-13T02:46:28Z
HD,2006-11-16,23.05,23.1,22.66,23.04,32194046,37.81,37.9,37.17,37.8,19622700,2026-03-13T02:46:28Z
HD,2006-11-17,23.33,23.34,22.94,23.02,27471180,38.28,38.29,37.64,37.77,16744000,2026-03-13T02:46:28Z
HD,2006-11-20,23.41,23.68,23.07,23.24,25771059,38.41,38.85,37.85,38.13,15707800,2026-03-13T02:46:28Z
HD,2006-11-21,23.11,23.43,23.11,23.41,14796094,37.92,38.44,37.91,38.41,9018400,2026-03-13T02:46:28Z
HD,2006-11-22,23.22,23.35,23.1,23.11,23183141,38.1,38.31,37.9,37.92,14130400,2026-03-13T02:46:28Z
HD,2006-11-24,22.99,23.25,22.98,23.07,5027298,37.72,38.15,37.71,37.85,3064200,2026-03-13T02:46:28Z
HD,2006-11-27,22.91,23.25,22.83,23.22,20472239,37.59,38.15,37.46,38.1,12478100,2026-03-13T02:46:28Z
HD,2006-11-28,22.73,22.96,22.68,22.88,19417689,37.07,37.45,36.99,37.31,11906600,2026-03-13T02:46:28Z
HD,2006-11-29,23.07,23.14,22.73,22.8,19580977,37.62,37.74,37.06,37.19,12006700,2026-03-13T02:46:28Z
HD,2006-11-30,23.28,23.46,22.83,23,28390128,37.97,38.26,37.23,37.51,17408300,2026-03-13T02:46:28Z
HD,2006-12-01,23.9,24.5,23.69,23.98,77105828,38.97,39.96,38.64,39.1,47279900,2026-03-13T02:46:28Z
HD,2006-12-04,24.04,24.2,23.55,23.73,23744271,39.2,39.47,38.41,38.7,14559600,2026-03-13T02:46:28Z
HD,2006-12-05,24.14,24.34,23.93,24.15,19409877,39.37,39.7,39.03,39.39,11901800,2026-03-13T02:46:28Z
HD,2006-12-06,24.48,24.59,24.07,24.23,29275068,39.92,40.11,39.26,39.52,17951000,2026-03-13T02:46:28Z
HD,2006-12-07,23.87,24.44,23.85,24.26,26688622,38.93,39.86,38.89,39.57,16365000,2026-03-13T02:46:28Z
HD,2006-12-08,23.79,24.1,23.72,23.9,18375264,38.8,39.3,38.69,38.97,11267400,2026-03-13T02:46:28Z
HD,2006-12-11,23.79,23.88,23.58,23.79,25535247,38.79,38.95,38.46,38.8,15657800,2026-03-13T02:46:28Z
HD,2006-12-12,23.73,23.75,23.41,23.73,29017091,38.7,38.73,38.18,38.7,17792800,2026-03-13T02:46:28Z
HD,2006-12-13,23.98,24.09,23.79,23.88,30340845,39.11,39.29,38.79,38.95,18604500,2026-03-13T02:46:28Z
HD,2006-12-14,24.51,24.59,23.83,23.98,39634375,39.97,40.1,38.87,39.1,24303100,2026-03-13T02:46:28Z
HD,2006-12-15,24.46,24.75,24.42,24.59,42364460,39.89,40.37,39.83,40.11,25977200,2026-03-13T02:46:28Z
HD,2006-12-18,24.5,24.71,24.33,24.57,22965729,39.96,40.3,39.68,40.07,14082200,2026-03-13T02:46:28Z
HD,2006-12-19,24.31,24.39,24.17,24.37,24362030,39.64,39.77,39.41,39.75,14938400,2026-03-13T02:46:28Z
HD,2006-12-20,23.99,24.44,23.99,24.25,22319813,39.13,39.86,39.13,39.55,13686100,2026-03-13T02:46:28Z
HD,2006-12-21,23.86,24.14,23.7,24.07,24112103,38.91,39.37,38.65,39.25,14785100,2026-03-13T02:46:28Z
HD,2006-12-22,23.85,23.96,23.76,23.88,12902666,38.89,39.07,38.75,38.95,7911700,2026-03-13T02:46:28Z
HD,2006-12-26,23.95,24.05,23.66,23.68,11832697,39.06,39.22,38.59,38.62,7255600,2026-03-13T02:46:28Z
HD,2006-12-27,24.26,24.33,24.02,24.03,14248776,39.56,39.68,39.18,39.19,8737100,2026-03-13T02:46:28Z
HD,2006-12-28,24.36,24.41,24.15,24.17,14498806,39.73,39.81,39.38,39.41,8890400,2026-03-13T02:46:28Z
HD,2006-12-29,24.63,24.7,24.31,24.32,18936293,40.16,40.29,39.65,39.66,11611400,2026-03-13T02:46:28Z
HD,2007-01-03,25.18,25.66,25.12,25.32,82939274,41.07,41.84,40.96,41.3,50856900,2026-03-13T02:46:28Z
HD,2007-01-04,24.88,25.25,24.76,25.14,36405005,40.57,41.18,40.38,41,22322900,2026-03-13T02:46:28Z
HD,2007-01-05,24.4,24.91,24.36,24.8,35350697,39.79,40.63,39.72,40.44,21676400,2026-03-13T02:46:28Z
HD,2007-01-08,24.21,24.5,24.07,24.49,28483338,39.49,39.95,39.25,39.94,17465500,2026-03-13T02:46:28Z
HD,2007-01-09,24.11,24.43,24.05,24.22,33173534,39.32,39.85,39.22,39.5,20341400,2026-03-13T02:46:28Z
HD,2007-01-10,24.39,24.48,23.95,24.43,24991904,39.78,39.93,39.06,39.84,15324600,2026-03-13T02:46:28Z
HD,2007-01-11,24.58,24.64,24.31,24.31,19813150,40.08,40.19,39.65,39.65,12149100,2026-03-13T02:46:28Z
HD,2007-01-12,24.59,24.75,24.43,24.5,18295657,40.11,40.37,39.85,39.95,11218600,2026-03-13T02:46:28Z
HD,2007-01-16,24.71,24.79,24.48,24.53,20613621,40.29,40.42,39.92,40,12639900,2026-03-13T02:46:28Z
HD,2007-01-17,24.71,24.82,24.58,24.64,20758930,40.29,40.47,40.09,40.19,12729000,2026-03-13T02:46:28Z
HD,2007-01-18,25.06,25.1,24.53,24.56,30684463,40.87,40.94,40.01,40.05,18815200,2026-03-13T02:46:28Z
HD,2007-01-19,24.86,25.13,24.8,25.12,19775313,40.55,40.98,40.45,40.97,12125900,2026-03-13T02:46:28Z
HD,2007-01-22,24.56,24.93,24.52,24.93,23102055,40.05,40.66,39.98,40.66,14165800,2026-03-13T02:46:28Z
HD,2007-01-23,24.79,24.9,24.53,24.55,18559540,40.43,40.61,40,40.03,11380400,2026-03-13T02:46:28Z
HD,2007-01-24,24.95,25.01,24.79,24.85,16042366,40.69,40.79,40.42,40.52,9836900,2026-03-13T02:46:28Z
HD,2007-01-25,24.58,24.94,24.53,24.85,18079762,40.09,40.67,40.01,40.53,11086200,2026-03-13T02:46:28Z
HD,2007-01-26,24.49,24.66,24.31,24.6,15977956,39.94,40.22,39.64,40.12,9797400,2026-03-13T02:46:28Z
HD,2007-01-29,24.47,24.85,24.43,24.71,19810753,39.91,40.52,39.84,40.3,12147600,2026-03-13T02:46:28Z
HD,2007-01-30,24.63,24.76,24.53,24.59,14142142,40.17,40.38,40.01,40.11,8671700,2026-03-13T02:46:28Z
HD,2007-01-31,24.98,25.11,24.5,24.51,18967076,40.74,40.95,39.95,39.97,11630300,2026-03-13T02:46:28Z
HD,2007-02-01,25.19,25.25,24.95,25,20457560,41.08,41.18,40.69,40.77,12544200,2026-03-13T02:46:28Z
HD,2007-02-02,25.04,25.23,24.9,25.08,16191455,40.83,41.14,40.61,40.9,9928300,2026-03-13T02:46:28Z
HD,2007-02-05,25.16,25.28,24.86,24.94,14705885,41.03,41.23,40.54,40.67,9017400,2026-03-13T02:46:28Z
HD,2007-02-06,25.31,25.37,25.09,25.2,13204521,41.27,41.38,40.91,41.09,8096800,2026-03-13T02:46:28Z
HD,2007-02-07,25.36,25.42,25.15,25.27,13612765,41.36,41.46,41.02,41.22,8347100,2026-03-13T02:46:28Z
HD,2007-02-08,25.2,25.31,25.1,25.27,19531682,41.09,41.27,40.94,41.22,11976500,2026-03-13T02:46:28Z
HD,2007-02-09,25.14,25.4,25.09,25.27,15199380,41,41.42,40.91,41.22,9320000,2026-03-13T02:46:28Z
HD,2007-02-12,25.41,25.76,25.31,25.52,30139131,41.44,42.01,41.27,41.62,18480800,2026-03-13T02:46:28Z
HD,2007-02-13,25.61,25.66,25.25,25.32,21486261,41.76,41.84,41.18,41.29,13175000,2026-03-13T02:46:28Z
HD,2007-02-14,25.59,25.73,25.45,25.58,33456113,41.73,41.96,41.5,41.72,20514700,2026-03-13T02:46:28Z
HD,2007-02-15,25.55,25.66,25.34,25.49,17659820,41.66,41.85,41.32,41.57,10828700,2026-03-13T02:46:28Z
HD,2007-02-16,25.41,25.55,25.26,25.45,18000012,41.44,41.66,41.2,41.5,11037300,2026-03-13T02:46:28Z
HD,2007-02-20,25.35,25.63,24.96,24.98,29198278,41.34,41.8,40.7,40.74,17903900,2026-03-13T02:46:28Z
HD,2007-02-21,25.32,25.4,24.93,25.07,19434373,41.3,41.42,40.65,40.89,11916800,2026-03-13T02:46:28Z
HD,2007-02-22,25.25,25.32,25.13,25.25,15468124,41.18,41.3,40.99,41.17,9484800,2026-03-13T02:46:28Z
HD,2007-02-23,25.12,25.44,25.02,25.4,22390847,40.96,41.49,40.81,41.42,13729700,2026-03-13T02:46:28Z
HD,2007-02-26,25.01,25.14,24.72,25.14,19893925,40.79,41,40.31,41,12198600,2026-03-13T02:46:28Z
HD,2007-02-27,24.42,24.85,24.26,24.83,38322237,39.82,40.52,39.56,40.49,23498500,2026-03-13T02:46:28Z
HD,2007-02-28,24.28,24.43,24.09,24.09,42599871,39.59,39.85,39.29,39.29,26121500,2026-03-13T02:46:28Z
HD,2007-03-01,24.19,24.31,23.71,24.02,34474983,39.45,39.65,38.66,39.17,21139500,2026-03-13T02:46:28Z
HD,2007-03-02,23.92,24.15,23.9,24.1,31836620,39.01,39.38,38.97,39.31,19521700,2026-03-13T02:46:28Z
HD,2007-03-05,23.71,24.04,23.66,23.76,37241877,38.67,39.2,38.59,38.75,22836100,2026-03-13T02:46:28Z
HD,2007-03-06,23.93,24.07,23.7,24.07,28329654,38.8,39.02,38.43,39.02,17472900,2026-03-13T02:46:28Z
HD,2007-03-07,23.88,24.05,23.76,23.88,19975974,38.71,38.99,38.52,38.71,12320600,2026-03-13T02:46:28Z
HD,2007-03-08,23.93,24.13,23.89,23.91,18981285,38.8,39.12,38.73,38.77,11707100,2026-03-13T02:46:28Z
HD,2007-03-09,23.85,24.16,23.74,24.15,19437711,38.67,39.17,38.49,39.15,11988600,2026-03-13T02:46:28Z
HD,2007-03-12,23.54,23.91,23.5,23.69,23015622,38.17,38.77,38.11,38.41,14195400,2026-03-13T02:46:28Z
HD,2007-03-13,23.04,23.52,22.98,23.46,34684666,37.35,38.13,37.25,38.03,21392500,2026-03-13T02:46:28Z
HD,2007-03-14,23.17,23.18,22.51,22.99,39305221,37.56,37.58,36.5,37.28,24242300,2026-03-13T02:46:28Z
HD,2007-03-15,23.12,23.31,22.96,23.1,16459067,37.49,37.8,37.22,37.46,10151500,2026-03-13T02:46:28Z
HD,2007-03-16,23.14,23.33,23.02,23.19,27382424,37.51,37.82,37.33,37.6,16888700,2026-03-13T02:46:28Z
HD,2007-03-19,23.26,23.3,23.04,23.22,15234342,37.72,37.78,37.36,37.65,9396100,2026-03-13T02:46:28Z
HD,2007-03-20,23.39,23.44,23.13,23.22,17965681,37.93,38,37.5,37.65,11080700,2026-03-13T02:46:28Z
HD,2007-03-21,23.89,24,23.32,23.37,24815217,38.74,38.92,37.81,37.89,15305300,2026-03-13T02:46:28Z
HD,2007-03-22,23.64,23.99,23.53,23.81,16020392,38.33,38.9,38.15,38.61,9880900,2026-03-13T02:46:28Z
HD,2007-03-23,23.57,23.73,23.48,23.65,18753629,38.22,38.47,38.07,38.35,11566700,2026-03-13T02:46:28Z
HD,2007-03-26,23.38,23.61,23.18,23.53,19172909,37.91,38.28,37.58,38.15,11825300,2026-03-13T02:46:28Z
HD,2007-03-27,23.03,23.31,22.99,23.27,20819910,37.34,37.79,37.28,37.73,12841100,2026-03-13T02:46:28Z
HD,2007-03-28,22.68,22.98,22.57,22.93,22672243,36.77,37.25,36.6,37.18,13983600,2026-03-13T02:46:28Z
HD,2007-03-29,22.71,22.86,22.51,22.8,23320495,36.82,37.06,36.5,36.97,14383400,2026-03-13T02:46:28Z
HD,2007-03-30,22.66,22.94,22.42,22.68,20546007,36.74,37.19,36.35,36.77,12672200,2026-03-13T02:46:28Z
HD,2007-04-02,22.69,22.73,22.57,22.62,16081013,36.79,36.86,36.6,36.67,9918300,2026-03-13T02:46:28Z
HD,2007-04-03,23.21,23.3,22.7,22.75,25718289,37.63,37.78,36.8,36.89,15862300,2026-03-13T02:46:28Z
HD,2007-04-04,23.51,23.6,23.15,23.2,31081477,38.11,38.26,37.54,37.61,19170200,2026-03-13T02:46:28Z
HD,2007-04-05,23.45,23.5,23.31,23.4,17404863,38.02,38.11,37.79,37.94,10734800,2026-03-13T02:46:28Z
HD,2007-04-09,23.49,23.59,23.35,23.59,11855747,38.08,38.25,37.86,38.24,7312300,2026-03-13T02:46:28Z
HD,2007-04-10,23.58,23.78,23.46,23.49,17800089,38.23,38.55,38.03,38.09,10978600,2026-03-13T02:46:28Z
HD,2007-04-11,23.42,23.64,23.3,23.51,25805034,37.97,38.33,37.77,38.12,15915800,2026-03-13T02:46:28Z
HD,2007-04-12,23.45,23.55,23.19,23.37,18447715,38.02,38.19,37.6,37.89,11378000,2026-03-13T02:46:28Z
HD,2007-04-13,23.37,23.43,23.28,23.41,17450850,37.89,37.99,37.75,37.96,10763200,2026-03-13T02:46:28Z
HD,2007-04-16,23.78,23.93,23.38,23.44,18668509,38.56,38.79,37.91,38,11514200,2026-03-13T02:46:28Z
HD,2007-04-17,24.33,24.36,23.87,23.95,25490766,39.44,39.5,38.7,38.84,15722000,2026-03-13T02:46:28Z
HD,2007-04-18,24.08,24.33,23.94,24.3,18129698,39.04,39.44,38.82,39.39,11181900,2026-03-13T02:46:28Z
HD,2007-04-19,24,24.16,23.8,23.99,17887970,38.91,39.17,38.58,38.9,11032800,2026-03-13T02:46:28Z
HD,2007-04-20,24.18,24.26,24,24.26,22231582,39.21,39.34,38.92,39.33,13711800,2026-03-13T02:46:28Z
HD,2007-04-23,24.18,24.3,24.09,24.17,12828257,39.21,39.39,39.05,39.19,7912100,2026-03-13T02:46:28Z
HD,2007-04-24,24.25,24.3,23.84,24.11,21535680,39.31,39.4,38.65,39.09,13282600,2026-03-13T02:46:28Z
HD,2007-04-25,24.36,24.48,24.18,24.31,18366102,39.5,39.69,39.2,39.42,11327700,2026-03-13T02:46:28Z
HD,2007-04-26,24.05,24.36,23.99,24.31,18517734,38.99,39.5,38.89,39.42,11421200,2026-03-13T02:46:28Z
HD,2007-04-27,23.73,24.05,23.69,23.99,18337423,38.47,38.99,38.41,38.9,11310000,2026-03-13T02:46:28Z
HD,2007-04-30,23.36,23.78,23.33,23.75,33048596,37.87,38.56,37.83,38.5,20383400,2026-03-13T02:46:28Z
HD,2007-05-01,23.7,23.73,23.38,23.53,21187937,38.43,38.48,37.9,38.15,13068100,2026-03-13T02:46:28Z
HD,2007-05-02,23.9,24.09,23.65,23.65,22910424,38.75,39.06,38.34,38.34,14130500,2026-03-13T02:46:28Z
HD,2007-05-03,24.09,24.21,23.71,24.02,17631323,39.06,39.25,38.44,38.95,10874500,2026-03-13T02:46:28Z
HD,2007-05-04,23.99,24.17,23.89,24.13,14413450,38.9,39.19,38.73,39.12,8889800,2026-03-13T02:46:28Z
HD,2007-05-07,23.96,24.18,23.78,23.87,12622829,38.84,39.2,38.55,38.7,7785400,2026-03-13T02:46:28Z
HD,2007-05-08,23.83,23.9,23.65,23.88,20378360,38.63,38.75,38.35,38.71,12568800,2026-03-13T02:46:28Z
HD,2007-05-09,24.17,24.18,23.69,23.72,16233732,39.18,39.2,38.41,38.46,10012500,2026-03-13T02:46:28Z
HD,2007-05-10,23.92,24.44,23.83,23.99,21618510,38.79,39.62,38.63,38.89,13333700,2026-03-13T02:46:28Z
HD,2007-05-11,23.97,24.16,23.81,23.87,19449700,38.86,39.17,38.61,38.7,11996000,2026-03-13T02:46:28Z
HD,2007-05-14,24.06,24.38,23.97,24.08,25764923,39.01,39.52,38.86,39.04,15891100,2026-03-13T02:46:28Z
HD,2007-05-15,23.62,24.25,23.42,23.44,50896586,38.3,39.32,37.97,38,31391500,2026-03-13T02:46:28Z
HD,2007-05-16,23.67,23.8,23.44,23.72,22834246,38.37,38.58,38,38.46,14083500,2026-03-13T02:46:28Z
HD,2007-05-17,23.62,23.8,23.53,23.54,14741146,38.3,38.59,38.15,38.17,9091900,2026-03-13T02:46:28Z
HD,2007-05-18,23.98,24,23.59,23.74,22478317,38.88,38.91,38.25,38.49,13864000,2026-03-13T02:46:28Z
HD,2007-05-21,23.83,24.09,23.77,23.87,20563679,38.63,39.05,38.54,38.7,12683100,2026-03-13T02:46:28Z
HD,2007-05-22,23.76,23.87,23.65,23.81,15173045,38.53,38.7,38.35,38.6,9358300,2026-03-13T02:46:28Z
HD,2007-05-23,23.92,24.13,23.81,23.88,17672184,38.78,39.13,38.61,38.72,10899700,2026-03-13T02:46:28Z
HD,2007-05-24,24.02,24.3,23.81,23.83,31108020,38.95,39.4,38.61,38.63,19186500,2026-03-13T02:46:28Z
HD,2007-05-25,23.67,24.05,23.59,24,15612259,38.38,39,38.25,38.92,9629200,2026-03-13T02:46:28Z
HD,2007-05-29,23.84,23.86,23.64,23.67,14395781,38.65,38.68,38.32,38.38,8878900,2026-03-13T02:46:28Z
HD,2007-05-30,23.87,23.9,23.61,23.83,15027904,38.7,38.75,38.28,38.63,9268800,2026-03-13T02:46:28Z
HD,2007-05-31,23.97,24.07,23.79,23.9,16122508,38.87,39.03,38.57,38.75,9943900,2026-03-13T02:46:28Z
HD,2007-06-01,24.18,24.41,24.03,24.26,21011518,39.21,39.57,38.96,39.33,12959300,2026-03-13T02:46:28Z
HD,2007-06-04,24.55,24.59,24,24.05,20767824,39.8,39.87,38.92,39,12809000,2026-03-13T02:46:28Z
HD,2007-06-05,24.1,24.72,23.99,24.48,24774539,38.86,39.85,38.68,39.47,15367100,2026-03-13T02:46:28Z
HD,2007-06-06,23.76,24,23.7,23.91,18898660,38.3,38.69,38.2,38.55,11722400,2026-03-13T02:46:28Z
HD,2007-06-07,23.36,23.76,23.33,23.66,27940984,37.66,38.3,37.61,38.15,17331200,2026-03-13T02:46:28Z
HD,2007-06-08,23.54,23.57,23.3,23.36,16358185,37.95,38,37.57,37.66,10146600,2026-03-13T02:46:28Z
HD,2007-06-11,23.39,23.46,23.34,23.43,21407321,37.71,37.83,37.62,37.78,13278500,2026-03-13T02:46:28Z
HD,2007-06-12,23.17,23.44,23.17,23.39,27918272,37.36,37.79,37.35,37.71,17317100,2026-03-13T02:46:28Z
HD,2007-06-13,23.4,23.46,23.22,23.33,22629681,37.73,37.83,37.44,37.61,14036700,2026-03-13T02:46:28Z
HD,2007-06-14,23.44,23.47,23.3,23.45,16040875,37.79,37.84,37.57,37.8,9949800,2026-03-13T02:46:28Z
HD,2007-06-15,23.54,23.88,23.54,23.77,34004021,37.95,38.49,37.95,38.33,21091900,2026-03-13T02:46:28Z
HD,2007-06-18,23.55,23.73,23.51,23.57,13935819,37.96,38.25,37.9,38,8644100,2026-03-13T02:46:28Z
HD,2007-06-19,23.74,23.82,23.45,23.79,23384390,38.27,38.4,37.81,38.36,14504800,2026-03-13T02:46:28Z
HD,2007-06-20,24.83,25.55,24.75,25.34,107677476,40.03,41.19,39.91,40.85,66789900,2026-03-13T02:46:28Z
HD,2007-06-21,24.78,24.9,24.54,24.79,43597559,39.95,40.14,39.56,39.97,27042600,2026-03-13T02:46:28Z
HD,2007-06-22,24.41,24.89,24.41,24.56,31159469,39.36,40.12,39.36,39.59,19327500,2026-03-13T02:46:28Z
HD,2007-06-25,24.3,24.63,24.19,24.47,21112301,39.18,39.71,39,39.45,13095500,2026-03-13T02:46:28Z
HD,2007-06-26,24.28,24.45,24.11,24.36,27405275,39.15,39.42,38.87,39.27,16998900,2026-03-13T02:46:28Z
HD,2007-06-27,24.66,24.69,24.07,24.16,24950377,39.76,39.8,38.81,38.95,15476200,2026-03-13T02:46:28Z
HD,2007-06-28,24.51,24.9,24.5,24.61,31678520,39.52,40.14,39.5,39.67,19649500,2026-03-13T02:46:28Z
HD,2007-06-29,24.41,24.79,24.27,24.53,22109799,39.35,39.96,39.12,39.54,13714200,2026-03-13T02:46:28Z
HD,2007-07-02,24.42,24.56,24.28,24.53,14259761,39.37,39.6,39.15,39.55,8845000,2026-03-13T02:46:28Z
HD,2007-07-03,24.31,24.53,24.16,24.46,10102566,39.2,39.55,38.95,39.43,6266400,2026-03-13T02:46:28Z
HD,2007-07-05,24.71,24.75,24.32,24.39,23642601,39.83,39.9,39.2,39.33,14665000,2026-03-13T02:46:28Z
HD,2007-07-06,25,25.13,24.72,24.76,27102204,40.3,40.51,39.85,39.92,16810900,2026-03-13T02:46:28Z
HD,2007-07-09,24.95,25.41,24.92,25.3,27950352,40.23,40.97,40.17,40.78,17337000,2026-03-13T02:46:28Z
HD,2007-07-10,24.97,25.33,24.92,25.07,56298605,40.25,40.83,40.18,40.42,34920800,2026-03-13T02:46:28Z
HD,2007-07-11,25.11,25.28,24.9,24.95,33530709,40.48,40.76,40.14,40.23,20798400,2026-03-13T02:46:28Z
HD,2007-07-12,25.39,25.43,25.08,25.2,32265669,40.94,41,40.43,40.63,20013700,2026-03-13T02:46:28Z
HD,2007-07-13,25.35,25.44,25.19,25.34,19391114,40.87,41.01,40.61,40.85,12027900,2026-03-13T02:46:28Z
HD,2007-07-16,25.17,25.28,25.12,25.21,18098806,40.58,40.75,40.5,40.65,11226300,2026-03-13T02:46:28Z
HD,2007-07-17,24.9,25.17,24.87,25.1,22363326,40.15,40.58,40.1,40.47,13871500,2026-03-13T02:46:28Z
HD,2007-07-18,24.84,25.08,24.62,24.82,28033757,40.04,40.43,39.69,40.02,17388700,2026-03-13T02:46:28Z
HD,2007-07-19,24.62,24.9,24.51,24.84,25300950,39.7,40.14,39.52,40.05,15693600,2026-03-13T02:46:28Z
HD,2007-07-20,24.43,24.73,24.4,24.5,28827457,39.39,39.87,39.34,39.5,17881000,2026-03-13T02:46:28Z
HD,2007-07-23,24.17,24.5,24.13,24.5,31680833,38.96,39.5,38.9,39.49,19650900,2026-03-13T02:46:28Z
HD,2007-07-24,23.54,24.16,23.49,24.05,42215194,37.95,38.95,37.87,38.77,26185100,2026-03-13T02:46:28Z
HD,2007-07-25,23.6,23.82,23.34,23.7,38990865,38.04,38.4,37.62,38.21,24185200,2026-03-13T02:46:28Z
HD,2007-07-26,23.14,23.71,22.82,23.24,56714012,37.3,38.23,36.79,37.47,35178500,2026-03-13T02:46:28Z
HD,2007-07-27,22.8,23.25,22.78,22.99,41120462,36.75,37.49,36.72,37.06,25506100,2026-03-13T02:46:28Z
HD,2007-07-30,23.45,23.68,22.83,22.93,47783116,37.81,38.18,36.8,36.96,29638800,2026-03-13T02:46:28Z
HD,2007-07-31,23.06,23.83,23,23.67,47970816,37.17,38.42,37.08,38.16,29755200,2026-03-13T02:46:28Z
HD,2007-08-01,23.43,23.5,22.67,22.91,49576805,37.77,37.89,36.55,36.94,30751400,2026-03-13T02:46:28Z
HD,2007-08-02,23.46,23.66,23.33,23.42,42702007,37.82,38.15,37.61,37.75,26487100,2026-03-13T02:46:28Z
HD,2007-08-03,22.45,23.47,22.27,23.47,73091932,36.19,37.84,35.91,37.84,45337400,2026-03-13T02:46:28Z
HD,2007-08-06,22.88,22.94,22.14,22.54,54006485,36.89,36.99,35.7,36.34,33499100,2026-03-13T02:46:28Z
HD,2007-08-07,22.58,22.99,22.28,22.67,45723409,36.4,37.07,35.92,36.55,28361200,2026-03-13T02:46:28Z
HD,2007-08-08,23.45,23.45,22.52,22.64,57708980,37.8,37.8,36.3,36.5,35795600,2026-03-13T02:46:28Z
HD,2007-08-09,22.2,22.48,21.78,21.9,59872643,35.79,36.25,35.12,35.31,37137600,2026-03-13T02:46:28Z
HD,2007-08-10,22.28,22.5,21.9,22.2,35523562,35.92,36.27,35.3,35.79,22034500,2026-03-13T02:46:28Z
HD,2007-08-13,21.86,22.34,21.78,22.34,33916561,35.24,36.02,35.12,36.02,21037700,2026-03-13T02:46:28Z
HD,2007-08-14,20.79,21.89,20.77,21.78,68117260,33.52,35.29,33.49,35.11,42251600,2026-03-13T02:46:28Z
HD,2007-08-15,20.69,21.36,20.6,20.79,43309399,33.36,34.44,33.21,33.51,26863900,2026-03-13T02:46:28Z
HD,2007-08-16,20.36,20.92,19.76,20.51,60846983,32.82,33.72,31.85,33.06,37742000,2026-03-13T02:46:28Z
HD,2007-08-17,20.66,21.18,20.44,20.92,49370347,33.31,34.14,32.95,33.73,30623400,2026-03-13T02:46:28Z
HD,2007-08-20,20.96,21.05,20.66,20.89,29783088,33.79,33.94,33.31,33.67,18473800,2026-03-13T02:46:28Z
HD,2007-08-21,21.28,21.5,20.84,20.96,30294208,34.3,34.66,33.6,33.8,18790800,2026-03-13T02:46:28Z
HD,2007-08-22,21.57,21.59,21.15,21.39,45544988,34.77,34.8,34.1,34.48,28250600,2026-03-13T02:46:28Z
HD,2007-08-23,21.1,21.31,20.95,21.18,37279339,34.02,34.36,33.78,34.15,23123600,2026-03-13T02:46:28Z
HD,2007-08-24,21.51,21.68,21.19,21.51,23168204,34.68,34.95,34.16,34.68,14370700,2026-03-13T02:46:28Z
HD,2007-08-27,21.86,22.06,21.77,21.97,41725645,35.25,35.56,35.09,35.42,25881500,2026-03-13T02:46:28Z
HD,2007-08-28,21.88,22.2,21.86,22.16,89363047,35.05,35.56,35.01,35.5,55786000,2026-03-13T02:46:28Z
HD,2007-08-29,22.82,22.97,21.93,21.93,106213626,36.55,36.8,35.13,35.13,66305200,2026-03-13T02:46:28Z
HD,2007-08-30,23.12,23.18,22.7,22.72,55392524,37.04,37.14,36.36,36.39,34579500,2026-03-13T02:46:28Z
HD,2007-08-31,23.92,24.06,23.23,23.32,105507685,38.31,38.54,37.22,37.36,65864500,2026-03-13T02:46:28Z
HD,2007-09-04,22.7,23.33,22.55,23.23,151436187,36.36,37.37,36.13,37.21,94536000,2026-03-13T02:46:28Z
HD,2007-09-05,22.79,22.82,20.61,22.65,72324454,36.51,36.56,33.01,36.28,45149400,2026-03-13T02:46:28Z
HD,2007-09-06,21.99,22.95,21.99,22.7,58198983,35.22,36.77,35.22,36.36,36331400,2026-03-13T02:46:28Z
HD,2007-09-07,21.36,21.78,21.3,21.73,48505279,34.21,34.89,34.12,34.81,30280000,2026-03-13T02:46:28Z
HD,2007-09-10,21.11,21.62,20.85,21.51,35578329,33.81,34.64,33.4,34.45,22210200,2026-03-13T02:46:28Z
HD,2007-09-11,21.77,21.79,21.13,21.23,53250758,34.87,34.9,33.85,34,33242400,2026-03-13T02:46:28Z
HD,2007-09-12,21.91,22.05,21.51,21.55,32031034,35.09,35.32,34.46,34.52,19995800,2026-03-13T02:46:28Z
HD,2007-09-13,22.23,22.38,21.92,22.03,26069307,35.61,35.85,35.12,35.29,16274100,2026-03-13T02:46:28Z
HD,2007-09-14,22.27,22.37,21.85,22.35,20091054,35.68,35.83,35,35.8,12542100,2026-03-13T02:46:28Z
HD,2007-09-17,22.09,22.29,21.96,22.07,21056535,35.38,35.7,35.18,35.35,13144800,2026-03-13T02:46:28Z
HD,2007-09-18,22.7,22.71,22,22.17,34530162,36.36,36.38,35.25,35.51,21555900,2026-03-13T02:46:28Z
HD,2007-09-19,22.59,23.19,22.49,22.82,32425326,36.18,37.15,36.02,36.55,20241900,2026-03-13T02:46:28Z
HD,2007-09-20,22.05,22.59,21.95,22.5,33616072,35.32,36.18,35.17,36.04,20985300,2026-03-13T02:46:28Z
HD,2007-09-21,21.52,22.19,21.52,22.17,38366925,34.47,35.55,34.47,35.52,23951000,2026-03-13T02:46:28Z
HD,2007-09-24,21.15,21.72,20.93,21.55,27000039,33.88,34.79,33.53,34.52,16855100,2026-03-13T02:46:28Z
HD,2007-09-25,20.65,20.73,20.42,20.73,44755218,33.08,33.21,32.71,33.2,27939000,2026-03-13T02:46:28Z
HD,2007-09-26,20.59,20.84,20.48,20.73,29658547,32.99,33.38,32.81,33.2,18514700,2026-03-13T02:46:28Z
HD,2007-09-27,20.45,20.74,20.38,20.69,27217769,32.76,33.23,32.65,33.15,16991000,2026-03-13T02:46:28Z
HD,2007-09-28,20.25,20.48,20.21,20.48,39600599,32.44,32.81,32.37,32.81,24721200,2026-03-13T02:46:28Z
HD,2007-10-01,20.7,20.88,20.33,20.34,35741772,33.16,33.45,32.57,32.58,22312200,2026-03-13T02:46:28Z
HD,2007-10-02,20.83,21.02,20.68,20.73,37436970,33.36,33.67,33.12,33.21,23370500,2026-03-13T02:46:28Z
HD,2007-10-03,21.14,21.36,20.75,20.77,32599060,33.87,34.21,33.24,33.27,20350400,2026-03-13T02:46:28Z
HD,2007-10-04,21.06,21.26,20.91,21.23,19463143,33.74,34.05,33.5,34.01,12150100,2026-03-13T02:46:28Z
HD,2007-10-05,21.36,21.57,21.16,21.35,20728743,34.22,34.55,33.9,34.2,12940200,2026-03-13T02:46:28Z
HD,2007-10-08,21.18,21.43,21.06,21.39,18025453,33.93,34.32,33.74,34.27,11252600,2026-03-13T02:46:28Z
HD,2007-10-09,21.1,21.23,20.86,21.17,22497237,33.8,34,33.42,33.91,14044200,2026-03-13T02:46:28Z
HD,2007-10-10,21.01,21.23,20.85,21.03,26433956,33.65,34,33.4,33.69,16501700,2026-03-13T02:46:28Z
HD,2007-10-11,20.87,21.38,20.74,21.04,27435887,33.43,34.25,33.22,33.7,17127200,2026-03-13T02:46:28Z
HD,2007-10-12,20.88,21.02,20.73,20.93,19887822,33.44,33.68,33.2,33.52,12415200,2026-03-13T02:46:28Z
HD,2007-10-15,20.61,21.01,20.49,20.88,23888193,33.01,33.65,32.82,33.45,14912500,2026-03-13T02:46:28Z
HD,2007-10-16,20.29,20.58,20.13,20.57,25616753,32.51,32.96,32.24,32.95,15991600,2026-03-13T02:46:28Z
HD,2007-10-17,19.84,20.54,19.63,20.48,37192458,31.78,32.9,31.45,32.81,23217900,2026-03-13T02:46:28Z
HD,2007-10-18,19.78,19.98,19.59,19.73,28641691,31.68,32.01,31.38,31.6,17879900,2026-03-13T02:46:28Z
HD,2007-10-19,19.2,19.88,19.08,19.8,43302331,30.76,31.85,30.56,31.72,27032000,2026-03-13T02:46:28Z
HD,2007-10-22,19.28,19.46,18.95,19.09,28481805,30.88,31.18,30.36,30.58,17780100,2026-03-13T02:46:28Z
HD,2007-10-23,19.3,19.48,18.98,19.48,26198109,30.92,31.2,30.4,31.2,16354500,2026-03-13T02:46:28Z
HD,2007-10-24,19.28,19.38,18.9,19.35,29708373,30.88,31.04,30.28,30.99,18545800,2026-03-13T02:46:28Z
HD,2007-10-25,19.16,19.68,18.96,19.41,38893813,30.7,31.52,30.38,31.09,24280000,2026-03-13T02:46:28Z
HD,2007-10-26,19.57,19.7,19.04,19.36,19998988,31.35,31.55,30.5,31.01,12484600,2026-03-13T02:46:28Z
HD,2007-10-29,19.6,19.88,19.51,19.7,25610755,31.4,31.85,31.26,31.55,15987800,2026-03-13T02:46:28Z
HD,2007-10-30,19.64,19.82,19.53,19.67,29915459,31.46,31.75,31.28,31.51,18675100,2026-03-13T02:46:28Z
HD,2007-10-31,19.67,19.85,19.36,19.8,23926167,31.51,31.8,31.02,31.71,14936200,2026-03-13T02:46:28Z
HD,2007-11-01,19.16,19.71,19.13,19.6,24035102,30.69,31.58,30.65,31.4,15004200,2026-03-13T02:46:28Z
HD,2007-11-02,18.98,19.36,18.8,19.3,26561554,30.4,31.01,30.12,30.92,16581400,2026-03-13T02:46:28Z
HD,2007-11-05,18.6,18.82,18.43,18.82,28057780,29.8,30.15,29.53,30.15,17515400,2026-03-13T02:46:28Z
HD,2007-11-06,18.77,18.8,18.42,18.42,25355239,30.06,30.12,29.5,29.5,15828300,2026-03-13T02:46:28Z
HD,2007-11-07,18.32,18.68,18.29,18.54,26413351,29.34,29.92,29.3,29.7,16488900,2026-03-13T02:46:28Z
HD,2007-11-08,18.16,18.45,17.64,18.45,40458613,29.09,29.56,28.25,29.56,25256800,2026-03-13T02:46:28Z
HD,2007-11-09,17.51,18.05,17.47,17.91,35117685,28.05,28.92,27.99,28.69,21922700,2026-03-13T02:46:28Z
HD,2007-11-12,17.77,18.15,17.48,17.51,30371053,28.46,29.08,28,28.05,18959500,2026-03-13T02:46:28Z
HD,2007-11-13,18.18,18.25,17.34,17.48,45327950,29.12,29.23,27.77,28,28296500,2026-03-13T02:46:28Z
HD,2007-11-14,18.12,18.56,18.02,18.29,29519540,29.03,29.73,28.86,29.29,18427900,2026-03-13T02:46:28Z
HD,2007-11-15,18.09,18.57,18,18.15,28032799,28.98,29.75,28.84,29.07,17499800,2026-03-13T02:46:28Z
HD,2007-11-16,18.15,18.23,17.74,18.18,29137917,29.07,29.2,28.42,29.12,18189700,2026-03-13T02:46:28Z
HD,2007-11-19,17.6,18,17.49,18,35219719,28.19,28.83,28.02,28.83,21986400,2026-03-13T02:46:28Z
HD,2007-11-20,17.79,17.95,17.45,17.6,42541195,28.5,28.75,27.95,28.19,26556900,2026-03-13T02:46:28Z
HD,2007-11-21,17.51,17.72,17.36,17.61,20201716,28.05,28.39,27.81,28.21,12611200,2026-03-13T02:46:28Z
HD,2007-11-23,18.07,18.11,17.52,17.59,15676898,28.95,29.01,28.06,28.18,9786500,2026-03-13T02:46:28Z
HD,2007-11-26,17.16,18.1,17.11,18.04,26082421,27.49,29,27.41,28.89,16282300,2026-03-13T02:46:28Z
HD,2007-11-27,17.09,17.38,16.86,17.36,32015950,27.15,27.61,26.78,27.58,20151300,2026-03-13T02:46:28Z
HD,2007-11-28,17.79,17.93,17.04,17.18,38384506,28.27,28.49,27.07,27.3,24159700,2026-03-13T02:46:28Z
HD,2007-11-29,17.55,17.75,17.34,17.7,31615372,27.88,28.2,27.55,28.12,19899200,2026-03-13T02:46:28Z
HD,2007-11-30,17.98,18.32,17.7,17.81,39476321,28.56,29.1,28.12,28.3,24847000,2026-03-13T02:46:28Z
HD,2007-12-03,17.93,18.27,17.91,18.01,19226620,28.49,29.03,28.45,28.62,12101500,2026-03-13T02:46:28Z
HD,2007-12-04,18.12,18.21,17.62,17.86,26828807,28.79,28.94,28,28.38,16886400,2026-03-13T02:46:28Z
HD,2007-12-05,18.23,18.36,18.05,18.29,19932375,28.97,29.17,28.67,29.05,12545700,2026-03-13T02:46:28Z
HD,2007-12-06,18.56,18.67,17.99,18.15,18481813,29.49,29.66,28.58,28.84,11632700,2026-03-13T02:46:28Z
HD,2007-12-07,18.56,18.73,18.46,18.67,15989651,29.49,29.75,29.33,29.66,10064100,2026-03-13T02:46:28Z
HD,2007-12-10,18.62,18.66,18.29,18.38,18898649,29.59,29.65,29.05,29.2,11895100,2026-03-13T02:46:28Z
HD,2007-12-11,17.88,18.76,17.82,18.62,30805085,28.4,29.8,28.31,29.58,19389200,2026-03-13T02:46:28Z
HD,2007-12-12,17.93,18.43,17.62,18.25,32000251,28.49,29.28,28,29,20141400,2026-03-13T02:46:28Z
HD,2007-12-13,17.4,17.93,17.16,17.82,32237927,27.64,28.48,27.26,28.31,20291000,2026-03-13T02:46:28Z
HD,2007-12-14,16.76,17.21,16.76,17.19,34446475,26.63,27.35,26.63,27.31,21681100,2026-03-13T02:46:28Z
HD,2007-12-17,16.33,16.82,16.26,16.68,40024213,25.94,26.73,25.84,26.5,25191800,2026-03-13T02:46:28Z
HD,2007-12-18,16.66,16.74,16.09,16.45,35654566,26.47,26.6,25.57,26.14,22441500,2026-03-13T02:46:28Z
HD,2007-12-19,16.52,16.64,16.26,16.64,28466041,26.24,26.43,25.84,26.43,17916900,2026-03-13T02:46:28Z
HD,2007-12-20,16.53,16.63,16.35,16.49,25433507,26.27,26.42,25.98,26.2,16008200,2026-03-13T02:46:28Z
HD,2007-12-21,16.78,16.96,16.55,16.59,38970960,26.66,26.94,26.29,26.36,24528900,2026-03-13T02:46:28Z
HD,2007-12-24,17,17.05,16.68,16.75,11438080,27.01,27.09,26.5,26.61,7199300,2026-03-13T02:46:28Z
HD,2007-12-26,16.99,17.03,16.78,16.99,23960359,26.99,27.05,26.66,27,15081000,2026-03-13T02:46:28Z
HD,2007-12-27,16.85,16.98,16.81,16.98,21235007,26.77,26.98,26.71,26.98,13365600,2026-03-13T02:46:28Z
HD,2007-12-28,16.79,17,16.59,16.83,21835027,26.68,27.01,26.35,26.74,13743300,2026-03-13T02:46:28Z
HD,2007-12-31,16.96,17.11,16.53,16.69,26518974,26.94,27.18,26.26,26.51,16691400,2026-03-13T02:46:28Z
HD,2008-01-02,16.43,17.16,16.38,17.01,26311140,26.11,27.27,26.02,27.03,16560600,2026-03-13T02:46:28Z
HD,2008-01-03,16.25,16.65,16.24,16.52,23252697,25.82,26.46,25.8,26.24,14635600,2026-03-13T02:46:28Z
HD,2008-01-04,15.71,16.16,15.58,16.09,31413131,24.96,25.67,24.76,25.56,19771900,2026-03-13T02:46:28Z
HD,2008-01-07,15.97,16.25,15.69,15.77,32859683,25.37,25.81,24.93,25.06,20682300,2026-03-13T02:46:28Z
HD,2008-01-08,15.57,16.24,15.53,16.08,24608288,24.74,25.8,24.67,25.55,15488800,2026-03-13T02:46:28Z
HD,2008-01-09,15.57,15.72,14.96,15.58,40464167,24.73,24.97,23.77,24.75,25468700,2026-03-13T02:46:28Z
HD,2008-01-10,15.91,16.18,15.33,15.43,25577260,25.28,25.71,24.35,24.51,16098700,2026-03-13T02:46:28Z
HD,2008-01-11,15.55,16.09,15.46,15.8,28005450,24.71,25.56,24.57,25.1,17627000,2026-03-13T02:46:28Z
HD,2008-01-14,15.98,16.05,15.45,15.8,24647403,25.39,25.5,24.54,25.1,15513400,2026-03-13T02:46:28Z
HD,2008-01-15,15.97,16.14,15.52,15.77,32261345,25.37,25.65,24.66,25.05,20305700,2026-03-13T02:46:28Z
HD,2008-01-16,16.58,16.89,15.91,15.92,43462399,26.34,26.84,25.28,25.3,27355900,2026-03-13T02:46:28Z
HD,2008-01-17,16.52,16.81,16.38,16.6,32782431,26.25,26.71,26.02,26.37,20633700,2026-03-13T02:46:28Z
HD,2008-01-18,16.54,17.3,16.36,16.68,41020060,26.28,27.49,26,26.5,25818600,2026-03-13T02:46:28Z
HD,2008-01-22,17.75,18.14,15.71,15.71,71737741,28.2,28.82,24.96,24.96,45152800,2026-03-13T02:46:28Z
HD,2008-01-23,18.85,18.96,17.04,17.43,65690610,29.95,30.12,27.08,27.7,41346700,2026-03-13T02:46:28Z
HD,2008-01-24,18.61,18.76,18.21,18.63,42539993,29.56,29.8,28.93,29.6,26775300,2026-03-13T02:46:28Z
HD,2008-01-25,17.96,18.66,17.72,18.64,35721287,28.53,29.65,28.15,29.61,22483500,2026-03-13T02:46:28Z
HD,2008-01-28,18.34,18.35,17.64,17.95,27135908,29.14,29.16,28.03,28.51,17079700,2026-03-13T02:46:28Z
HD,2008-01-29,18.7,18.83,17.98,18.49,31021852,29.71,29.92,28.57,29.37,19525600,2026-03-13T02:46:28Z
HD,2008-01-30,18.49,19.01,18.29,18.29,33707986,29.38,30.2,29.05,29.05,21216300,2026-03-13T02:46:28Z
HD,2008-01-31,19.29,19.56,18.14,18.24,52809288,30.64,31.08,28.82,28.98,33239000,2026-03-13T02:46:28Z
HD,2008-02-01,19.17,19.32,18.81,19.07,27326466,30.45,30.69,29.88,30.3,17199700,2026-03-13T02:46:28Z
HD,2008-02-04,18.47,19.23,18.35,19.17,26209935,29.35,30.55,29.16,30.45,16496900,2026-03-13T02:46:28Z
HD,2008-02-05,17.62,18.53,17.53,18.18,34294115,27.99,29.44,27.85,28.89,21585200,2026-03-13T02:46:28Z
HD,2008-02-06,17.4,18.23,17.37,17.77,37884123,27.65,28.97,27.59,28.24,23844800,2026-03-13T02:46:28Z
HD,2008-02-07,17.88,18.36,17.32,17.34,33298670,28.4,29.17,27.52,27.55,20958700,2026-03-13T02:46:28Z
HD,2008-02-08,17.6,18,17.43,17.81,25274315,27.97,28.59,27.7,28.3,15908000,2026-03-13T02:46:28Z
HD,2008-02-11,18.06,18.18,17.42,17.64,22158057,28.69,28.88,27.67,28.02,13946600,2026-03-13T02:46:28Z
HD,2008-02-12,17.86,18.34,17.76,18.13,28288484,28.38,29.13,28.22,28.81,17805200,2026-03-13T02:46:28Z
HD,2008-02-13,17.84,18.13,17.7,17.96,19699585,28.34,28.8,28.13,28.54,12399200,2026-03-13T02:46:28Z
HD,2008-02-14,17.32,17.88,17.21,17.81,25960464,27.51,28.4,27.34,28.29,16339900,2026-03-13T02:46:28Z
HD,2008-02-15,17.32,17.42,16.97,17.42,25071216,27.52,27.67,26.96,27.67,15780200,2026-03-13T02:46:28Z
HD,2008-02-19,17.19,17.7,17.05,17.55,23841536,27.31,28.12,27.09,27.88,15006200,2026-03-13T02:46:28Z
HD,2008-02-20,17.45,17.57,16.96,17.01,21685830,27.72,27.92,26.94,27.03,13649400,2026-03-13T02:46:28Z
HD,2008-02-21,17.24,17.76,17.16,17.47,20734938,27.39,28.22,27.27,27.76,13050900,2026-03-13T02:46:28Z
HD,2008-02-22,17.48,17.5,16.99,17.28,21609340,27.77,27.81,27,27.45,13601200,2026-03-13T02:46:28Z
HD,2008-02-25,18.14,18.14,17.17,17.17,33225528,28.82,28.82,27.28,27.28,20912600,2026-03-13T02:46:28Z
HD,2008-02-26,18.15,18.56,17.76,17.76,48677833,28.83,29.49,28.22,28.22,30638500,2026-03-13T02:46:28Z
HD,2008-02-27,18.2,18.4,17.91,17.97,27533801,28.91,29.24,28.46,28.55,17330200,2026-03-13T02:46:28Z
HD,2008-02-28,17.44,18.06,17.42,18.03,28734124,27.71,28.7,27.67,28.64,18085700,2026-03-13T02:46:28Z
HD,2008-02-29,16.71,17.4,16.62,17.32,34792449,26.55,27.65,26.41,27.52,21898800,2026-03-13T02:46:28Z
HD,2008-03-03,17.05,17.11,16.55,16.68,30444393,27.09,27.18,26.3,26.5,19162100,2026-03-13T02:46:28Z
HD,2008-03-04,16.91,17.03,16.68,16.86,24899762,26.87,27.05,26.5,26.79,15672300,2026-03-13T02:46:28Z
HD,2008-03-05,16.84,17.35,16.68,16.99,29141583,26.76,27.57,26.5,26.99,18342100,2026-03-13T02:46:28Z
HD,2008-03-06,16.21,16.92,16.19,16.79,22791843,25.76,26.88,25.72,26.68,14345500,2026-03-13T02:46:28Z
HD,2008-03-07,16.29,16.63,15.85,16.04,24483141,25.88,26.42,25.18,25.48,15410000,2026-03-13T02:46:28Z
HD,2008-03-10,15.74,16.33,15.71,16.33,27310236,25,25.95,24.96,25.95,17189500,2026-03-13T02:46:28Z
HD,2008-03-11,16.64,16.65,16.06,16.42,34827212,26.2,26.22,25.28,25.85,22119800,2026-03-13T02:46:28Z
HD,2008-03-12,16.6,17.23,16.49,16.65,31506044,26.13,27.13,25.97,26.21,20010500,2026-03-13T02:46:28Z
HD,2008-03-13,16.82,16.93,16.18,16.55,31871946,26.48,26.66,25.48,26.05,20242900,2026-03-13T02:46:28Z
HD,2008-03-14,16.35,17,16.11,16.99,33809765,25.75,26.77,25.36,26.75,21473600,2026-03-13T02:46:28Z
HD,2008-03-17,16.32,16.53,15.8,15.95,34505251,25.7,26.02,24.87,25.11,21915400,2026-03-13T02:46:28Z
HD,2008-03-18,17.27,17.3,16.58,16.63,33740466,27.19,27.24,26.1,26.19,21429600,2026-03-13T02:46:28Z
HD,2008-03-19,17.05,17.8,17.03,17.24,36632633,26.84,28.02,26.81,27.14,23266500,2026-03-13T02:46:28Z
HD,2008-03-20,17.82,17.89,17.05,17.13,35020756,28.06,28.17,26.84,26.97,22242800,2026-03-13T02:46:28Z
HD,2008-03-24,18.58,19.05,17.87,17.87,39748562,29.26,30,28.13,28.13,25245500,2026-03-13T02:46:28Z
HD,2008-03-25,18.27,18.71,17.97,18.53,29070488,28.76,29.46,28.3,29.17,18463600,2026-03-13T02:46:28Z
HD,2008-03-26,17.89,18.13,17.75,18.13,23295180,28.16,28.55,27.94,28.55,14795500,2026-03-13T02:46:28Z
HD,2008-03-27,17.65,18.17,17.63,17.89,20802943,27.79,28.61,27.76,28.17,13212600,2026-03-13T02:46:28Z
HD,2008-03-28,17.39,17.7,17.33,17.53,24906180,27.38,27.87,27.28,27.6,15818700,2026-03-13T02:46:28Z
HD,2008-03-31,17.76,17.82,17.23,17.4,24551330,27.97,28.06,27.13,27.39,15593300,2026-03-13T02:46:28Z
HD,2008-04-01,18.73,18.79,17.85,17.91,31904779,29.49,29.58,28.1,28.2,20263700,2026-03-13T02:46:28Z
HD,2008-04-02,18.52,19.05,18.4,18.7,25335117,29.16,30,28.97,29.45,16091100,2026-03-13T02:46:28Z
HD,2008-04-03,18.56,18.73,18.21,18.43,18340023,29.22,29.49,28.67,29.02,11648300,2026-03-13T02:46:28Z
HD,2008-04-04,18.29,18.67,18.18,18.43,21287601,28.79,29.39,28.62,29.01,13520400,2026-03-13T02:46:28Z
HD,2008-04-07,18.1,18.48,18.01,18.39,17135866,28.5,29.09,28.35,28.95,10883500,2026-03-13T02:46:28Z
HD,2008-04-08,17.9,18.06,17.76,17.91,18180964,28.18,28.43,27.96,28.2,11547300,2026-03-13T02:46:28Z
HD,2008-04-09,17.57,17.94,17.4,17.88,21147889,27.67,28.25,27.4,28.15,13431700,2026-03-13T02:46:28Z
HD,2008-04-10,18.02,18.32,17.54,17.54,31317190,28.38,28.85,27.62,27.62,19890500,2026-03-13T02:46:28Z
HD,2008-04-11,17.89,18.21,17.78,17.78,19977341,28.17,28.67,27.99,27.99,12688200,2026-03-13T02:46:28Z
HD,2008-04-14,17.73,18.02,17.68,17.85,12759262,27.91,28.38,27.84,28.11,8103800,2026-03-13T02:46:28Z
HD,2008-04-15,17.74,17.85,17.47,17.85,15543100,27.93,28.1,27.5,28.1,9871900,2026-03-13T02:46:28Z
HD,2008-04-16,17.8,17.92,17.56,17.82,19110985,28.02,28.22,27.65,28.05,12138000,2026-03-13T02:46:28Z
HD,2008-04-17,17.86,17.92,17.7,17.78,14549899,28.12,28.21,27.86,28,9241100,2026-03-13T02:46:28Z
HD,2008-04-18,18.22,18.34,17.92,17.92,19948545,28.68,28.88,28.21,28.21,12669900,2026-03-13T02:46:28Z
HD,2008-04-21,18.41,18.53,17.85,18.1,25932283,28.98,29.17,28.11,28.5,16470400,2026-03-13T02:46:28Z
HD,2008-04-22,18.11,18.57,17.95,18.36,31662510,28.52,29.24,28.27,28.9,20109800,2026-03-13T02:46:28Z
HD,2008-04-23,17.87,18.22,17.8,18.21,25073459,28.13,28.69,28.02,28.68,15924900,2026-03-13T02:46:28Z
HD,2008-04-24,18.37,18.58,17.86,17.86,34207250,28.92,29.25,28.12,28.12,21726100,2026-03-13T02:46:28Z
HD,2008-04-25,18.91,18.93,18.29,18.43,30948420,29.78,29.81,28.8,29.01,19656300,2026-03-13T02:46:28Z
HD,2008-04-28,18.88,19.16,18.56,18.81,21057751,29.73,30.16,29.22,29.61,13374400,2026-03-13T02:46:28Z
HD,2008-04-29,18.65,19.04,18.5,18.82,17269866,29.36,29.97,29.12,29.63,10968600,2026-03-13T02:46:28Z
HD,2008-04-30,18.29,18.83,18.25,18.65,23967461,28.8,29.65,28.74,29.36,15222500,2026-03-13T02:46:28Z
HD,2008-05-01,18.97,19.35,18.43,18.48,41927554,29.87,30.46,29.01,29.09,26629400,2026-03-13T02:46:28Z
HD,2008-05-02,19.13,19.37,18.95,19.31,30378372,30.12,30.5,29.83,30.4,19294200,2026-03-13T02:46:28Z
HD,2008-05-05,18.65,19.08,18.57,18.98,25030582,29.37,30.04,29.23,29.89,15897700,2026-03-13T02:46:28Z
HD,2008-05-06,18.6,18.63,18.23,18.6,22529884,29.28,29.33,28.71,29.28,14309400,2026-03-13T02:46:28Z
HD,2008-05-07,18.14,18.72,18.09,18.59,23216208,28.56,29.48,28.48,29.27,14745300,2026-03-13T02:46:28Z
HD,2008-05-08,17.73,18.28,17.65,18.17,30647164,27.92,28.78,27.79,28.61,19464900,2026-03-13T02:46:28Z
HD,2008-05-09,17.77,18.06,17.55,17.67,20493641,27.98,28.44,27.63,27.82,13016100,2026-03-13T02:46:28Z
HD,2008-05-12,18.19,18.23,17.79,17.79,19388181,28.64,28.71,28.01,28.01,12314000,2026-03-13T02:46:28Z
HD,2008-05-13,18.26,18.4,18.1,18.2,16361678,28.75,28.97,28.5,28.66,10391800,2026-03-13T02:46:28Z
HD,2008-05-14,18.5,18.75,18.26,18.34,19041912,29.12,29.53,28.75,28.88,12094100,2026-03-13T02:46:28Z
HD,2008-05-15,18.76,18.77,18.27,18.48,17389816,29.53,29.55,28.76,29.09,11044800,2026-03-13T02:46:28Z
HD,2008-05-16,18.48,18.96,18.26,18.96,20856026,29.1,29.85,28.75,29.85,13246300,2026-03-13T02:46:28Z
HD,2008-05-19,18.34,18.66,18.11,18.2,21875839,28.87,29.38,28.52,28.65,13894000,2026-03-13T02:46:28Z
HD,2008-05-20,17.38,17.9,17.15,17.81,62681058,27.37,28.19,27,28.04,39810600,2026-03-13T02:46:28Z
HD,2008-05-21,17.1,17.46,17.02,17.35,46093266,26.93,27.49,26.8,27.32,29275300,2026-03-13T02:46:28Z
HD,2008-05-22,17.09,17.27,16.96,17.05,25024722,26.91,27.19,26.71,26.84,15894000,2026-03-13T02:46:28Z
HD,2008-05-23,17,17.14,16.69,17.05,27277458,26.77,26.99,26.28,26.84,17324700,2026-03-13T02:46:28Z
HD,2008-05-27,17.33,17.48,16.96,17.09,33713623,27.28,27.53,26.71,26.9,21412600,2026-03-13T02:46:28Z
HD,2008-05-28,17.42,17.69,17.29,17.52,20850867,27.43,27.85,27.22,27.59,13243000,2026-03-13T02:46:28Z
HD,2008-05-29,17.6,17.7,17.33,17.37,21814842,27.71,27.87,27.29,27.35,13855300,2026-03-13T02:46:28Z
HD,2008-05-30,17.38,17.62,17.37,17.62,18438699,27.36,27.75,27.35,27.75,11711000,2026-03-13T02:46:28Z
HD,2008-06-02,17.25,17.53,17.02,17.41,24402764,27.16,27.6,26.8,27.41,15498900,2026-03-13T02:46:28Z
HD,2008-06-03,17.35,17.45,17.11,17.32,23785061,27.09,27.25,26.71,27.05,15232800,2026-03-13T02:46:28Z
HD,2008-06-04,17.41,17.61,17.21,17.34,27384081,27.18,27.5,26.87,27.07,17537700,2026-03-13T02:46:28Z
HD,2008-06-05,17.87,18.02,17.55,17.56,31643075,27.91,28.13,27.4,27.42,20265400,2026-03-13T02:46:28Z
HD,2008-06-06,17.41,17.73,17.36,17.58,30240112,27.18,27.69,27.1,27.45,19366800,2026-03-13T02:46:28Z
HD,2008-06-09,17,17.71,16.92,17.45,27630506,26.54,27.65,26.42,27.25,17695600,2026-03-13T02:46:28Z
HD,2008-06-10,17.11,17.26,16.71,16.9,27917460,26.71,26.95,26.09,26.39,17879300,2026-03-13T02:46:28Z
HD,2008-06-11,16.59,17.18,16.55,17.11,29923357,25.91,26.82,25.85,26.71,19164000,2026-03-13T02:46:28Z
HD,2008-06-12,16.96,17.21,16.68,16.68,23576812,26.48,26.88,26.04,26.04,15099400,2026-03-13T02:46:28Z
HD,2008-06-13,17.63,17.66,17.07,17.09,25064491,27.53,27.58,26.65,26.69,16052200,2026-03-13T02:46:28Z
HD,2008-06-16,17.61,17.73,17.38,17.59,19390685,27.5,27.68,27.14,27.47,12418500,2026-03-13T02:46:28Z
HD,2008-06-17,17.21,17.76,17.16,17.64,19164306,26.87,27.73,26.8,27.55,12273500,2026-03-13T02:46:28Z
HD,2008-06-18,17,17.21,16.86,17.12,21843682,26.55,26.87,26.32,26.73,13989500,2026-03-13T02:46:28Z
HD,2008-06-19,17.41,17.48,17.01,17.05,24992110,27.18,27.29,26.56,26.63,16005800,2026-03-13T02:46:28Z
HD,2008-06-20,16.81,17.41,16.73,17.3,26837258,26.25,27.18,26.12,27.01,17187500,2026-03-13T02:46:28Z
HD,2008-06-23,16.05,16.91,15.95,16.9,35760698,25.06,26.4,24.9,26.39,22902400,2026-03-13T02:46:28Z
HD,2008-06-24,16.21,16.49,15.9,16.08,29013108,25.31,25.75,24.83,25.11,18581000,2026-03-13T02:46:28Z
HD,2008-06-25,16.31,16.89,16.18,16.33,31126617,25.47,26.38,25.26,25.5,19934600,2026-03-13T02:46:28Z
HD,2008-06-26,15.79,16.25,15.76,16.16,29506214,24.66,25.37,24.61,25.23,18896900,2026-03-13T02:46:28Z
HD,2008-06-27,15.38,15.82,15.31,15.79,34888514,24.02,24.7,23.91,24.66,22343900,2026-03-13T02:46:28Z
HD,2008-06-30,15,15.6,14.94,15.41,30590590,23.42,24.36,23.32,24.07,19591300,2026-03-13T02:46:28Z
HD,2008-07-01,14.86,14.98,14.42,14.81,34341647,23.21,23.39,22.52,23.12,21993600,2026-03-13T02:46:28Z
HD,2008-07-02,14.42,15.05,14.39,14.89,35529123,22.52,23.5,22.47,23.25,22754100,2026-03-13T02:46:28Z
HD,2008-07-03,14.44,14.7,14.31,14.52,17681582,22.54,22.96,22.35,22.67,11323900,2026-03-13T02:46:28Z
HD,2008-07-07,14.29,14.85,14.1,14.51,32431569,22.32,23.19,22.02,22.65,20770300,2026-03-13T02:46:28Z
HD,2008-07-08,14.76,14.78,14.28,14.29,26864749,23.04,23.07,22.3,22.31,17205100,2026-03-13T02:46:28Z
HD,2008-07-09,14.33,14.8,14.28,14.8,20908658,22.37,23.11,22.3,23.11,13390700,2026-03-13T02:46:28Z
HD,2008-07-10,14.01,14.42,13.9,14.35,28980643,21.87,22.51,21.71,22.41,18560200,2026-03-13T02:46:28Z
HD,2008-07-11,13.82,14.17,13.45,13.82,42356173,21.58,22.13,21,21.58,27126400,2026-03-13T02:46:28Z
HD,2008-07-14,13.79,14.09,13.64,14.03,20160777,21.53,22,21.3,21.9,12911700,2026-03-13T02:46:28Z
HD,2008-07-15,13.74,14.02,13.3,13.7,32081791,21.46,21.89,20.76,21.39,20546400,2026-03-13T02:46:28Z
HD,2008-07-16,14.53,14.56,13.58,13.79,30560876,22.68,22.73,21.21,21.53,19572300,2026-03-13T02:46:28Z
HD,2008-07-17,14.97,15.19,14.12,14.6,34882782,23.38,23.71,22.05,22.79,22340200,2026-03-13T02:46:28Z
HD,2008-07-18,15.01,15.26,14.54,15.26,24799857,23.44,23.82,22.7,23.82,15882700,2026-03-13T02:46:28Z
HD,2008-07-21,14.81,15.24,14.68,15.13,21369321,23.12,23.79,22.92,23.62,13685700,2026-03-13T02:46:28Z
HD,2008-07-22,15.34,15.43,14.64,14.73,27806446,23.95,24.1,22.86,23,17808200,2026-03-13T02:46:28Z
HD,2008-07-23,16.03,16.55,15.22,15.22,41299713,25.03,25.85,23.76,23.76,26449800,2026-03-13T02:46:28Z
HD,2008-07-24,15.38,16.09,15.33,16.01,25549268,24.02,25.13,23.93,25,16362700,2026-03-13T02:46:28Z
HD,2008-07-25,15.24,15.93,15.09,15.52,22661401,23.8,24.88,23.56,24.23,14513200,2026-03-13T02:46:28Z
HD,2008-07-28,14.83,15.43,14.78,15.01,17832848,23.16,24.09,23.07,23.44,11420800,2026-03-13T02:46:28Z
HD,2008-07-29,15.58,15.65,14.88,14.92,24169639,24.33,24.44,23.24,23.3,15479100,2026-03-13T02:46:28Z
HD,2008-07-30,15.2,16.01,14.92,15.82,30076484,23.74,25,23.3,24.7,19262000,2026-03-13T02:46:28Z
HD,2008-07-31,15.26,15.72,15.04,15.1,28976179,23.83,24.55,23.49,23.58,18557400,2026-03-13T02:46:28Z
HD,2008-08-01,15.31,15.51,14.62,15.39,18613281,23.9,24.21,22.82,24.03,11920600,2026-03-13T02:46:28Z
HD,2008-08-04,15.3,15.49,15.06,15.26,16482693,23.89,24.18,23.51,23.82,10556100,2026-03-13T02:46:28Z
HD,2008-08-05,15.94,15.97,15.43,15.43,22439175,24.89,24.94,24.1,24.1,14370900,2026-03-13T02:46:28Z
HD,2008-08-06,15.95,16.01,15.63,15.69,23539055,24.9,25,24.4,24.5,15075300,2026-03-13T02:46:28Z
HD,2008-08-07,15.68,15.95,15.57,15.82,21241430,24.48,24.9,24.32,24.7,13603800,2026-03-13T02:46:28Z
HD,2008-08-08,16.89,16.98,15.69,15.74,39826767,26.37,26.52,24.5,24.58,25506500,2026-03-13T02:46:28Z
HD,2008-08-11,17.62,18.41,16.68,16.82,84211354,27.51,28.75,26.05,26.26,53932000,2026-03-13T02:46:28Z
HD,2008-08-12,17.6,17.78,17.41,17.52,42506624,27.48,27.76,27.18,27.35,27222800,2026-03-13T02:46:28Z
HD,2008-08-13,16.98,17.61,16.73,17.5,34148848,26.52,27.49,26.12,27.32,21870200,2026-03-13T02:46:28Z
HD,2008-08-14,17.4,17.84,16.79,16.8,27114880,27.17,27.85,26.21,26.23,17365300,2026-03-13T02:46:28Z
HD,2008-08-15,17.63,17.77,17.36,17.42,36333066,27.53,27.74,27.1,27.2,23269000,2026-03-13T02:46:28Z
HD,2008-08-18,17.27,18,17.02,17.78,34626165,26.96,28.1,26.57,27.76,22175900,2026-03-13T02:46:28Z
HD,2008-08-19,16.63,17.34,16.61,17.28,47825596,25.96,27.08,25.93,26.98,30629200,2026-03-13T02:46:28Z
HD,2008-08-20,16.63,16.93,16.44,16.66,29686691,25.97,26.44,25.67,26.01,19012400,2026-03-13T02:46:28Z
HD,2008-08-21,17.02,17.09,16.34,16.39,29380895,26.57,26.68,25.51,25.6,18816600,2026-03-13T02:46:28Z
HD,2008-08-22,17.36,17.39,17.02,17.15,20797731,27.11,27.15,26.58,26.78,13319600,2026-03-13T02:46:28Z
HD,2008-08-25,17.01,17.32,16.98,17.27,20436522,26.56,27.04,26.51,26.96,13088300,2026-03-13T02:46:28Z
HD,2008-08-26,17.3,17.34,16.75,16.99,26229759,27.02,27.08,26.15,26.53,16798500,2026-03-13T02:46:28Z
HD,2008-08-27,17.4,17.6,17.04,17.3,20440659,27.17,27.48,26.6,27.02,13090900,2026-03-13T02:46:28Z
HD,2008-08-28,17.56,17.7,17.29,17.55,21276230,27.42,27.64,26.99,27.41,13626100,2026-03-13T02:46:28Z
HD,2008-08-29,17.37,17.6,17.3,17.43,19553425,27.12,27.48,27.02,27.22,12522700,2026-03-13T02:46:28Z
HD,2008-09-02,18.13,18.52,17.86,17.86,42876611,28.07,28.68,27.65,27.65,27689400,2026-03-13T02:46:28Z
HD,2008-09-03,18.94,18.99,18.02,18.04,60479625,29.33,29.4,27.91,27.94,39057300,2026-03-13T02:46:28Z
HD,2008-09-04,18.45,18.84,18.38,18.7,51188708,28.57,29.17,28.46,28.95,33057300,2026-03-13T02:46:28Z
HD,2008-09-05,18.46,18.59,18.1,18.29,38801335,28.59,28.79,28.03,28.32,25057600,2026-03-13T02:46:28Z
HD,2008-09-08,19.48,19.85,19.19,19.19,64216605,30.16,30.74,29.71,29.71,41470600,2026-03-13T02:46:28Z
HD,2008-09-09,18.82,19.77,18.81,19.48,55691740,29.15,30.61,29.13,30.16,35965400,2026-03-13T02:46:28Z
HD,2008-09-10,18.79,19.07,18.58,18.86,30694160,29.1,29.53,28.77,29.21,19822100,2026-03-13T02:46:28Z
HD,2008-09-11,19.05,19.06,18.32,18.44,42670161,29.5,29.52,28.36,28.55,27556100,2026-03-13T02:46:28Z
HD,2008-09-12,18.6,18.93,18.41,18.84,39845763,28.8,29.32,28.5,29.17,25732200,2026-03-13T02:46:28Z
HD,2008-09-15,18.41,18.78,17.77,17.8,42829826,28.5,29.08,27.52,27.56,27659200,2026-03-13T02:46:28Z
HD,2008-09-16,17.81,18.34,17.74,18.01,66238915,27.58,28.4,27.47,27.89,42776700,2026-03-13T02:46:28Z
HD,2008-09-17,16.55,17.43,16.51,17.33,66559163,25.62,26.99,25.56,26.84,42983400,2026-03-13T02:46:28Z
HD,2008-09-18,17.4,17.76,15.79,16.79,65224537,26.95,27.5,24.45,26,42121500,2026-03-13T02:46:28Z
HD,2008-09-19,17.68,19.18,16.89,18.8,50506922,27.37,29.7,26.15,29.11,32617100,2026-03-13T02:46:28Z
HD,2008-09-22,16.55,17.9,16.33,17.7,38168925,25.62,27.72,25.29,27.41,24649200,2026-03-13T02:46:28Z
HD,2008-09-23,16.31,16.95,16.24,16.58,34677684,25.26,26.25,25.15,25.67,22394700,2026-03-13T02:46:28Z
HD,2008-09-24,16.16,16.51,15.87,16.48,32278955,25.02,25.57,24.58,25.52,20845600,2026-03-13T02:46:28Z
HD,2008-09-25,16.66,16.75,16.16,16.31,35569820,25.8,25.94,25.02,25.25,22970800,2026-03-13T02:46:28Z
HD,2008-09-26,17.09,17.11,16.1,16.1,26337204,26.46,26.49,24.93,24.93,17008400,2026-03-13T02:46:28Z
HD,2008-09-29,16.14,17.19,15.78,16.68,41925732,24.99,26.62,24.44,25.83,27075400,2026-03-13T02:46:28Z
HD,2008-09-30,16.72,16.76,15.96,16.57,35851535,25.89,25.95,24.71,25.66,23152700,2026-03-13T02:46:28Z
HD,2008-10-01,16.74,16.85,16.34,16.48,32115156,25.92,26.09,25.3,25.52,20739800,2026-03-13T02:46:28Z
HD,2008-10-02,16.05,16.83,15.94,16.6,28718207,24.86,26.06,24.68,25.71,18546000,2026-03-13T02:46:28Z
HD,2008-10-03,15.38,16.34,15.32,16.21,42186357,23.81,25.31,23.72,25.1,27243600,2026-03-13T02:46:28Z
HD,2008-10-06,14.74,15.11,14.06,14.94,56421003,22.82,23.4,21.77,23.14,36436300,2026-03-13T02:46:28Z
HD,2008-10-07,14.14,15.32,14,14.93,52949038,21.89,23.72,21.68,23.12,34194100,2026-03-13T02:46:28Z
HD,2008-10-08,13.67,14.51,13.4,13.66,54361289,21.17,22.46,20.75,21.16,35106300,2026-03-13T02:46:28Z
HD,2008-10-09,12.87,13.87,12.73,13.76,45830160,19.93,21.48,19.71,21.31,29596900,2026-03-13T02:46:28Z
HD,2008-10-10,12.75,13.76,11.01,12.08,76395602,19.75,21.31,17.05,18.7,49335700,2026-03-13T02:46:28Z
HD,2008-10-13,14.02,14.09,13.08,13.24,38214318,21.71,21.81,20.25,20.51,24678600,2026-03-13T02:46:28Z
HD,2008-10-14,13.61,14.72,13.17,14.59,41604223,21.07,22.8,20.39,22.59,26867800,2026-03-13T02:46:28Z
HD,2008-10-15,12.81,13.68,12.59,13.45,40906373,19.83,21.18,19.5,20.83,26417100,2026-03-13T02:46:28Z
HD,2008-10-16,12.72,12.92,11.64,12.48,59532338,19.7,20.01,18.02,19.33,38445500,2026-03-13T02:46:28Z
HD,2008-10-17,13.05,13.37,12.24,12.67,41235584,20.21,20.7,18.96,19.62,26629700,2026-03-13T02:46:28Z
HD,2008-10-20,13.42,13.56,12.99,13.22,28505530,20.78,21,20.11,20.47,18408700,2026-03-13T02:46:28Z
HD,2008-10-21,13.25,13.86,13.12,13.24,23436562,20.52,21.46,20.31,20.5,15135200,2026-03-13T02:46:28Z
HD,2008-10-22,12.57,13.06,12.25,12.94,36897085,19.47,20.23,18.97,20.04,23827900,2026-03-13T02:46:28Z
HD,2008-10-23,12.31,12.79,11.63,12.57,45678467,19.06,19.8,18.01,19.46,29498800,2026-03-13T02:46:28Z
HD,2008-10-24,11.95,12.27,11.35,11.35,34886184,18.51,19,17.58,17.58,22529200,2026-03-13T02:46:28Z
HD,2008-10-27,12.21,12.59,11.63,11.63,33675655,18.91,19.5,18.01,18.01,21747600,2026-03-13T02:46:28Z
HD,2008-10-28,13.93,13.97,12.06,12.4,43582401,21.57,21.64,18.67,19.2,28145300,2026-03-13T02:46:28Z
HD,2008-10-29,13.98,14.97,13.39,13.72,50060380,21.65,23.18,20.74,21.25,32328600,2026-03-13T02:46:28Z
HD,2008-10-30,14.67,14.81,14.14,14.28,32630771,22.72,22.93,21.89,22.11,21072700,2026-03-13T02:46:28Z
HD,2008-10-31,15.23,15.52,14.4,14.69,33636226,23.59,24.03,22.3,22.75,21722100,2026-03-13T02:46:28Z
HD,2008-11-03,14.35,15.23,14.28,15.18,27780148,22.22,23.59,22.11,23.5,17940200,2026-03-13T02:46:28Z
HD,2008-11-04,15.11,15.17,14.31,14.66,37402848,23.39,23.49,22.16,22.7,24154500,2026-03-13T02:46:28Z
HD,2008-11-05,14.3,15.07,14.25,14.85,34471296,22.15,23.33,22.06,23,22261300,2026-03-13T02:46:28Z
HD,2008-11-06,13.52,14.73,13.36,14.29,39523655,20.93,22.81,20.68,22.12,25524200,2026-03-13T02:46:28Z
HD,2008-11-07,13.6,14.07,13.37,13.61,30350283,21.06,21.79,20.7,21.07,19600000,2026-03-13T02:46:28Z
HD,2008-11-10,13.39,14.02,13.21,13.92,21949826,20.74,21.71,20.46,21.56,14175100,2026-03-13T02:46:28Z
HD,2008-11-11,13.25,13.87,12.88,13.17,26952319,20.51,21.47,19.94,20.39,17405600,2026-03-13T02:46:28Z
HD,2008-11-12,12.79,13.13,12.67,12.83,28165993,19.8,20.34,19.62,19.87,18189400,2026-03-13T02:46:28Z
HD,2008-11-13,14.36,14.45,12.37,12.92,43450387,22.23,22.37,19.15,20,28060000,2026-03-13T02:46:28Z
HD,2008-11-14,13.26,14.62,13.12,14.04,38645169,20.54,22.64,20.32,21.74,24956800,2026-03-13T02:46:28Z
HD,2008-11-17,12.92,13.55,12.75,12.75,35073358,20,20.99,19.74,19.74,22650200,2026-03-13T02:46:28Z
HD,2008-11-18,13.37,13.83,12.88,13.34,50539930,20.71,21.42,19.94,20.66,32638400,2026-03-13T02:46:28Z
HD,2008-11-19,12.76,13.73,12.66,13.23,34022278,19.76,21.26,19.6,20.48,21971400,2026-03-13T02:46:28Z
HD,2008-11-20,11.96,13.1,11.82,12.55,50835116,18.52,20.29,18.31,19.44,32829000,2026-03-13T02:46:28Z
HD,2008-11-21,12.46,12.49,11.28,12.15,59401445,19.29,19.34,17.46,18.82,38361200,2026-03-13T02:46:28Z
HD,2008-11-24,13.83,14.15,12.18,12.54,49274100,21.42,21.91,18.86,19.41,31820900,2026-03-13T02:46:28Z
HD,2008-11-25,14.37,14.5,13.69,13.88,48960557,22.25,22.45,21.2,21.5,31618400,2026-03-13T02:46:28Z
HD,2008-11-26,15.21,15.36,13.92,13.97,39334494,23.55,23.78,21.55,21.63,25401900,2026-03-13T02:46:28Z
HD,2008-11-28,14.92,15.36,14.68,15.24,15908323,23.11,23.79,22.73,23.6,10273500,2026-03-13T02:46:28Z
HD,2008-12-01,13.7,14.85,13.65,14.76,41525287,21.21,23,21.13,22.85,26816800,2026-03-13T02:46:28Z
HD,2008-12-02,14.26,14.33,13.48,14.05,36518650,21.85,21.95,20.65,21.52,23836400,2026-03-13T02:46:28Z
HD,2008-12-03,14.86,14.93,13.75,13.92,50478638,22.76,22.88,21.06,21.32,32948400,2026-03-13T02:46:28Z
HD,2008-12-04,15.16,15.87,14.54,14.67,46089618,23.22,24.32,22.28,22.47,30083500,2026-03-13T02:46:28Z
HD,2008-12-05,15.93,16.02,14.82,14.9,50521876,24.4,24.54,22.7,22.83,32976500,2026-03-13T02:46:28Z
HD,2008-12-08,15.83,16.44,15.7,16.3,44146661,24.25,25.19,24.05,24.97,28815300,2026-03-13T02:46:28Z
HD,2008-12-09,15.14,16.15,14.91,15.59,40345337,23.2,24.74,22.85,23.89,26334200,2026-03-13T02:46:28Z
HD,2008-12-10,15.85,15.95,15.02,15.27,28681948,24.29,24.43,23.01,23.39,18721200,2026-03-13T02:46:28Z
HD,2008-12-11,15.01,15.75,14.88,15.58,28176002,22.99,24.13,22.8,23.87,18391000,2026-03-13T02:46:28Z
HD,2008-12-12,15.32,15.48,14.46,14.56,31914530,23.47,23.72,22.16,22.31,20831200,2026-03-13T02:46:28Z
HD,2008-12-15,15.28,15.58,15.04,15.42,22577479,23.41,23.87,23.04,23.62,14736700,2026-03-13T02:46:28Z
HD,2008-12-16,15.87,16.05,14.93,15.49,40121926,24.32,24.59,22.88,23.73,26188300,2026-03-13T02:46:28Z
HD,2008-12-17,16.12,16.39,15.6,15.67,31060033,24.7,25.11,23.9,24.01,20273400,2026-03-13T02:46:28Z
HD,2008-12-18,15.96,16.36,15.7,16.19,33867057,24.45,25.07,24.05,24.8,22105700,2026-03-13T02:46:28Z
HD,2008-12-19,15.81,16.32,15.55,16.2,35383035,24.22,25,23.83,24.82,23095100,2026-03-13T02:46:28Z
HD,2008-12-22,15.49,15.75,15.12,15.72,20290995,23.73,24.13,23.16,24.09,13244300,2026-03-13T02:46:28Z
HD,2008-12-23,15.42,15.66,15.33,15.4,20774820,23.62,23.99,23.49,23.59,13560100,2026-03-13T02:46:28Z
HD,2008-12-24,15.49,15.74,15.42,15.46,6097885,23.73,24.11,23.62,23.69,3980200,2026-03-13T02:46:28Z
HD,2008-12-26,15.38,15.66,15.28,15.41,6852132,23.56,24,23.41,23.61,4472500,2026-03-13T02:46:28Z
HD,2008-12-29,15.25,15.47,15.01,15.37,12977266,23.36,23.7,23,23.54,8470500,2026-03-13T02:46:28Z
HD,2008-12-30,15.08,15.46,14.81,15.34,22823045,23.11,23.69,22.69,23.5,14897000,2026-03-13T02:46:28Z
HD,2008-12-31,15.03,15.54,14.99,15.1,23201547,23.02,23.8,22.97,23.14,15144100,2026-03-13T02:46:28Z
HD,2009-01-02,15.75,15.79,14.99,15.06,22859466,24.13,24.19,22.96,23.07,14920800,2026-03-13T02:46:28Z
HD,2009-01-05,16.13,16.24,15.54,15.68,34607664,24.71,24.88,23.81,24.02,22589100,2026-03-13T02:46:28Z
HD,2009-01-06,16.49,16.64,16.07,16.28,35053025,25.26,25.49,24.62,24.94,22879800,2026-03-13T02:46:28Z
HD,2009-01-07,16.04,16.42,15.95,16.23,30464267,24.57,25.16,24.43,24.87,19884600,2026-03-13T02:46:28Z
HD,2009-01-08,15.92,15.97,15.47,15.74,26534723,24.39,24.46,23.7,24.12,17319700,2026-03-13T02:46:28Z
HD,2009-01-09,15.57,15.98,15.37,15.98,26003491,23.86,24.48,23.54,24.48,16973000,2026-03-13T02:46:28Z
HD,2009-01-12,14.99,15.64,14.76,15.57,36095451,22.97,23.96,22.62,23.85,23560100,2026-03-13T02:46:28Z
HD,2009-01-13,14.69,15.08,14.52,14.99,31317161,22.51,23.1,22.25,22.96,20441300,2026-03-13T02:46:28Z
HD,2009-01-14,14.3,14.53,14.15,14.46,31727683,21.91,22.26,21.68,22.15,20709300,2026-03-13T02:46:28Z
HD,2009-01-15,14.89,15.21,14.14,14.31,39928107,22.81,23.31,21.66,21.92,26061800,2026-03-13T02:46:28Z
HD,2009-01-16,15.14,15.26,14.73,15.23,32088500,23.2,23.38,22.57,23.34,20944800,2026-03-13T02:46:28Z
HD,2009-01-20,14.35,15.14,14.26,14.95,31162853,21.99,23.2,21.84,22.9,20340600,2026-03-13T02:46:28Z
HD,2009-01-21,14.54,14.65,14.1,14.55,30143252,22.28,22.44,21.6,22.29,19675100,2026-03-13T02:46:28Z
HD,2009-01-22,14.34,14.59,14.03,14.3,34816754,21.97,22.35,21.49,21.91,22725500,2026-03-13T02:46:28Z
HD,2009-01-23,14.18,14.35,13.9,13.96,31969473,21.72,21.98,21.3,21.38,20867000,2026-03-13T02:46:28Z
HD,2009-01-26,14.84,15.1,14.39,14.43,52664783,22.73,23.14,22.05,22.1,34375300,2026-03-13T02:46:28Z
HD,2009-01-27,14.44,14.94,14.24,14.84,33234926,22.12,22.89,21.81,22.74,21693000,2026-03-13T02:46:28Z
HD,2009-01-28,15.01,15.16,14.56,14.74,31508429,23,23.23,22.3,22.59,20566100,2026-03-13T02:46:28Z
HD,2009-01-29,14.36,15.06,14.3,14.69,27625398,22,23.08,21.91,22.5,18031600,2026-03-13T02:46:28Z
HD,2009-01-30,14.05,14.59,13.94,14.5,41429430,21.53,22.35,21.35,22.22,27041700,2026-03-13T02:46:28Z
HD,2009-02-02,14.08,14.42,13.78,13.84,27534301,21.57,22.09,21.11,21.21,17972100,2026-03-13T02:46:28Z
HD,2009-02-03,14.31,14.39,13.6,14.34,26767721,21.92,22.04,20.83,21.97,17471800,2026-03-13T02:46:28Z
HD,2009-02-04,14.18,14.41,14.03,14.12,28325172,21.73,22.07,21.5,21.63,18488400,2026-03-13T02:46:28Z
HD,2009-02-05,14.62,14.65,13.94,14.02,37794225,22.4,22.45,21.36,21.48,24669000,2026-03-13T02:46:28Z
HD,2009-02-06,15.36,15.57,14.6,14.61,47623031,23.53,23.85,22.37,22.39,31084500,2026-03-13T02:46:28Z
HD,2009-02-09,15.07,15.42,14.72,15.32,24975954,23.09,23.63,22.56,23.47,16302300,2026-03-13T02:46:28Z
HD,2009-02-10,14.5,15.16,14.36,14.95,33548408,22.21,23.23,22,22.9,21897700,2026-03-13T02:46:28Z
HD,2009-02-11,14.45,14.69,14.29,14.6,27417921,22.14,22.5,21.9,22.36,17896200,2026-03-13T02:46:28Z
HD,2009-02-12,14.35,14.4,13.8,14.16,35932772,21.98,22.06,21.15,21.7,23453900,2026-03-13T02:46:28Z
HD,2009-02-13,13.85,14.46,13.84,14.22,28493265,21.22,22.16,21.2,21.78,18598100,2026-03-13T02:46:28Z
HD,2009-02-17,13.02,13.54,12.96,13.51,54717188,19.94,20.75,19.86,20.7,35714900,2026-03-13T02:46:28Z
HD,2009-02-18,12.92,13.22,12.68,13.22,35813363,19.8,20.26,19.43,20.25,23376000,2026-03-13T02:46:28Z
HD,2009-02-19,13.16,13.34,13.01,13.02,31183592,20.16,20.44,19.93,19.95,20354100,2026-03-13T02:46:28Z
HD,2009-02-20,12.7,13.22,12.51,12.85,45313416,19.46,20.25,19.17,19.68,29576900,2026-03-13T02:46:28Z
HD,2009-02-23,12.21,12.95,11.91,12.68,41258239,18.71,19.84,18.24,19.43,26930100,2026-03-13T02:46:28Z
HD,2009-02-24,13.49,13.56,12.7,12.83,57788426,20.67,20.78,19.45,19.65,37719600,2026-03-13T02:46:28Z
HD,2009-02-25,13.26,13.56,13.06,13.28,41401503,20.31,20.78,20.01,20.35,27023500,2026-03-13T02:46:28Z
HD,2009-02-26,13.47,13.63,13.27,13.41,34822232,20.64,20.89,20.33,20.55,22729100,2026-03-13T02:46:28Z
HD,2009-02-27,13.64,13.89,13.16,13.16,35729924,20.89,21.28,20.17,20.17,23321600,2026-03-13T02:46:28Z
HD,2009-03-02,13,13.67,12.95,13.28,39062632,19.92,20.95,19.84,20.35,25496800,2026-03-13T02:46:28Z
HD,2009-03-03,12.33,13.02,12.24,12.78,44838048,18.89,19.95,18.76,19.58,29266500,2026-03-13T02:46:28Z
HD,2009-03-04,12.41,12.64,12.21,12.39,33848836,19.01,19.37,18.7,18.99,22093800,2026-03-13T02:46:28Z
HD,2009-03-05,11.85,12.52,11.75,12.08,36429151,18.15,19.18,18,18.51,23777900,2026-03-13T02:46:28Z
HD,2009-03-06,11.75,12.14,11.45,11.95,39623929,18,18.6,17.54,18.3,25863200,2026-03-13T02:46:28Z
HD,2009-03-09,11.9,12.37,11.42,11.58,43490936,18.23,18.95,17.49,17.74,28387200,2026-03-13T02:46:28Z
HD,2009-03-10,12.83,12.94,12.07,12.12,38644803,19.42,19.58,18.26,18.34,25539400,2026-03-13T02:46:28Z
HD,2009-03-11,13.01,13.16,12.69,12.83,32784618,19.68,19.92,19.2,19.42,21666500,2026-03-13T02:46:28Z
HD,2009-03-12,13.44,13.52,12.74,12.99,26486530,20.33,20.45,19.28,19.65,17504300,2026-03-13T02:46:28Z
HD,2009-03-13,13.69,13.88,13.09,13.51,33608071,20.71,21,19.8,20.44,22210700,2026-03-13T02:46:28Z
HD,2009-03-16,13.31,13.92,13.26,13.7,25775717,20.14,21.06,20.06,20.73,17034500,2026-03-13T02:46:28Z
HD,2009-03-17,14.2,14.2,13.44,13.55,38479728,21.48,21.49,20.34,20.5,25430300,2026-03-13T02:46:28Z
HD,2009-03-18,14.92,15.09,13.91,14.08,48138337,22.58,22.84,21.05,21.3,31813300,2026-03-13T02:46:28Z
HD,2009-03-19,14.83,15.09,14.67,14.88,34735849,22.44,22.84,22.2,22.52,22956000,2026-03-13T02:46:28Z
HD,2009-03-20,14.64,15.02,14.38,14.93,33837235,22.16,22.73,21.76,22.59,22362200,2026-03-13T02:46:28Z
HD,2009-03-23,15.37,15.38,14.65,14.82,34609365,23.25,23.28,22.17,22.43,22872400,2026-03-13T02:46:28Z
HD,2009-03-24,15.17,15.51,15.12,15.22,30976924,22.95,23.47,22.88,23.03,20471900,2026-03-13T02:46:28Z
HD,2009-03-25,15.39,15.83,15.05,15.38,50476621,23.28,23.95,22.77,23.27,33358800,2026-03-13T02:46:28Z
HD,2009-03-26,15.95,16.1,15.55,15.73,44271520,24.14,24.36,23.53,23.81,29257900,2026-03-13T02:46:28Z
HD,2009-03-27,15.62,15.93,15.42,15.74,28533338,23.63,24.1,23.33,23.82,18857000,2026-03-13T02:46:28Z
HD,2009-03-30,15.45,15.5,14.97,15.36,32653044,23.38,23.46,22.66,23.24,21579500,2026-03-13T02:46:28Z
HD,2009-03-31,15.57,15.7,14.96,15.54,41555554,23.56,23.76,22.64,23.52,27463000,2026-03-13T02:46:28Z
HD,2009-04-01,15.75,15.79,15.15,15.3,32328609,23.83,23.89,22.92,23.15,21365100,2026-03-13T02:46:28Z
HD,2009-04-02,16.37,16.68,16.02,16.07,45794974,24.77,25.24,24.24,24.31,30264800,2026-03-13T02:46:28Z
HD,2009-04-03,16.52,16.61,16.09,16.32,30708181,25,25.13,24.34,24.69,20294300,2026-03-13T02:46:28Z
HD,2009-04-06,16.42,16.54,16.16,16.38,25936592,24.85,25.03,24.46,24.78,17140800,2026-03-13T02:46:28Z
HD,2009-04-07,16.11,16.28,15.95,16.17,25478383,24.37,24.64,24.13,24.47,16838000,2026-03-13T02:46:28Z
HD,2009-04-08,16.6,16.73,16.32,16.32,28064274,25.12,25.31,24.69,24.69,18547000,2026-03-13T02:46:28Z
HD,2009-04-09,17.12,17.16,16.81,16.89,30743114,25.9,25.96,25.44,25.56,20317400,2026-03-13T02:46:28Z
HD,2009-04-13,17.16,17.25,16.91,16.94,17542363,25.96,26.1,25.58,25.63,11593300,2026-03-13T02:46:28Z
HD,2009-04-14,16.75,16.97,16.55,16.91,22638889,25.34,25.68,25.05,25.59,14961500,2026-03-13T02:46:28Z
HD,2009-04-15,16.96,17.02,16.59,16.67,26425358,25.67,25.75,25.1,25.22,17463900,2026-03-13T02:46:28Z
HD,2009-04-16,17.16,17.29,16.71,17.04,25230069,25.97,26.16,25.28,25.78,16673900,2026-03-13T02:46:28Z
HD,2009-04-17,17.25,17.49,16.09,17.29,32791747,26.1,26.47,24.35,26.16,21671200,2026-03-13T02:46:28Z
HD,2009-04-20,16.62,17.1,16.46,17,26450699,25.15,25.87,24.91,25.72,17480600,2026-03-13T02:46:28Z
HD,2009-04-21,17.1,17.22,16.38,16.65,31105041,25.87,26.05,24.78,25.2,20556500,2026-03-13T02:46:28Z
HD,2009-04-22,17.3,17.79,16.84,16.94,36192016,26.17,26.92,25.48,25.63,23918400,2026-03-13T02:46:28Z
HD,2009-04-23,17.02,17.33,16.73,17.16,27199309,25.76,26.22,25.31,25.96,17975300,2026-03-13T02:46:28Z
HD,2009-04-24,17.39,17.73,16.89,17.14,33073614,26.31,26.82,25.56,25.93,21857500,2026-03-13T02:46:28Z
HD,2009-04-27,17.1,17.38,16.92,17.12,22497959,25.88,26.3,25.6,25.9,14868300,2026-03-13T02:46:28Z
HD,2009-04-28,17.23,17.5,16.75,16.9,22620177,26.07,26.48,25.35,25.57,14949100,2026-03-13T02:46:28Z
HD,2009-04-29,17.41,17.74,17.2,17.36,32304532,26.34,26.85,26.02,26.27,21349200,2026-03-13T02:46:28Z
HD,2009-04-30,17.39,17.89,17.36,17.55,27617223,26.32,27.07,26.27,26.55,18251500,2026-03-13T02:46:28Z
HD,2009-05-01,17.03,17.57,16.86,17.57,22766396,25.77,26.58,25.51,26.58,15045700,2026-03-13T02:46:28Z
HD,2009-05-04,17.32,17.69,17.07,17.27,27350760,26.21,26.77,25.83,26.14,18075400,2026-03-13T02:46:28Z
HD,2009-05-05,17.31,17.45,17.14,17.3,17172250,26.19,26.4,25.93,26.18,11348700,2026-03-13T02:46:28Z
HD,2009-05-06,17.21,17.52,16.89,17.39,21020901,26.04,26.51,25.56,26.31,13892200,2026-03-13T02:46:28Z
HD,2009-05-07,16.93,17.41,16.73,17.31,31144636,25.61,26.34,25.31,26.19,20582700,2026-03-13T02:46:28Z
HD,2009-05-08,16.85,17.04,16.36,17.04,27944940,25.5,25.78,24.75,25.78,18468100,2026-03-13T02:46:28Z
HD,2009-05-11,16.48,16.69,16.22,16.4,26518199,24.93,25.25,24.54,24.81,17525200,2026-03-13T02:46:28Z
HD,2009-05-12,16.28,16.67,16.04,16.59,29411994,24.64,25.23,24.27,25.11,19437700,2026-03-13T02:46:28Z
HD,2009-05-13,16.41,16.61,16.01,16.49,48937622,24.83,25.14,24.22,24.95,32341600,2026-03-13T02:46:28Z
HD,2009-05-14,16.21,16.63,16.18,16.54,23941842,24.53,25.16,24.48,25.02,15822600,2026-03-13T02:46:28Z
HD,2009-05-15,16.13,16.47,16.01,16.16,30823625,24.4,24.92,24.22,24.45,20370500,2026-03-13T02:46:28Z
HD,2009-05-18,17.2,17.28,16.76,16.96,39476531,26.02,26.15,25.36,25.66,26089100,2026-03-13T02:46:28Z
HD,2009-05-19,16.28,16.79,15.86,16.78,60330812,24.63,25.4,24,25.39,39871000,2026-03-13T02:46:28Z
HD,2009-05-20,15.75,16.52,15.57,16.42,47622776,23.83,25,23.56,24.85,31472600,2026-03-13T02:46:28Z
HD,2009-05-21,15.13,15.75,14.96,15.52,38644594,22.89,23.83,22.64,23.49,25539200,2026-03-13T02:46:28Z
HD,2009-05-22,15.11,15.36,14.94,15.33,22901913,22.86,23.24,22.6,23.2,15135300,2026-03-13T02:46:28Z
HD,2009-05-26,15.73,15.84,14.92,14.98,30737934,23.8,23.97,22.58,22.67,20313900,2026-03-13T02:46:28Z
HD,2009-05-27,15.42,16,15.34,15.79,28004867,23.33,24.21,23.21,23.9,18507700,2026-03-13T02:46:28Z
HD,2009-05-28,15,15.62,14.76,15.62,41073931,22.7,23.63,22.33,23.63,27144800,2026-03-13T02:46:28Z
HD,2009-05-29,15.31,15.33,14.97,15.19,28269578,23.16,23.19,22.65,22.99,18682700,2026-03-13T02:46:28Z
HD,2009-06-01,15.97,16.14,15.46,15.59,27379981,24.16,24.43,23.39,23.59,18094700,2026-03-13T02:46:28Z
HD,2009-06-02,16.19,16.39,15.75,15.84,27789736,24.5,24.8,23.83,23.96,18365500,2026-03-13T02:46:28Z
HD,2009-06-03,16.11,16.4,15.92,16.12,21870887,24.37,24.81,24.09,24.39,14453900,2026-03-13T02:46:28Z
HD,2009-06-04,16.24,16.29,15.7,16.12,23873801,24.57,24.65,23.75,24.39,15777600,2026-03-13T02:46:28Z
HD,2009-06-05,15.97,16.45,15.84,16.38,22317300,24.17,24.89,23.97,24.78,14748900,2026-03-13T02:46:28Z
HD,2009-06-08,16.23,16.38,15.86,16.02,19952171,24.56,24.78,24,24.24,13185900,2026-03-13T02:46:28Z
HD,2009-06-09,16.24,16.4,16.06,16.23,19552444,24.35,24.59,24.08,24.34,13041200,2026-03-13T02:46:28Z
HD,2009-06-10,16.27,16.75,16.13,16.71,36514082,24.39,25.12,24.19,25.06,24354400,2026-03-13T02:46:28Z
HD,2009-06-11,16.16,16.43,16.11,16.27,26855555,24.23,24.64,24.16,24.39,17912200,2026-03-13T02:46:28Z
HD,2009-06-12,16.11,16.17,15.89,16.13,27412139,24.15,24.24,23.83,24.19,18283500,2026-03-13T02:46:28Z
HD,2009-06-15,15.91,16.01,15.69,15.97,20913354,23.85,24,23.52,23.94,13948900,2026-03-13T02:46:28Z
HD,2009-06-16,15.47,15.99,15.45,15.91,25525982,23.2,23.98,23.17,23.86,17025500,2026-03-13T02:46:28Z
HD,2009-06-17,15.77,16.03,15.35,15.5,28510526,23.65,24.04,23.01,23.24,19016100,2026-03-13T02:46:28Z
HD,2009-06-18,15.57,15.85,15.51,15.83,17042362,23.35,23.76,23.26,23.73,11367000,2026-03-13T02:46:28Z
HD,2009-06-19,15.69,15.81,15.58,15.65,22811888,23.52,23.71,23.36,23.47,15215200,2026-03-13T02:46:28Z
HD,2009-06-22,15.51,15.77,15.45,15.59,19389494,23.25,23.64,23.16,23.37,12932500,2026-03-13T02:46:28Z
HD,2009-06-23,15.26,15.51,15.15,15.5,22803236,22.88,23.25,22.72,23.24,15209400,2026-03-13T02:46:28Z
HD,2009-06-24,15.13,15.45,15.03,15.44,22199329,22.68,23.16,22.53,23.15,14806600,2026-03-13T02:46:28Z
HD,2009-06-25,15.72,15.84,15.11,15.12,28397406,23.57,23.75,22.65,22.67,18940600,2026-03-13T02:46:28Z
HD,2009-06-26,15.75,16.05,15.62,15.65,28306212,23.61,24.06,23.42,23.47,18879800,2026-03-13T02:46:28Z
HD,2009-06-29,15.92,16.11,15.71,15.78,18476165,23.87,24.16,23.56,23.66,12323300,2026-03-13T02:46:28Z
HD,2009-06-30,15.76,16.01,15.57,15.95,19007570,23.63,24.01,23.35,23.92,12677800,2026-03-13T02:46:28Z
HD,2009-07-01,15.81,15.97,15.66,15.87,19907810,23.71,23.94,23.48,23.8,13278200,2026-03-13T02:46:28Z
HD,2009-07-02,15.21,15.81,15.17,15.59,20292847,22.81,23.71,22.75,23.37,13535000,2026-03-13T02:46:28Z
HD,2009-07-06,15.26,15.43,15.02,15.17,18949321,22.88,23.14,22.52,22.75,12638900,2026-03-13T02:46:28Z
HD,2009-07-07,14.94,15.28,14.89,15.28,22514394,22.4,22.91,22.32,22.91,15016800,2026-03-13T02:46:28Z
HD,2009-07-08,15.11,15.17,14.87,14.93,22059686,22.66,22.75,22.29,22.38,14713500,2026-03-13T02:46:28Z
HD,2009-07-09,15.13,15.32,14.89,15.24,21476223,22.68,22.97,22.33,22.85,14324300,2026-03-13T02:46:28Z
HD,2009-07-10,15.02,15.22,14.89,15.06,14744861,22.52,22.82,22.33,22.58,9834600,2026-03-13T02:46:28Z
HD,2009-07-13,15.41,15.43,14.85,15.01,26696145,23.11,23.14,22.27,22.51,17805900,2026-03-13T02:46:28Z
HD,2009-07-14,15.79,15.8,15.31,15.41,23382691,23.68,23.69,22.95,23.11,15595900,2026-03-13T02:46:28Z
HD,2009-07-15,16.06,16.1,15.77,15.93,20862086,24.08,24.14,23.64,23.88,13914700,2026-03-13T02:46:28Z
HD,2009-07-16,16.27,16.36,15.89,16.05,20440681,24.4,24.52,23.82,24.07,13633600,2026-03-13T02:46:28Z
HD,2009-07-17,16.45,16.51,16.22,16.41,22915535,24.67,24.75,24.32,24.6,15284300,2026-03-13T02:46:28Z
HD,2009-07-20,16.54,16.58,16.33,16.45,15241747,24.8,24.86,24.49,24.66,10166000,2026-03-13T02:46:28Z
HD,2009-07-21,16.31,16.61,16.09,16.59,20565769,24.46,24.9,24.13,24.87,13717100,2026-03-13T02:46:28Z
HD,2009-07-22,16.52,16.61,16.19,16.25,17015244,24.77,24.9,24.27,24.37,11348900,2026-03-13T02:46:28Z
HD,2009-07-23,16.86,17.02,16.35,16.52,31160484,25.28,25.51,24.51,24.76,20783600,2026-03-13T02:46:28Z
HD,2009-07-24,16.89,16.96,16.64,16.83,16861958,25.32,25.43,24.95,25.23,11246700,2026-03-13T02:46:28Z
HD,2009-07-27,16.78,16.89,16.53,16.84,20160324,25.16,25.32,24.78,25.25,13446600,2026-03-13T02:46:28Z
HD,2009-07-28,16.93,16.94,16.65,16.73,17524029,25.39,25.4,24.96,25.08,11688300,2026-03-13T02:46:28Z
HD,2009-07-29,16.93,17.11,16.75,16.92,17947426,25.39,25.65,25.12,25.37,11970700,2026-03-13T02:46:28Z
HD,2009-07-30,17.24,17.45,17.03,17.14,20310907,25.85,26.16,25.53,25.7,13547100,2026-03-13T02:46:28Z
HD,2009-07-31,17.3,17.47,17.21,17.23,17556458,25.94,26.19,25.8,25.84,11709900,2026-03-13T02:46:28Z
HD,2009-08-03,17.55,17.59,17.12,17.46,18025788,26.32,26.38,25.67,26.18,12022900,2026-03-13T02:46:28Z
HD,2009-08-04,17.54,17.64,17.39,17.45,15612078,26.29,26.44,26.08,26.16,10413000,2026-03-13T02:46:28Z
HD,2009-08-05,17.56,17.65,17.32,17.54,14988355,26.33,26.46,25.96,26.3,9997000,2026-03-13T02:46:28Z
HD,2009-08-06,17.7,17.84,17.45,17.61,20623232,26.54,26.74,26.17,26.4,13755400,2026-03-13T02:46:28Z
HD,2009-08-07,18.18,18.33,17.75,17.83,24612263,27.26,27.48,26.61,26.73,16416000,2026-03-13T02:46:28Z
HD,2009-08-10,18.08,18.17,17.86,18.13,15604693,27.1,27.24,26.77,27.18,10408100,2026-03-13T02:46:28Z
HD,2009-08-11,17.94,18.08,17.83,18.03,14280252,26.89,27.11,26.73,27.03,9524700,2026-03-13T02:46:28Z
HD,2009-08-12,18.14,18.36,17.84,17.88,19896240,27.2,27.53,26.75,26.8,13270500,2026-03-13T02:46:28Z
HD,2009-08-13,18.46,18.55,18.01,18.29,29945876,27.68,27.81,27,27.42,19973400,2026-03-13T02:46:28Z
HD,2009-08-14,18.1,18.51,17.94,18.46,24193761,27.14,27.75,26.9,27.67,16136900,2026-03-13T02:46:28Z
HD,2009-08-17,17.41,17.64,16.96,17.29,46251656,26.11,26.44,25.43,25.92,30849200,2026-03-13T02:46:28Z
HD,2009-08-18,17.96,18.21,17.72,17.98,53000010,26.93,27.3,26.57,26.95,35350200,2026-03-13T02:46:28Z
HD,2009-08-19,17.84,17.96,17.66,17.84,29171336,26.75,26.93,26.47,26.75,19456900,2026-03-13T02:46:28Z
HD,2009-08-20,17.8,17.88,17.68,17.87,21284838,26.68,26.81,26.5,26.79,14196700,2026-03-13T02:46:28Z
HD,2009-08-21,18.34,18.36,17.78,17.97,27988466,27.5,27.53,26.66,26.94,18667900,2026-03-13T02:46:28Z
HD,2009-08-24,18.03,18.5,17.97,18.5,24345080,27.03,27.73,26.94,27.73,16237800,2026-03-13T02:46:28Z
HD,2009-08-25,18.22,18.5,18.01,18.16,32757463,27.32,27.73,27,27.22,21848700,2026-03-13T02:46:28Z
HD,2009-08-26,18.39,18.64,18.16,18.2,23401246,27.57,27.94,27.22,27.28,15608300,2026-03-13T02:46:28Z
HD,2009-08-27,18.38,18.47,18.14,18.41,20160462,27.55,27.69,27.2,27.6,13446700,2026-03-13T02:46:28Z
HD,2009-08-28,18.47,18.52,18.17,18.46,19253522,27.69,27.76,27.24,27.68,12841800,2026-03-13T02:46:28Z
HD,2009-08-31,18.2,18.41,18.07,18.34,19629099,27.29,27.6,27.1,27.5,13092300,2026-03-13T02:46:28Z
HD,2009-09-01,17.98,18.48,17.91,18.16,23402294,26.74,27.48,26.63,27.01,15738700,2026-03-13T02:46:28Z
HD,2009-09-02,17.84,18.04,17.72,17.9,15897898,26.53,26.82,26.35,26.62,10691800,2026-03-13T02:46:28Z
HD,2009-09-03,18.09,18.1,17.77,17.9,14472330,26.9,26.91,26.43,26.61,9733100,2026-03-13T02:46:28Z
HD,2009-09-04,18.18,18.27,18,18.11,12118706,27.03,27.16,26.76,26.93,8150200,2026-03-13T02:46:28Z
HD,2009-09-08,18.48,18.54,18.18,18.31,18219730,27.48,27.57,27.04,27.23,12253300,2026-03-13T02:46:28Z
HD,2009-09-09,18.41,18.5,18.31,18.45,15879563,27.38,27.5,27.22,27.44,10679500,2026-03-13T02:46:28Z
HD,2009-09-10,18.51,18.55,18.31,18.43,14046103,27.53,27.59,27.22,27.4,9446400,2026-03-13T02:46:28Z
HD,2009-09-11,18.39,18.51,18.15,18.5,21809996,27.34,27.52,26.99,27.5,14667900,2026-03-13T02:46:28Z
HD,2009-09-14,18.5,18.6,18.22,18.27,12414910,27.51,27.66,27.09,27.16,8349400,2026-03-13T02:46:28Z
HD,2009-09-15,18.43,18.63,18.33,18.55,14943609,27.41,27.7,27.25,27.59,10050000,2026-03-13T02:46:28Z
HD,2009-09-16,18.87,18.97,18.54,18.59,26486241,28.06,28.21,27.56,27.64,17812800,2026-03-13T02:46:28Z
HD,2009-09-17,18.78,19.12,18.66,19.11,19804955,27.92,28.43,27.75,28.41,13319400,2026-03-13T02:46:28Z
HD,2009-09-18,18.99,19.13,18.83,18.84,23447604,28.23,28.44,28,28.01,15769200,2026-03-13T02:46:28Z
HD,2009-09-21,18.93,19.1,18.72,18.8,13256802,28.14,28.4,27.84,27.96,8915600,2026-03-13T02:46:28Z
HD,2009-09-22,18.58,19.04,18.48,18.99,21307278,27.62,28.31,27.48,28.24,14329800,2026-03-13T02:46:28Z
HD,2009-09-23,18.39,18.8,18.37,18.64,20954004,27.35,27.95,27.31,27.72,14092200,2026-03-13T02:46:28Z
HD,2009-09-24,18.19,18.52,18.08,18.51,17901666,27.04,27.54,26.89,27.52,12039400,2026-03-13T02:46:28Z
HD,2009-09-25,18.06,18.31,17.86,18.08,17634188,26.85,27.23,26.55,26.88,11859500,2026-03-13T02:46:28Z
HD,2009-09-28,18.33,18.45,18.09,18.12,10204434,27.26,27.43,26.9,26.95,6862800,2026-03-13T02:46:28Z
HD,2009-09-29,18.04,18.45,17.94,18.37,20467911,26.83,27.44,26.68,27.32,13765300,2026-03-13T02:46:28Z
HD,2009-09-30,17.92,18.12,17.7,18.12,24631909,26.64,26.94,26.32,26.94,16565700,2026-03-13T02:46:28Z
HD,2009-10-01,17.7,17.92,17.56,17.92,24169910,26.32,26.65,26.11,26.65,16255000,2026-03-13T02:46:28Z
HD,2009-10-02,17.51,17.67,17.4,17.59,20592635,26.03,26.27,25.87,26.15,13849200,2026-03-13T02:46:28Z
HD,2009-10-05,17.59,17.71,17.49,17.59,15120777,26.15,26.33,26,26.16,10169200,2026-03-13T02:46:28Z
HD,2009-10-06,17.68,17.81,17.61,17.69,21344345,26.29,26.48,26.18,26.31,14354700,2026-03-13T02:46:28Z
HD,2009-10-07,17.58,17.77,17.53,17.67,20007472,26.14,26.42,26.07,26.27,13455600,2026-03-13T02:46:28Z
HD,2009-10-08,18.08,18.2,17.74,17.76,23981426,26.89,27.06,26.38,26.41,16128200,2026-03-13T02:46:28Z
HD,2009-10-09,18.13,18.16,17.92,18.06,16531315,26.96,27.01,26.65,26.85,11117800,2026-03-13T02:46:28Z
HD,2009-10-12,18.19,18.45,18.16,18.23,16384112,27.04,27.44,27.01,27.1,11018800,2026-03-13T02:46:28Z
HD,2009-10-13,18.51,18.57,18.06,18.17,20663373,27.53,27.61,26.86,27.02,13896700,2026-03-13T02:46:28Z
HD,2009-10-14,18.41,18.84,18.37,18.67,26040878,27.38,28.02,27.32,27.76,17513300,2026-03-13T02:46:28Z
HD,2009-10-15,18.36,18.41,18.19,18.35,19850530,27.3,27.37,27.05,27.28,13350100,2026-03-13T02:46:28Z
HD,2009-10-16,18.33,18.41,18.05,18.26,17949948,27.26,27.37,26.84,27.15,12071900,2026-03-13T02:46:28Z
HD,2009-10-19,18.58,18.62,18.31,18.35,12344283,27.63,27.69,27.22,27.28,8301900,2026-03-13T02:46:28Z
HD,2009-10-20,18.14,18.61,18.06,18.38,19188028,26.97,27.67,26.86,27.33,12904500,2026-03-13T02:46:28Z
HD,2009-10-21,17.7,18.31,17.63,18.08,34928383,26.32,27.23,26.22,26.89,23490400,2026-03-13T02:46:28Z
HD,2009-10-22,17.97,18.06,17.52,17.63,22142508,26.72,26.85,26.05,26.21,14891500,2026-03-13T02:46:28Z
HD,2009-10-23,17.67,17.98,17.6,17.92,24282434,26.27,26.74,26.17,26.64,16330700,2026-03-13T02:46:28Z
HD,2009-10-26,17.55,17.85,17.49,17.69,26545633,26.1,26.54,26,26.3,17852700,2026-03-13T02:46:28Z
HD,2009-10-27,17.49,17.75,17.47,17.55,23816456,26,26.39,25.97,26.1,16017300,2026-03-13T02:46:28Z
HD,2009-10-28,16.95,17.49,16.92,17.48,33456015,25.21,26,25.16,25.99,22500200,2026-03-13T02:46:28Z
HD,2009-10-29,17.43,17.55,16.98,17.15,19302096,25.91,26.09,25.25,25.5,12981200,2026-03-13T02:46:28Z
HD,2009-10-30,16.87,17.42,16.79,17.37,28885513,25.09,25.9,24.96,25.83,19426400,2026-03-13T02:46:28Z
HD,2009-11-02,16.85,17.26,16.62,16.91,23175623,25.06,25.67,24.71,25.14,15586300,2026-03-13T02:46:28Z
HD,2009-11-03,16.81,17,16.46,16.75,25893495,25,25.28,24.47,24.91,17414100,2026-03-13T02:46:28Z
HD,2009-11-04,16.79,17.15,16.75,17,27725978,24.96,25.5,24.9,25.27,18646500,2026-03-13T02:46:28Z
HD,2009-11-05,17.24,17.36,16.9,16.93,22916357,25.63,25.81,25.13,25.18,15411900,2026-03-13T02:46:28Z
HD,2009-11-06,17.54,17.68,17.35,17.4,22404330,26.08,26.29,25.8,25.87,15067600,2026-03-13T02:46:28Z
HD,2009-11-09,18.03,18.07,17.62,17.69,19823831,26.81,26.87,26.2,26.31,13332100,2026-03-13T02:46:28Z
HD,2009-11-10,18.04,18.15,17.82,18.03,22083420,26.82,26.99,26.5,26.81,14851800,2026-03-13T02:46:28Z
HD,2009-11-11,18.37,18.46,18.19,18.26,27830570,27.31,27.45,27.05,27.15,18716900,2026-03-13T02:46:28Z
HD,2009-11-12,18.32,18.69,18.27,18.38,27826292,27.24,27.79,27.17,27.33,18714000,2026-03-13T02:46:28Z
HD,2009-11-13,18.39,18.53,18.08,18.33,21091962,27.34,27.55,26.88,27.26,14185000,2026-03-13T02:46:28Z
HD,2009-11-16,18.6,18.8,18.43,18.58,27942772,27.65,27.95,27.4,27.63,18792400,2026-03-13T02:46:28Z
HD,2009-11-17,18.15,18.36,17.72,18.23,46166376,26.99,27.3,26.35,27.1,31048300,2026-03-13T02:46:28Z
HD,2009-11-18,18.35,18.37,18.06,18.06,26528694,27.29,27.31,26.85,26.86,17841300,2026-03-13T02:46:28Z
HD,2009-11-19,18.23,18.32,18.02,18.3,16806080,27.11,27.24,26.8,27.21,11302600,2026-03-13T02:46:28Z
HD,2009-11-20,18.28,18.34,17.98,18.14,26173505,27.18,27.27,26.74,26.98,17602500,2026-03-13T02:46:28Z
HD,2009-11-23,18.5,18.56,18.31,18.41,27100797,27.51,27.6,27.23,27.37,18226100,2026-03-13T02:46:28Z
HD,2009-11-24,18.53,18.61,18.41,18.5,17405493,27.56,27.67,27.38,27.5,11705700,2026-03-13T02:46:28Z
HD,2009-11-25,18.73,18.76,18.35,18.54,17029093,27.85,27.89,27.28,27.57,11452600,2026-03-13T02:46:28Z
HD,2009-11-27,18.57,18.7,18.23,18.27,11178209,27.61,27.8,27.11,27.16,7517700,2026-03-13T02:46:28Z
HD,2009-11-30,18.4,18.66,18.13,18.55,24858845,27.36,27.75,26.96,27.59,16718300,2026-03-13T02:46:28Z
HD,2009-12-01,18.99,19.18,18.55,18.64,30214398,28,28.29,27.35,27.49,20488600,2026-03-13T02:46:28Z
HD,2009-12-02,19.21,19.31,18.99,19.01,25509800,28.33,28.48,28,28.03,17298400,2026-03-13T02:46:28Z
HD,2009-12-03,18.94,19.22,18.89,19.22,22863239,27.93,28.34,27.85,28.34,15503700,2026-03-13T02:46:28Z
HD,2009-12-04,19.04,19.33,18.95,19.28,24841858,28.08,28.5,27.95,28.43,16845400,2026-03-13T02:46:28Z
HD,2009-12-07,19.14,19.19,19.01,19.01,18676677,28.22,28.3,28.04,28.04,12664800,2026-03-13T02:46:28Z
HD,2009-12-08,18.76,19.06,18.68,19.04,22299601,27.67,28.11,27.54,28.08,15121500,2026-03-13T02:46:28Z
HD,2009-12-09,18.68,18.8,18.6,18.78,18407760,27.55,27.73,27.43,27.7,12482400,2026-03-13T02:46:28Z
HD,2009-12-10,18.98,19.05,18.82,18.84,17497105,27.99,28.1,27.76,27.78,11864900,2026-03-13T02:46:28Z
