ticker,tradeDate,clsPx,hiPx,loPx,open,stockVolume,unadjClsPx,unadjHiPx,unadjLoPx,unadjOpen,unadjStockVolume,updatedAt
HON,2006-01-03,22.06,22.15,21.59,21.92,6851233,37.46,37.61,36.66,37.22,4035500,2026-03-03T03:46:24Z
HON,2006-01-04,21.98,22.2,21.93,22.09,5470304,37.31,37.69,37.23,37.5,3222100,2026-03-03T03:46:24Z
HON,2006-01-05,21.96,22.09,21.8,21.95,5025325,37.29,37.5,37.01,37.26,2960000,2026-03-03T03:46:24Z
HON,2006-01-06,22.31,22.36,21.98,22.09,4693744,37.87,37.96,37.31,37.5,2764700,2026-03-03T03:46:24Z
HON,2006-01-09,22.12,22.39,22.1,22.31,6095409,37.56,38.01,37.52,37.87,3590300,2026-03-03T03:46:24Z
HON,2006-01-10,22.09,22.17,21.86,21.93,5695242,37.5,37.64,37.11,37.23,3354600,2026-03-03T03:46:24Z
HON,2006-01-11,22.1,22.25,21.97,22.21,5869779,37.52,37.77,37.3,37.7,3457400,2026-03-03T03:46:24Z
HON,2006-01-12,21.84,22.06,21.67,22.05,8829258,37.08,37.45,36.79,37.44,5200600,2026-03-03T03:46:24Z
HON,2006-01-13,21.89,21.95,21.66,21.79,5137365,37.16,37.26,36.78,37,3026000,2026-03-03T03:46:24Z
HON,2006-01-17,21.71,21.92,21.67,21.89,3590554,36.86,37.22,36.79,37.16,2114900,2026-03-03T03:46:24Z
HON,2006-01-18,21.81,21.86,21.53,21.72,4379328,37.02,37.12,36.55,36.87,2579500,2026-03-03T03:46:24Z
HON,2006-01-19,21.91,21.96,21.61,21.84,6468556,37.19,37.29,36.69,37.08,3810100,2026-03-03T03:46:24Z
HON,2006-01-20,21.11,21.96,21.06,21.91,8102635,35.84,37.28,35.75,37.2,4772600,2026-03-03T03:46:24Z
HON,2006-01-23,21.23,21.49,21.11,21.17,6123575,36.05,36.48,35.83,35.94,3606900,2026-03-03T03:46:24Z
HON,2006-01-24,21.52,21.65,20.76,20.76,4632629,36.54,36.75,35.24,35.24,2728700,2026-03-03T03:46:24Z
HON,2006-01-25,21.24,21.72,21.2,21.52,8422666,36.06,36.88,36,36.54,4961100,2026-03-03T03:46:24Z
HON,2006-01-26,22.04,22.12,21.25,21.5,11338868,37.41,37.56,36.08,36.5,6678800,2026-03-03T03:46:24Z
HON,2006-01-27,22.27,22.36,21.72,21.93,9229584,37.81,37.97,36.88,37.23,5436400,2026-03-03T03:46:24Z
HON,2006-01-30,22.4,22.45,22.11,22.27,6483157,38.03,38.11,37.54,37.81,3818700,2026-03-03T03:46:24Z
HON,2006-01-31,22.63,22.81,22.27,22.47,8455083,38.42,38.72,37.8,38.15,4980200,2026-03-03T03:46:24Z
HON,2006-02-01,23.17,23.28,22.65,22.7,11155327,39.34,39.53,38.45,38.53,6570700,2026-03-03T03:46:24Z
HON,2006-02-02,22.69,23.31,22.51,22.72,9043862,38.53,39.58,38.22,38.57,5327000,2026-03-03T03:46:24Z
HON,2006-02-03,23.11,23.48,22.82,23.06,9466795,39.23,39.86,38.75,39.15,5576100,2026-03-03T03:46:24Z
HON,2006-02-06,23.23,23.27,22.76,23.07,7061575,39.43,39.5,38.64,39.16,4159400,2026-03-03T03:46:24Z
HON,2006-02-07,23.06,23.06,22.62,23.04,6059399,39.15,39.15,38.4,39.11,3569100,2026-03-03T03:46:24Z
HON,2006-02-08,22.98,23.36,22.83,23.36,9386118,39.02,39.65,38.76,39.65,5528600,2026-03-03T03:46:24Z
HON,2006-02-09,23.28,23.52,22.82,22.98,9203955,39.52,39.94,38.74,39.02,5421300,2026-03-03T03:46:24Z
HON,2006-02-10,23.34,23.45,23.02,23.15,6095226,39.63,39.81,39.08,39.3,3590200,2026-03-03T03:46:24Z
HON,2006-02-13,23.6,23.61,23.17,23.27,6703518,40.07,40.09,39.33,39.5,3948500,2026-03-03T03:46:24Z
HON,2006-02-14,23.86,24.04,23.41,23.52,8449158,40.51,40.82,39.74,39.94,4976700,2026-03-03T03:46:24Z
HON,2006-02-15,24.06,24.06,23.7,23.74,6252269,40.84,40.85,40.23,40.3,3682700,2026-03-03T03:46:24Z
HON,2006-02-16,24.49,24.54,23.89,24.3,12126990,41.58,41.67,40.55,41.26,7143000,2026-03-03T03:46:24Z
HON,2006-02-17,24.84,25.29,24.56,24.61,13048841,42.18,42.93,41.7,41.79,7686000,2026-03-03T03:46:24Z
HON,2006-02-21,24.4,25.04,24.3,24.89,8908741,41.42,42.51,41.25,42.26,5247400,2026-03-03T03:46:24Z
HON,2006-02-22,24.76,24.8,24.52,24.55,7160562,42.03,42.1,41.62,41.68,4217700,2026-03-03T03:46:24Z
HON,2006-02-23,24.54,24.74,24.43,24.67,6559770,41.43,41.78,41.25,41.65,3884800,2026-03-03T03:46:24Z
HON,2006-02-24,24.57,24.62,24.22,24.44,4770732,41.48,41.58,40.9,41.27,2825300,2026-03-03T03:46:24Z
HON,2006-02-27,24.62,24.91,24.58,24.68,4083650,41.57,42.07,41.5,41.68,2418400,2026-03-03T03:46:24Z
HON,2006-02-28,24.25,24.62,24.16,24.49,6954743,40.95,41.58,40.79,41.35,4118700,2026-03-03T03:46:24Z
HON,2006-03-01,24.44,24.45,24.09,24.23,5241853,41.27,41.28,40.68,40.92,3104300,2026-03-03T03:46:24Z
HON,2006-03-02,24.57,24.75,24.16,24.19,5970971,41.48,41.79,40.8,40.84,3536100,2026-03-03T03:46:24Z
HON,2006-03-03,24.71,25.08,24.29,24.41,5514384,41.72,42.35,41.01,41.21,3265700,2026-03-03T03:46:24Z
HON,2006-03-06,24.2,24.74,24.09,24.65,7627304,40.86,41.78,40.67,41.63,4517000,2026-03-03T03:46:24Z
HON,2006-03-07,24.51,24.6,24.11,24.25,5726813,41.38,41.54,40.72,40.95,3391500,2026-03-03T03:46:24Z
HON,2006-03-08,24.58,24.58,24.14,24.52,4991936,41.5,41.5,40.77,41.4,2956300,2026-03-03T03:46:24Z
HON,2006-03-09,24.44,24.8,24.38,24.58,4531637,41.27,41.87,41.17,41.5,2683700,2026-03-03T03:46:24Z
HON,2006-03-10,24.96,25.06,24.35,24.43,5366638,42.14,42.32,41.12,41.25,3178200,2026-03-03T03:46:24Z
HON,2006-03-13,24.68,25.06,24.68,24.99,5109627,41.67,42.31,41.67,42.2,3026000,2026-03-03T03:46:24Z
HON,2006-03-14,25.08,25.17,24.62,24.62,3513755,42.35,42.5,41.57,41.58,2080900,2026-03-03T03:46:24Z
HON,2006-03-15,25.38,25.39,24.89,25.17,5334885,42.85,42.87,42.02,42.5,3159400,2026-03-03T03:46:24Z
HON,2006-03-16,25.22,25.55,25.13,25.37,4867996,42.59,43.15,42.43,42.84,2882900,2026-03-03T03:46:24Z
HON,2006-03-17,25.32,25.41,25.19,25.36,8002499,42.76,42.91,42.54,42.83,4739200,2026-03-03T03:46:24Z
HON,2006-03-20,25.21,25.44,25.11,25.28,3632972,42.57,42.96,42.4,42.69,2151500,2026-03-03T03:46:24Z
HON,2006-03-21,25.03,25.41,24.98,25.32,4821381,42.27,42.9,42.18,42.75,2855300,2026-03-03T03:46:24Z
HON,2006-03-22,25.26,25.3,25.05,25.05,4057986,42.66,42.73,42.3,42.3,2403200,2026-03-03T03:46:24Z
HON,2006-03-23,25.18,25.35,24.98,25.32,4917804,42.52,42.8,42.18,42.76,2912400,2026-03-03T03:46:24Z
HON,2006-03-24,25.14,25.45,25.06,25.14,3427646,42.45,42.97,42.32,42.46,2029900,2026-03-03T03:46:24Z
HON,2006-03-27,24.87,25.07,24.68,24.97,5247419,42,42.34,41.67,42.17,3107600,2026-03-03T03:46:24Z
HON,2006-03-28,24.82,25.27,24.41,24.41,3841511,41.91,42.67,41.21,41.21,2275000,2026-03-03T03:46:24Z
HON,2006-03-29,25.03,25.11,24.87,24.99,3782234,42.27,42.4,42,42.19,2239900,2026-03-03T03:46:24Z
HON,2006-03-30,25.07,25.29,24.92,24.99,4249299,42.34,42.7,42.08,42.19,2516500,2026-03-03T03:46:24Z
HON,2006-03-31,25.33,25.59,25.22,25.22,5269362,42.77,43.21,42.59,42.59,3120600,2026-03-03T03:46:24Z
HON,2006-04-03,25.1,25.86,24.99,25.46,6028386,42.39,43.66,42.2,43,3570100,2026-03-03T03:46:24Z
HON,2006-04-04,25.53,25.61,24.75,25.03,5083792,43.11,43.25,41.8,42.26,3010700,2026-03-03T03:46:24Z
HON,2006-04-05,25.46,25.63,25.26,25.6,4536531,42.99,43.28,42.66,43.23,2686600,2026-03-03T03:46:24Z
HON,2006-04-06,25.38,25.6,25.21,25.46,3332403,42.85,43.23,42.57,43,1973500,2026-03-03T03:46:24Z
HON,2006-04-07,25.11,25.58,24.97,25.46,3932527,42.4,43.19,42.17,43,2328900,2026-03-03T03:46:24Z
HON,2006-04-10,25.25,25.41,24.99,25.11,3987578,42.63,42.91,42.2,42.4,2361500,2026-03-03T03:46:24Z
HON,2006-04-11,24.81,25.39,24.62,25.25,6163303,41.89,42.87,41.57,42.63,3650000,2026-03-03T03:46:24Z
HON,2006-04-12,25.15,25.28,24.75,24.87,4326646,42.46,42.68,41.8,41.99,2562300,2026-03-03T03:46:24Z
HON,2006-04-13,25.71,26.17,24.68,24.68,9484912,43.41,44.19,41.68,41.68,5617100,2026-03-03T03:46:24Z
HON,2006-04-17,25.39,25.86,25.16,25.71,4938739,42.88,43.67,42.49,43.42,2924800,2026-03-03T03:46:24Z
HON,2006-04-18,26.15,26.34,25.57,25.91,9030513,44.16,44.48,43.17,43.75,5348000,2026-03-03T03:46:24Z
HON,2006-04-19,25.78,26.29,25.32,26.29,10228547,43.53,44.4,42.75,44.4,6057500,2026-03-03T03:46:24Z
HON,2006-04-20,25.96,26.22,25.43,25.73,6782843,43.83,44.27,42.94,43.45,4016900,2026-03-03T03:46:24Z
HON,2006-04-21,25.79,26.21,25.6,26.21,5059472,43.55,44.26,43.22,44.25,2996300,2026-03-03T03:46:24Z
HON,2006-04-24,25.6,25.93,25.55,25.71,4637174,43.22,43.78,43.15,43.42,2746200,2026-03-03T03:46:24Z
HON,2006-04-25,25.89,25.99,25.56,25.73,5361239,43.72,43.89,43.16,43.44,3175000,2026-03-03T03:46:24Z
HON,2006-04-26,26.1,26.19,25.75,25.88,5309565,44.07,44.23,43.48,43.7,3144400,2026-03-03T03:46:24Z
HON,2006-04-27,25.54,25.77,25.35,25.46,11117266,43.13,43.52,42.8,43,6583800,2026-03-03T03:46:24Z
HON,2006-04-28,25.17,25.55,25.12,25.42,6700272,42.5,43.15,42.41,42.93,3968000,2026-03-03T03:46:24Z
HON,2006-05-01,25.51,25.65,25.25,25.55,5875402,43.08,43.31,42.64,43.15,3479500,2026-03-03T03:46:24Z
HON,2006-05-02,25.92,26.07,25.61,25.66,4461389,43.76,44.03,43.25,43.33,2642100,2026-03-03T03:46:24Z
HON,2006-05-03,25.89,25.98,25.7,25.91,5207397,43.71,43.86,43.4,43.75,3083900,2026-03-03T03:46:24Z
HON,2006-05-04,26.13,26.25,25.75,25.88,3289513,44.12,44.32,43.48,43.7,1948100,2026-03-03T03:46:24Z
HON,2006-05-05,26.13,26.33,26.06,26.31,4638011,44.12,44.46,44,44.43,2746700,2026-03-03T03:46:24Z
HON,2006-05-08,25.65,26.15,25.54,26.13,7007600,43.32,44.15,43.12,44.12,4150000,2026-03-03T03:46:24Z
HON,2006-05-09,25.63,25.74,25.49,25.6,5932972,43.28,43.47,43.04,43.22,3513600,2026-03-03T03:46:24Z
HON,2006-05-10,25.94,25.99,25.67,25.7,4504959,43.81,43.89,43.34,43.4,2667900,2026-03-03T03:46:24Z
HON,2006-05-11,25.79,26.17,25.71,26.05,6295845,43.54,44.19,43.42,43.98,3728500,2026-03-03T03:46:24Z
HON,2006-05-12,25.41,25.84,25.36,25.7,4867831,42.91,43.63,42.83,43.4,2882800,2026-03-03T03:46:24Z
HON,2006-05-15,25.54,25.62,25.18,25.47,5562165,43.12,43.27,42.52,43.01,3294000,2026-03-03T03:46:24Z
HON,2006-05-16,25.61,25.62,25.3,25.54,6515371,43.24,43.27,42.73,43.12,3858500,2026-03-03T03:46:24Z
HON,2006-05-17,25,25.55,24.79,25.54,6879612,42,42.92,41.64,42.9,4095700,2026-03-03T03:46:24Z
HON,2006-05-18,24.65,25.27,24.64,25,5064334,41.41,42.44,41.38,42,3015000,2026-03-03T03:46:24Z
HON,2006-05-19,24.96,25.15,24.71,24.91,7009291,41.92,42.25,41.51,41.85,4172900,2026-03-03T03:46:24Z
HON,2006-05-22,24.7,24.93,24.44,24.71,5078620,41.49,41.88,41.05,41.5,3023500,2026-03-03T03:46:24Z
HON,2006-05-23,24.33,24.86,24.32,24.74,5156047,40.86,41.75,40.85,41.56,3069600,2026-03-03T03:46:24Z
HON,2006-05-24,24.01,24.62,23.79,24.22,9576408,40.33,41.36,39.96,40.69,5701200,2026-03-03T03:46:24Z
HON,2006-05-25,24.14,24.17,23.87,24.14,4508683,40.54,40.6,40.1,40.54,2684200,2026-03-03T03:46:24Z
HON,2006-05-26,24.46,24.46,24.03,24.16,4319725,41.09,41.09,40.37,40.58,2571700,2026-03-03T03:46:24Z
HON,2006-05-30,24.33,24.47,24.1,24.46,4879741,40.87,41.1,40.48,41.09,2905100,2026-03-03T03:46:24Z
HON,2006-05-31,24.52,24.71,24.33,24.39,4667422,41.18,41.5,40.87,40.97,2778700,2026-03-03T03:46:24Z
HON,2006-06-01,24.71,24.78,24.41,24.52,4000751,41.51,41.62,41.01,41.18,2381800,2026-03-03T03:46:24Z
HON,2006-06-02,24.53,24.91,24.4,24.77,3647677,41.2,41.84,40.99,41.6,2171600,2026-03-03T03:46:24Z
HON,2006-06-05,23.91,24.55,23.86,24.43,4099516,40.16,41.24,40.07,41.03,2440600,2026-03-03T03:46:24Z
HON,2006-06-06,23.69,24.15,23.54,24.05,6021781,39.8,40.57,39.54,40.39,3585000,2026-03-03T03:46:24Z
HON,2006-06-07,23.51,23.96,23.43,23.65,5930073,39.49,40.25,39.35,39.72,3530400,2026-03-03T03:46:24Z
HON,2006-06-08,23.16,23.48,22.39,23.48,11924957,38.9,39.44,37.61,39.44,7099400,2026-03-03T03:46:24Z
HON,2006-06-09,22.68,23.3,22.68,23.04,7788174,38.1,39.13,38.1,38.7,4636600,2026-03-03T03:46:24Z
HON,2006-06-12,22.52,22.92,22.44,22.86,5946189,37.82,38.5,37.7,38.39,3540000,2026-03-03T03:46:24Z
HON,2006-06-13,22.4,22.93,22.27,22.45,8043307,37.62,38.52,37.4,37.71,4788500,2026-03-03T03:46:24Z
HON,2006-06-14,22.63,22.65,22.25,22.3,7638664,38.02,38.05,37.37,37.45,4547600,2026-03-03T03:46:24Z
HON,2006-06-15,23.18,23.25,22.53,22.62,6783204,38.93,39.06,37.84,38,4038300,2026-03-03T03:46:24Z
HON,2006-06-16,23.21,23.32,22.97,23.18,7676474,38.98,39.17,38.58,38.93,4570100,2026-03-03T03:46:24Z
HON,2006-06-19,22.97,23.52,22.8,23.43,5160579,38.59,39.5,38.29,39.35,3072300,2026-03-03T03:46:24Z
HON,2006-06-20,22.95,23.1,22.8,23,4183835,38.55,38.8,38.3,38.64,2490800,2026-03-03T03:46:24Z
HON,2006-06-21,23.4,23.64,22.95,22.95,5069542,39.31,39.71,38.55,38.55,3018100,2026-03-03T03:46:24Z
HON,2006-06-22,23.28,23.37,23.05,23.35,4750562,39.1,39.26,38.72,39.22,2828200,2026-03-03T03:46:24Z
HON,2006-06-23,23.4,23.67,23.14,23.28,3680923,39.31,39.76,38.86,39.1,2191400,2026-03-03T03:46:24Z
HON,2006-06-26,23.53,23.56,23.22,23.39,3185241,39.53,39.57,39.01,39.28,1896300,2026-03-03T03:46:24Z
HON,2006-06-27,23.11,23.66,23.02,23.48,4579414,38.82,39.75,38.66,39.44,2726300,2026-03-03T03:46:24Z
HON,2006-06-28,23.2,23.31,23.1,23.25,4562104,38.97,39.15,38.8,39.05,2716000,2026-03-03T03:46:24Z
HON,2006-06-29,23.79,23.81,23.4,23.5,6187241,39.96,39.99,39.3,39.47,3683500,2026-03-03T03:46:24Z
HON,2006-06-30,23.99,24.13,23.74,23.79,7064204,40.3,40.53,39.88,39.96,4205600,2026-03-03T03:46:24Z
HON,2006-07-03,23.83,24.07,23.79,23.9,2701480,40.02,40.43,39.96,40.15,1608300,2026-03-03T03:46:24Z
HON,2006-07-05,23.64,23.76,23.41,23.75,5033274,39.71,39.91,39.32,39.9,2996500,2026-03-03T03:46:24Z
HON,2006-07-06,23.71,23.83,23.63,23.64,3958580,39.82,40.03,39.69,39.71,2356700,2026-03-03T03:46:24Z
HON,2006-07-07,23.19,23.71,23.12,23.65,5774020,38.96,39.83,38.83,39.72,3437500,2026-03-03T03:46:24Z
HON,2006-07-10,23.11,23.32,23.09,23.24,5452699,38.82,39.18,38.79,39.04,3246200,2026-03-03T03:46:24Z
HON,2006-07-11,23.29,23.41,23.09,23.22,9660877,39.12,39.33,38.79,39,5751500,2026-03-03T03:46:24Z
HON,2006-07-12,23.16,23.46,23.09,23.29,4192229,38.9,39.4,38.79,39.12,2495800,2026-03-03T03:46:24Z
HON,2006-07-13,22.62,23.16,22.61,23.15,6769592,37.99,38.9,37.98,38.88,4030200,2026-03-03T03:46:24Z
HON,2006-07-14,22.03,22.63,21.89,22.62,10197215,37.01,38.01,36.77,37.99,6070800,2026-03-03T03:46:24Z
HON,2006-07-17,21.88,22.24,21.84,22,5967533,36.76,37.35,36.68,36.95,3552700,2026-03-03T03:46:24Z
HON,2006-07-18,22.35,22.35,21.93,21.97,12091277,37.54,37.54,36.83,36.9,7198400,2026-03-03T03:46:24Z
HON,2006-07-19,22.77,22.94,22.24,22.34,9403542,38.24,38.54,37.35,37.53,5598300,2026-03-03T03:46:24Z
HON,2006-07-20,21.8,23.25,21.71,23.22,16337606,36.62,39.05,36.47,39,9726400,2026-03-03T03:46:24Z
HON,2006-07-21,21.56,21.81,21.15,21.81,13422126,36.21,36.63,35.53,36.63,7990700,2026-03-03T03:46:24Z
HON,2006-07-24,22.1,22.15,21.63,21.82,9811905,37.13,37.21,36.33,36.65,5841400,2026-03-03T03:46:24Z
HON,2006-07-25,22.46,22.62,22.14,22.2,8760212,37.72,37.99,37.19,37.29,5215300,2026-03-03T03:46:24Z
HON,2006-07-26,22.61,22.81,22.33,22.4,8506265,37.97,38.32,37.51,37.62,5064100,2026-03-03T03:46:24Z
HON,2006-07-27,22.61,22.9,22.6,22.68,6970813,37.98,38.47,37.96,38.1,4150000,2026-03-03T03:46:24Z
HON,2006-07-28,22.78,23.01,22.63,22.63,6714507,38.26,38.65,38.01,38.01,3997400,2026-03-03T03:46:24Z
HON,2006-07-31,23.04,23.12,22.62,22.78,9564801,38.7,38.84,38,38.26,5694300,2026-03-03T03:46:24Z
HON,2006-08-01,23.07,23.24,22.73,23.07,7214035,38.75,39.03,38.18,38.76,4294800,2026-03-03T03:46:24Z
HON,2006-08-02,22.99,23.06,22.87,23.03,6439026,38.61,38.74,38.42,38.69,3833400,2026-03-03T03:46:24Z
HON,2006-08-03,22.93,23.06,22.65,22.83,7459965,38.52,38.74,38.05,38.35,4441200,2026-03-03T03:46:24Z
HON,2006-08-04,22.72,23.16,22.54,23.04,7657642,38.17,38.9,37.86,38.7,4558900,2026-03-03T03:46:24Z
HON,2006-08-07,22.8,22.83,22.52,22.72,5281528,38.3,38.35,37.82,38.17,3144300,2026-03-03T03:46:24Z
HON,2006-08-08,22.59,22.87,22.43,22.84,5813996,37.94,38.42,37.67,38.37,3461300,2026-03-03T03:46:24Z
HON,2006-08-09,22.1,22.74,22.03,22.64,6003975,37.12,38.2,37,38.03,3574400,2026-03-03T03:46:24Z
HON,2006-08-10,22.17,22.37,21.88,21.91,7514555,37.24,37.57,36.75,36.81,4473700,2026-03-03T03:46:24Z
HON,2006-08-11,22.3,22.3,22,22.11,6921934,37.46,37.46,36.95,37.13,4120900,2026-03-03T03:46:24Z
HON,2006-08-14,22.45,22.75,22.39,22.54,5422469,37.71,38.21,37.61,37.86,3228200,2026-03-03T03:46:24Z
HON,2006-08-15,22.78,22.96,22.58,22.71,3474329,38.27,38.56,37.93,38.15,2068400,2026-03-03T03:46:24Z
HON,2006-08-16,23.22,23.26,22.86,22.98,4436370,38.77,38.84,38.17,38.38,2656900,2026-03-03T03:46:24Z
HON,2006-08-17,23.43,23.6,23.17,23.3,5617557,39.12,39.4,38.69,38.9,3364300,2026-03-03T03:46:24Z
HON,2006-08-18,23.63,23.73,23.33,23.63,5641776,39.45,39.63,38.96,39.45,3378800,2026-03-03T03:46:24Z
HON,2006-08-21,23.37,23.53,23.24,23.52,4166703,39.02,39.29,38.81,39.28,2495400,2026-03-03T03:46:24Z
HON,2006-08-22,23.24,23.6,23.23,23.42,4813575,38.81,39.4,38.79,39.1,2882800,2026-03-03T03:46:24Z
HON,2006-08-23,23.24,23.48,23.06,23.33,2828570,38.8,39.21,38.51,38.96,1694000,2026-03-03T03:46:24Z
HON,2006-08-24,23.25,23.44,23.06,23.39,3133294,38.82,39.14,38.5,39.05,1876500,2026-03-03T03:46:24Z
HON,2006-08-25,23.15,23.36,22.98,23.15,4206619,38.65,39,38.38,38.65,2519300,2026-03-03T03:46:24Z
HON,2006-08-28,23.13,23.33,22.85,23.06,5280781,38.62,38.95,38.15,38.5,3162600,2026-03-03T03:46:24Z
HON,2006-08-29,23.02,23.08,22.7,23.01,5372286,38.44,38.54,37.9,38.42,3217400,2026-03-03T03:46:24Z
HON,2006-08-30,23.12,23.2,22.88,23.02,3069185,38.6,38.74,38.21,38.44,1838100,2026-03-03T03:46:24Z
HON,2006-08-31,23.19,23.24,22.98,23.15,4798715,38.72,38.8,38.37,38.65,2873900,2026-03-03T03:46:24Z
HON,2006-09-01,23.22,23.35,23.12,23.34,3603998,38.77,38.99,38.61,38.98,2158400,2026-03-03T03:46:24Z
HON,2006-09-05,23.33,23.36,23.13,23.34,5523377,38.95,39,38.62,38.98,3307900,2026-03-03T03:46:24Z
HON,2006-09-06,23.24,23.35,23.19,23.31,4592004,38.8,38.99,38.72,38.92,2750100,2026-03-03T03:46:24Z
HON,2006-09-07,22.97,23.19,22.88,23.15,3976523,38.35,38.72,38.21,38.66,2381500,2026-03-03T03:46:24Z
HON,2006-09-08,22.93,23.02,22.87,23.02,3363389,38.28,38.44,38.19,38.43,2014300,2026-03-03T03:46:24Z
HON,2006-09-11,22.91,22.97,22.69,22.93,3119107,38.25,38.35,37.88,38.28,1868000,2026-03-03T03:46:24Z
HON,2006-09-12,23.2,23.21,22.87,22.98,5227508,38.74,38.75,38.19,38.38,3130700,2026-03-03T03:46:24Z
HON,2006-09-13,23.51,23.58,23.18,23.25,5560787,39.26,39.37,38.71,38.82,3330300,2026-03-03T03:46:24Z
HON,2006-09-14,23.37,23.59,23.25,23.48,3575782,39.03,39.39,38.83,39.2,2141500,2026-03-03T03:46:24Z
HON,2006-09-15,23.81,23.93,23.57,23.66,8493871,39.75,39.95,39.35,39.5,5086900,2026-03-03T03:46:24Z
HON,2006-09-18,23.62,23.88,23.51,23.81,5771007,39.44,39.88,39.25,39.75,3456200,2026-03-03T03:46:24Z
HON,2006-09-19,23.67,23.71,23.27,23.57,6931663,39.52,39.59,38.85,39.35,4151300,2026-03-03T03:46:24Z
HON,2006-09-20,24.2,24.23,23.64,23.82,7070929,40.4,40.46,39.47,39.77,4234700,2026-03-03T03:46:24Z
HON,2006-09-21,24.28,24.43,24.11,24.33,8564849,40.54,40.8,40.25,40.62,5129400,2026-03-03T03:46:24Z
HON,2006-09-22,24.1,24.16,23.84,24.16,5999945,40.24,40.35,39.8,40.35,3593300,2026-03-03T03:46:24Z
HON,2006-09-25,24.38,24.5,24.13,24.14,7242743,40.71,40.91,40.29,40.3,4337600,2026-03-03T03:46:24Z
HON,2006-09-26,24.23,24.5,24.11,24.32,6875056,40.45,40.91,40.25,40.6,4117400,2026-03-03T03:46:24Z
HON,2006-09-27,24.57,24.74,24.22,24.25,6751163,41.03,41.31,40.44,40.5,4043200,2026-03-03T03:46:24Z
HON,2006-09-28,24.78,24.82,24.57,24.57,6012450,41.37,41.45,41.02,41.03,3600800,2026-03-03T03:46:24Z
HON,2006-09-29,24.49,24.85,24.49,24.78,4431864,40.9,41.5,40.89,41.37,2654200,2026-03-03T03:46:24Z
HON,2006-10-02,24.76,24.87,24.38,24.41,4593327,41.35,41.53,40.7,40.75,2750900,2026-03-03T03:46:24Z
HON,2006-10-03,25.09,25.18,24.72,24.77,7261598,41.9,42.05,41.27,41.36,4348900,2026-03-03T03:46:24Z
HON,2006-10-04,25.42,25.45,24.87,24.97,6125666,42.45,42.49,41.53,41.7,3668600,2026-03-03T03:46:24Z
HON,2006-10-05,25.61,25.69,25.42,25.42,5457607,42.77,42.9,42.45,42.45,3268500,2026-03-03T03:46:24Z
HON,2006-10-06,25.34,25.61,25.18,25.6,4736603,42.31,42.76,42.05,42.75,2836700,2026-03-03T03:46:24Z
HON,2006-10-09,25.3,25.36,25.03,25.17,2932596,42.24,42.34,41.79,42.03,1756300,2026-03-03T03:46:24Z
HON,2006-10-10,25.29,25.39,25.11,25.3,3783334,42.23,42.4,41.92,42.24,2265800,2026-03-03T03:46:24Z
HON,2006-10-11,25.21,25.34,25.06,25.29,4641082,42.1,42.31,41.85,42.23,2779500,2026-03-03T03:46:24Z
HON,2006-10-12,25.34,25.34,25.09,25.27,4446900,42.31,42.32,41.9,42.2,2663200,2026-03-03T03:46:24Z
HON,2006-10-13,25.52,25.66,25.44,25.45,6233698,42.61,42.84,42.48,42.5,3733300,2026-03-03T03:46:24Z
HON,2006-10-16,25.75,25.75,25.41,25.52,5348070,43,43,42.42,42.61,3202900,2026-03-03T03:46:24Z
HON,2006-10-17,25.54,25.67,25.48,25.57,4266068,42.64,42.87,42.54,42.69,2554900,2026-03-03T03:46:24Z
HON,2006-10-18,25.53,25.84,25.45,25.71,8512578,42.63,43.15,42.49,42.93,5098100,2026-03-03T03:46:24Z
HON,2006-10-19,24.9,25.33,24.42,24.88,14988249,41.58,42.29,40.77,41.55,8976300,2026-03-03T03:46:24Z
HON,2006-10-20,24.97,25.25,24.72,25.03,7726293,41.7,42.17,41.28,41.8,4627200,2026-03-03T03:46:24Z
HON,2006-10-23,25.21,25.28,24.95,24.97,5873544,42.09,42.21,41.66,41.7,3517600,2026-03-03T03:46:24Z
HON,2006-10-24,25.64,25.8,25.21,25.21,8764064,42.82,43.08,42.09,42.09,5248700,2026-03-03T03:46:24Z
HON,2006-10-25,25.67,25.75,25.36,25.67,6612737,42.87,42.99,42.35,42.87,3960300,2026-03-03T03:46:24Z
HON,2006-10-26,25.64,25.75,25.39,25.73,5512208,42.82,43,42.4,42.97,3301200,2026-03-03T03:46:24Z
HON,2006-10-27,25.33,25.69,25.27,25.64,5240021,42.3,42.89,42.19,42.82,3138200,2026-03-03T03:46:24Z
HON,2006-10-30,25.42,25.56,25.2,25.31,3562586,42.44,42.68,42.08,42.26,2133600,2026-03-03T03:46:24Z
HON,2006-10-31,25.23,25.62,25.08,25.62,5999435,42.12,42.78,41.87,42.78,3593000,2026-03-03T03:46:24Z
HON,2006-11-01,25.27,25.41,25.19,25.41,7087958,42.2,42.42,42.06,42.42,4244900,2026-03-03T03:46:24Z
HON,2006-11-02,25.08,25.3,25.02,25.26,5675839,41.87,42.24,41.77,42.18,3399200,2026-03-03T03:46:24Z
HON,2006-11-03,24.98,25.25,24.89,25.09,4668642,41.71,42.17,41.56,41.9,2796000,2026-03-03T03:46:24Z
HON,2006-11-06,25.15,25.24,24.93,24.99,7365809,42,42.14,41.63,41.72,4411300,2026-03-03T03:46:24Z
HON,2006-11-07,25.4,25.57,25.03,25.15,8567194,42.42,42.7,41.79,42,5130800,2026-03-03T03:46:24Z
HON,2006-11-08,25.35,25.45,25.1,25.39,5792891,42.33,42.5,41.91,42.4,3469300,2026-03-03T03:46:24Z
HON,2006-11-09,25.27,25.54,25.21,25.35,3959164,42.2,42.65,42.1,42.33,2371100,2026-03-03T03:46:24Z
HON,2006-11-10,25.48,25.51,25.27,25.41,5785535,42.54,42.6,42.2,42.43,3464900,2026-03-03T03:46:24Z
HON,2006-11-13,25.73,25.85,25.48,25.51,5434048,42.97,43.17,42.55,42.6,3254400,2026-03-03T03:46:24Z
HON,2006-11-14,25.73,25.93,25.65,25.78,8226723,42.96,43.3,42.83,43.05,4926900,2026-03-03T03:46:24Z
HON,2006-11-15,25.96,26.07,25.72,25.73,5322860,43.35,43.53,42.95,42.96,3187800,2026-03-03T03:46:24Z
HON,2006-11-16,26.08,26.15,25.97,26.07,3587463,43.32,43.44,43.14,43.3,2159800,2026-03-03T03:46:24Z
HON,2006-11-17,25.85,26.09,25.8,26.07,5782002,42.94,43.33,42.86,43.31,3481000,2026-03-03T03:46:24Z
HON,2006-11-20,25.7,25.86,25.65,25.86,5716729,42.68,42.95,42.61,42.95,3441700,2026-03-03T03:46:24Z
HON,2006-11-21,25.84,25.98,25.62,25.71,4700680,42.92,43.15,42.56,42.71,2830000,2026-03-03T03:46:24Z
HON,2006-11-22,25.89,26.06,25.79,25.79,3252767,43.01,43.29,42.84,42.84,1958300,2026-03-03T03:46:24Z
HON,2006-11-24,25.74,25.88,25.64,25.65,1781603,42.76,42.98,42.58,42.6,1072600,2026-03-03T03:46:24Z
HON,2006-11-27,25.4,25.75,25.33,25.75,5637823,42.19,42.77,42.08,42.77,3394200,2026-03-03T03:46:24Z
HON,2006-11-28,25.43,25.45,25.23,25.35,4336421,42.24,42.28,41.9,42.11,2610700,2026-03-03T03:46:24Z
HON,2006-11-29,25.72,25.79,25.44,25.47,4174632,42.72,42.84,42.26,42.31,2513300,2026-03-03T03:46:24Z
HON,2006-11-30,25.88,26.01,25.39,25.62,7361304,42.98,43.21,42.18,42.55,4431800,2026-03-03T03:46:24Z
HON,2006-12-01,25.77,26.04,25.52,25.81,8466027,42.81,43.25,42.39,42.87,5096900,2026-03-03T03:46:24Z
HON,2006-12-04,26.25,26.33,25.84,25.88,6271665,43.61,43.74,42.92,42.98,3775800,2026-03-03T03:46:24Z
HON,2006-12-05,26.09,26.39,26.03,26.34,8067047,43.33,43.83,43.23,43.75,4856700,2026-03-03T03:46:24Z
HON,2006-12-06,25.83,26.15,25.77,26.12,7830351,42.9,43.43,42.8,43.39,4714200,2026-03-03T03:46:24Z
HON,2006-12-07,25.64,25.95,25.64,25.89,7733193,42.59,43.11,42.58,43,4655700,2026-03-03T03:46:24Z
HON,2006-12-08,25.57,25.59,25.3,25.56,7037234,42.48,42.5,42.02,42.45,4236700,2026-03-03T03:46:24Z
HON,2006-12-11,25.41,25.72,25.32,25.58,4852994,42.2,42.72,42.05,42.49,2921700,2026-03-03T03:46:24Z
HON,2006-12-12,25.3,25.44,24.98,25.42,7606641,42.03,42.26,41.49,42.23,4579500,2026-03-03T03:46:24Z
HON,2006-12-13,25.2,25.55,25.14,25.5,6335770,41.86,42.43,41.76,42.35,3814400,2026-03-03T03:46:24Z
HON,2006-12-14,25.7,26.01,25.32,25.32,12021127,42.69,43.21,42.05,42.05,7237200,2026-03-03T03:46:24Z
HON,2006-12-15,26.26,26.56,25.76,25.97,12884337,43.62,44.11,42.79,43.13,7756900,2026-03-03T03:46:24Z
HON,2006-12-18,26.02,26.79,25.88,26.62,8979960,43.22,44.5,42.98,44.22,5406300,2026-03-03T03:46:24Z
HON,2006-12-19,26.7,26.71,25.95,26.02,8935438,44.35,44.37,43.1,43.22,5379500,2026-03-03T03:46:24Z
HON,2006-12-20,26.83,27.06,26.58,26.65,7021454,44.56,44.95,44.15,44.27,4227200,2026-03-03T03:46:24Z
HON,2006-12-21,26.95,27.09,26.73,26.79,6427978,44.76,44.99,44.4,44.5,3869900,2026-03-03T03:46:24Z
HON,2006-12-22,26.87,27.08,26.8,26.95,4348874,44.63,44.98,44.51,44.76,2618200,2026-03-03T03:46:24Z
HON,2006-12-26,27.02,27.12,26.8,26.82,3598756,44.88,45.04,44.52,44.54,2166600,2026-03-03T03:46:24Z
HON,2006-12-27,27.32,27.35,27.06,27.12,5269409,45.38,45.43,44.95,45.05,3172400,2026-03-03T03:46:24Z
HON,2006-12-28,27.37,27.55,27.21,27.24,4230607,45.46,45.77,45.2,45.24,2547000,2026-03-03T03:46:24Z
HON,2006-12-29,27.24,27.46,27.15,27.32,4330769,45.24,45.61,45.1,45.38,2607300,2026-03-03T03:46:24Z
HON,2007-01-03,27.15,27.51,27.02,27.1,5822020,45.1,45.69,44.88,45.02,3505100,2026-03-03T03:46:24Z
HON,2007-01-04,27.14,27.22,26.72,27.03,4368640,45.08,45.21,44.38,44.9,2630100,2026-03-03T03:46:24Z
HON,2007-01-05,26.88,27.16,26.66,27.03,5041352,44.65,45.11,44.29,44.89,3035100,2026-03-03T03:46:24Z
HON,2007-01-08,27.04,27.12,26.68,26.88,4300705,44.92,45.05,44.31,44.65,2589200,2026-03-03T03:46:24Z
HON,2007-01-09,27.24,27.29,26.89,27.13,5055969,45.24,45.33,44.67,45.07,3043900,2026-03-03T03:46:24Z
HON,2007-01-10,27.07,27.15,26.86,27.03,3853885,44.96,45.09,44.62,44.9,2320200,2026-03-03T03:46:24Z
HON,2007-01-11,27.52,27.69,27.19,27.21,5049317,45.71,45.99,45.16,45.2,3039900,2026-03-03T03:46:24Z
HON,2007-01-12,27.43,27.51,27.12,27.46,4424776,45.56,45.7,45.04,45.61,2663900,2026-03-03T03:46:24Z
HON,2007-01-16,27.47,27.52,27.22,27.34,3913021,45.62,45.71,45.22,45.42,2355800,2026-03-03T03:46:24Z
HON,2007-01-17,27.42,27.63,27.29,27.38,4502014,45.54,45.9,45.32,45.48,2710400,2026-03-03T03:46:24Z
HON,2007-01-18,27.12,27.51,26.93,26.93,5848115,45.04,45.7,44.74,44.74,3520800,2026-03-03T03:46:24Z
HON,2007-01-19,27.27,27.43,27.13,27.32,6154902,45.29,45.57,45.06,45.37,3705500,2026-03-03T03:46:24Z
HON,2007-01-22,26.65,27.25,26.47,27.13,7643672,44.26,45.26,43.97,45.07,4601800,2026-03-03T03:46:24Z
HON,2007-01-23,26.77,27,26.7,26.72,7504983,44.46,44.85,44.34,44.38,4518300,2026-03-03T03:46:24Z
HON,2007-01-24,26.74,27.01,26.64,26.73,4504342,44.42,44.86,44.25,44.39,2711800,2026-03-03T03:46:24Z
HON,2007-01-25,26.61,26.94,26.42,26.77,4775422,44.2,44.75,43.88,44.47,2875000,2026-03-03T03:46:24Z
HON,2007-01-26,26.57,26.79,25.97,26.55,8512039,44.13,44.5,43.14,44.1,5124600,2026-03-03T03:46:24Z
HON,2007-01-29,26.63,26.82,26.43,26.56,6452707,44.23,44.54,43.9,44.12,3884800,2026-03-03T03:46:24Z
HON,2007-01-30,27.18,27.23,26.63,26.63,7201178,45.14,45.23,44.23,44.23,4335400,2026-03-03T03:46:24Z
HON,2007-01-31,27.51,27.63,26.96,27.18,6444239,45.69,45.89,44.78,45.14,3879700,2026-03-03T03:46:24Z
HON,2007-02-01,27.65,27.7,27.4,27.57,6056243,45.93,46.01,45.51,45.79,3646100,2026-03-03T03:46:24Z
HON,2007-02-02,27.79,27.81,27.63,27.78,4597532,46.16,46.2,45.9,46.14,2767900,2026-03-03T03:46:24Z
HON,2007-02-05,27.71,27.77,27.5,27.68,5090522,46.02,46.12,45.67,45.98,3064700,2026-03-03T03:46:24Z
HON,2007-02-06,28.07,28.07,27.64,27.71,5828345,46.62,46.62,45.91,46.02,3508900,2026-03-03T03:46:24Z
HON,2007-02-07,28.04,28.14,27.87,28.07,5357935,46.57,46.75,46.29,46.63,3225700,2026-03-03T03:46:24Z
HON,2007-02-08,28.04,28.13,27.74,27.93,4872586,46.57,46.72,46.08,46.39,2933500,2026-03-03T03:46:24Z
HON,2007-02-09,27.84,28.14,27.74,28.11,5294665,46.24,46.75,46.07,46.7,3187600,2026-03-03T03:46:24Z
HON,2007-02-12,27.75,27.95,27.65,27.93,4849512,46.09,46.42,45.93,46.4,2919600,2026-03-03T03:46:24Z
HON,2007-02-13,28,28.05,27.71,27.75,6314366,46.51,46.59,46.03,46.1,3801500,2026-03-03T03:46:24Z
HON,2007-02-14,28.62,28.69,27.81,28,7480734,47.54,47.65,46.2,46.51,4503700,2026-03-03T03:46:24Z
HON,2007-02-15,28.64,28.7,28.39,28.52,5537665,47.57,47.68,47.15,47.38,3333900,2026-03-03T03:46:24Z
HON,2007-02-16,28.8,28.9,28.54,28.87,6362024,47.83,48,47.41,47.95,3830200,2026-03-03T03:46:24Z
HON,2007-02-20,28.97,29.07,28.78,28.89,7132403,48.12,48.28,47.8,47.98,4294000,2026-03-03T03:46:24Z
HON,2007-02-21,29.08,29.16,28.78,28.88,6174666,48.31,48.44,47.8,47.97,3717400,2026-03-03T03:46:24Z
HON,2007-02-22,29.01,29.2,28.83,29.08,9102030,48.19,48.5,47.88,48.3,5479800,2026-03-03T03:46:24Z
HON,2007-02-23,28.86,29.07,28.76,29.02,5783560,47.69,48.03,47.53,47.96,3500100,2026-03-03T03:46:24Z
HON,2007-02-26,28.82,28.99,28.35,28.93,4921502,47.62,47.91,46.85,47.8,2978400,2026-03-03T03:46:24Z
HON,2007-02-27,27.94,28.83,27.7,28.82,11195523,46.16,47.64,45.77,47.62,6775300,2026-03-03T03:46:24Z
HON,2007-02-28,28.08,28.33,27.7,27.93,9140573,46.4,46.82,45.77,46.16,5531700,2026-03-03T03:46:24Z
HON,2007-03-01,27.95,28.1,26.97,27.41,9320361,46.19,46.43,44.56,45.3,5640500,2026-03-03T03:46:24Z
HON,2007-03-02,27.78,28.28,27.69,27.9,7206120,45.91,46.73,45.75,46.1,4361000,2026-03-03T03:46:24Z
HON,2007-03-05,27.76,28.14,27.47,27.52,9361683,45.87,46.5,45.39,45.48,5665500,2026-03-03T03:46:24Z
HON,2007-03-06,28.04,28.09,27.7,27.81,6989313,46.34,46.42,45.78,45.96,4229800,2026-03-03T03:46:24Z
HON,2007-03-07,28.2,28.44,27.87,28.04,5942698,46.59,46.99,46.05,46.34,3596400,2026-03-03T03:46:24Z
HON,2007-03-08,28.63,28.69,28.28,28.29,6465179,47.31,47.41,46.73,46.75,3912600,2026-03-03T03:46:24Z
HON,2007-03-09,28.58,28.95,28.53,28.75,6745583,47.23,47.84,47.14,47.5,4082300,2026-03-03T03:46:24Z
HON,2007-03-12,28.81,28.84,28.58,28.62,7148457,47.61,47.66,47.22,47.3,4326100,2026-03-03T03:46:24Z
HON,2007-03-13,28.37,28.92,28.37,28.7,7956979,46.88,47.78,46.88,47.42,4815400,2026-03-03T03:46:24Z
HON,2007-03-14,28.38,28.5,27.85,28.43,8539263,46.9,47.1,46.02,46.97,5167800,2026-03-03T03:46:24Z
HON,2007-03-15,28.43,28.46,28.21,28.3,5837599,46.98,47.02,46.61,46.76,3532800,2026-03-03T03:46:24Z
HON,2007-03-16,28.41,28.56,28.26,28.48,11505973,46.94,47.19,46.7,47.06,6963200,2026-03-03T03:46:24Z
HON,2007-03-19,28.57,28.79,28.5,28.61,4435378,47.21,47.57,47.1,47.28,2684200,2026-03-03T03:46:24Z
HON,2007-03-20,28.53,28.56,28.32,28.56,6128091,47.14,47.19,46.79,47.19,3708600,2026-03-03T03:46:24Z
HON,2007-03-21,28.87,28.89,28.38,28.47,5781913,47.7,47.74,46.89,47.05,3499100,2026-03-03T03:46:24Z
HON,2007-03-22,28.79,28.93,28.53,28.93,5802067,47.58,47.8,47.15,47.8,3511300,2026-03-03T03:46:24Z
HON,2007-03-23,28.87,28.98,28.27,28.27,4587728,47.71,47.88,46.72,46.72,2776400,2026-03-03T03:46:24Z
HON,2007-03-26,28.65,28.98,28.32,28.82,5548252,47.34,47.88,46.79,47.63,3357700,2026-03-03T03:46:24Z
HON,2007-03-27,28.28,28.63,28.16,28.55,5117643,46.73,47.31,46.53,47.18,3097100,2026-03-03T03:46:24Z
HON,2007-03-28,27.86,28.24,27.58,28.2,7233224,46.03,46.66,45.58,46.6,4377400,2026-03-03T03:46:24Z
HON,2007-03-29,27.8,28.14,27.6,28.14,9377359,45.94,46.49,45.6,46.49,5675000,2026-03-03T03:46:24Z
HON,2007-03-30,27.87,28.2,27.73,27.98,6307869,46.06,46.6,45.83,46.24,3817400,2026-03-03T03:46:24Z
HON,2007-04-02,27.93,27.97,27.58,27.58,4457506,46.15,46.22,45.58,45.58,2697600,2026-03-03T03:46:24Z
HON,2007-04-03,28.29,28.39,27.99,28,4810797,46.74,46.91,46.25,46.27,2911400,2026-03-03T03:46:24Z
HON,2007-04-04,28.59,28.62,28.03,28.32,5172340,47.25,47.3,46.32,46.8,3130200,2026-03-03T03:46:24Z
HON,2007-04-05,28.6,28.64,28.44,28.59,3498133,47.26,47.32,47,47.25,2117000,2026-03-03T03:46:24Z
HON,2007-04-09,28.51,28.67,28.43,28.66,3100723,47.11,47.37,46.97,47.36,1876500,2026-03-03T03:46:24Z
HON,2007-04-10,28.43,28.58,28.35,28.41,2784624,46.98,47.22,46.84,46.94,1685200,2026-03-03T03:46:24Z
HON,2007-04-11,28.07,28.5,27.95,28.41,4307978,46.39,47.09,46.19,46.95,2607100,2026-03-03T03:46:24Z
HON,2007-04-12,28.44,28.51,27.88,28.1,4940350,46.99,47.11,46.07,46.43,2989800,2026-03-03T03:46:24Z
HON,2007-04-13,28.46,28.9,28.2,28.9,4119766,47.03,47.76,46.59,47.76,2493200,2026-03-03T03:46:24Z
HON,2007-04-16,28.67,28.78,28.1,28.1,3520277,47.38,47.55,46.43,46.43,2130400,2026-03-03T03:46:24Z
HON,2007-04-17,28.83,28.92,28.44,28.66,4946293,47.64,47.78,47,47.35,2993400,2026-03-03T03:46:24Z
HON,2007-04-18,29.18,29.33,28.72,28.83,6128921,48.21,48.46,47.45,47.64,3709100,2026-03-03T03:46:24Z
HON,2007-04-19,29.69,29.99,28.75,29.18,14828821,49.06,49.55,47.5,48.21,8974100,2026-03-03T03:46:24Z
HON,2007-04-20,31.11,31.26,30.32,31.05,22025163,51.4,51.65,50.1,51.3,13329200,2026-03-03T03:46:24Z
HON,2007-04-23,31,31.17,30.83,30.98,9665877,51.23,51.5,50.94,51.2,5849600,2026-03-03T03:46:24Z
HON,2007-04-24,32.01,32.2,31.11,31.16,15396386,52.9,53.21,51.4,51.49,9317600,2026-03-03T03:46:24Z
HON,2007-04-25,32.67,32.79,32.02,32.2,15299411,53.99,54.18,52.91,53.2,9258900,2026-03-03T03:46:24Z
HON,2007-04-26,32.49,33.31,32.49,32.64,11816810,53.69,55.04,53.68,53.93,7151300,2026-03-03T03:46:24Z
HON,2007-04-27,33.22,33.31,32.13,32.34,13229625,54.89,55.04,53.1,53.43,8006300,2026-03-03T03:46:24Z
HON,2007-04-30,32.79,33.25,32.74,33.09,16852149,54.18,54.94,54.1,54.67,10198600,2026-03-03T03:46:24Z
HON,2007-05-01,33.33,33.36,32.83,32.98,15006416,55.08,55.13,54.25,54.49,9081600,2026-03-03T03:46:24Z
HON,2007-05-02,33.59,33.97,33.29,33.34,17807757,55.5,56.13,55.01,55.09,10776900,2026-03-03T03:46:24Z
HON,2007-05-03,33.89,33.91,33.24,33.65,15413095,56,56.03,54.92,55.61,9327700,2026-03-03T03:46:24Z
HON,2007-05-04,33.96,34.13,33.55,33.89,14149180,56.12,56.4,55.43,56,8562800,2026-03-03T03:46:24Z
HON,2007-05-07,33.48,34.07,33.45,33.91,11378928,55.33,56.3,55.27,56.04,6886300,2026-03-03T03:46:24Z
HON,2007-05-08,33.76,33.86,33.27,33.48,14221061,55.79,55.95,54.97,55.33,8606300,2026-03-03T03:46:24Z
HON,2007-05-09,34.38,34.4,33.76,33.8,11617023,56.81,56.85,55.79,55.85,7030400,2026-03-03T03:46:24Z
HON,2007-05-10,34.41,34.76,33.9,34.05,16497041,56.86,57.43,56.01,56.26,9983700,2026-03-03T03:46:24Z
HON,2007-05-11,34.97,35.23,34.6,34.62,13096424,57.79,58.21,57.18,57.21,7925700,2026-03-03T03:46:24Z
HON,2007-05-14,35.52,35.59,34.83,34.99,21030596,58.7,58.8,57.55,57.81,12727300,2026-03-03T03:46:24Z
HON,2007-05-15,35.11,35.93,35.07,35.44,17420428,58.01,59.37,57.95,58.56,10542500,2026-03-03T03:46:24Z
HON,2007-05-16,35.34,35.34,35.04,35.25,15423502,58.14,58.15,57.65,57.99,9374400,2026-03-03T03:46:24Z
HON,2007-05-17,35.39,35.58,35.28,35.33,10297629,58.22,58.53,58.04,58.12,6258900,2026-03-03T03:46:24Z
HON,2007-05-18,35.68,35.71,35.32,35.49,11432703,58.7,58.75,58.11,58.39,6948800,2026-03-03T03:46:24Z
HON,2007-05-21,35.43,35.67,35.31,35.56,12548878,58.3,58.68,58.1,58.5,7627200,2026-03-03T03:46:24Z
HON,2007-05-22,34.63,35.48,34.57,35.4,16103503,56.98,58.38,56.87,58.25,9787700,2026-03-03T03:46:24Z
HON,2007-05-23,34.37,34.67,33.93,34.67,19775745,56.54,57.05,55.82,57.05,12019700,2026-03-03T03:46:24Z
HON,2007-05-24,34.03,34.51,33.99,34.37,11011698,55.99,56.78,55.93,56.55,6692900,2026-03-03T03:46:24Z
HON,2007-05-25,34.6,34.8,33.99,33.99,8110074,56.93,57.25,55.93,55.93,4929300,2026-03-03T03:46:24Z
HON,2007-05-29,34.86,34.99,34.65,34.66,8536372,57.35,57.57,57.01,57.02,5188400,2026-03-03T03:46:24Z
HON,2007-05-30,35.09,35.12,34.32,34.8,7673910,57.73,57.79,56.46,57.25,4664200,2026-03-03T03:46:24Z
HON,2007-05-31,35.2,35.38,35.02,35.1,10070421,57.91,58.21,57.61,57.75,6120800,2026-03-03T03:46:24Z
HON,2007-06-01,35.74,35.77,35.3,35.49,9558417,58.8,58.85,58.07,58.39,5809600,2026-03-03T03:46:24Z
HON,2007-06-04,35.63,35.85,35.42,35.56,7842391,58.62,58.98,58.28,58.5,4766600,2026-03-03T03:46:24Z
HON,2007-06-05,35.36,35.65,35.23,35.53,9113032,58.18,58.65,57.96,58.45,5538900,2026-03-03T03:46:24Z
HON,2007-06-06,34.85,35.31,34.63,35.3,9052819,57.34,58.09,56.98,58.08,5502300,2026-03-03T03:46:24Z
HON,2007-06-07,34.28,34.93,34.28,34.8,9784465,56.4,57.47,56.4,57.26,5947000,2026-03-03T03:46:24Z
HON,2007-06-08,34.88,34.89,34.16,34.34,6668472,57.38,57.41,56.2,56.5,4053100,2026-03-03T03:46:24Z
HON,2007-06-11,34.66,34.89,34.59,34.8,7781503,57.02,57.4,56.91,57.25,4729600,2026-03-03T03:46:24Z
HON,2007-06-12,34.43,34.74,34.29,34.65,7135738,56.64,57.15,56.41,57,4337100,2026-03-03T03:46:24Z
HON,2007-06-13,34.98,35.04,34.5,34.66,8834489,57.55,57.65,56.76,57.02,5369600,2026-03-03T03:46:24Z
HON,2007-06-14,35.4,35.53,34.95,35.04,7212071,58.24,58.46,57.5,57.65,4383500,2026-03-03T03:46:24Z
HON,2007-06-15,35.78,35.95,35.4,35.64,11996401,58.87,59.14,58.24,58.64,7291400,2026-03-03T03:46:24Z
HON,2007-06-18,35.14,36.01,35.07,36.01,7142479,57.81,59.24,57.7,59.24,4341200,2026-03-03T03:46:24Z
HON,2007-06-19,35.17,35.42,34.96,35.01,5351440,57.87,58.28,57.52,57.6,3252600,2026-03-03T03:46:24Z
HON,2007-06-20,34.37,35.37,34.32,35.23,8522873,56.55,58.2,56.46,57.96,5180200,2026-03-03T03:46:24Z
HON,2007-06-21,34.27,34.54,33.81,34.4,8500488,56.38,56.83,55.62,56.6,5166600,2026-03-03T03:46:24Z
HON,2007-06-22,33.84,34.19,33.76,34.15,10260119,55.68,56.25,55.55,56.18,6236100,2026-03-03T03:46:24Z
HON,2007-06-25,33.84,34.24,33.64,33.93,5869694,55.68,56.33,55.34,55.82,3567600,2026-03-03T03:46:24Z
HON,2007-06-26,34.04,34.3,33.84,33.98,10952110,56.01,56.43,55.68,55.9,6656700,2026-03-03T03:46:24Z
HON,2007-06-27,34.23,34.26,33.73,33.92,7891574,56.31,56.37,55.49,55.81,4796500,2026-03-03T03:46:24Z
HON,2007-06-28,34.27,34.83,34.07,34.23,6540469,56.38,57.3,56.06,56.31,3975300,2026-03-03T03:46:24Z
HON,2007-06-29,34.21,34.53,34.03,34.35,6454601,56.28,56.82,55.99,56.51,3923100,2026-03-03T03:46:24Z
HON,2007-07-02,34.69,34.95,34.41,34.46,7067302,57.08,57.5,56.61,56.7,4295500,2026-03-03T03:46:24Z
HON,2007-07-03,34.77,35,34.63,34.84,2935666,57.2,57.59,56.97,57.32,1784300,2026-03-03T03:46:24Z
HON,2007-07-05,35.47,35.61,34.67,34.67,8199409,58.36,58.59,57.05,57.05,4983600,2026-03-03T03:46:24Z
HON,2007-07-06,35.91,35.99,35.53,35.62,5183621,59.08,59.22,58.46,58.61,3150600,2026-03-03T03:46:24Z
HON,2007-07-09,35.57,36,35.56,35.99,4989312,58.53,59.23,58.5,59.21,3032500,2026-03-03T03:46:24Z
HON,2007-07-10,35.14,35.55,35.13,35.29,6371835,57.82,58.49,57.8,58.06,3872800,2026-03-03T03:46:24Z
HON,2007-07-11,35.7,35.85,35.13,35.24,8283969,58.74,58.98,57.8,57.98,5035000,2026-03-03T03:46:24Z
HON,2007-07-12,36.74,36.77,35.7,35.83,11570598,60.44,60.49,58.74,58.95,7032600,2026-03-03T03:46:24Z
HON,2007-07-13,36.55,36.84,36.34,36.64,7913628,60.14,60.61,59.79,60.28,4809900,2026-03-03T03:46:24Z
HON,2007-07-16,36.83,37.15,36.65,36.67,8681632,60.6,61.12,60.3,60.34,5276700,2026-03-03T03:46:24Z
HON,2007-07-17,36.98,37.2,36.83,37.04,9141337,60.84,61.21,60.6,60.94,5556100,2026-03-03T03:46:24Z
HON,2007-07-18,36.8,37.05,36.57,36.89,7885325,60.54,60.95,60.17,60.69,4792700,2026-03-03T03:46:24Z
HON,2007-07-19,37.06,37.62,36.32,37.5,12435519,60.98,61.9,59.76,61.7,7558300,2026-03-03T03:46:24Z
HON,2007-07-20,37.05,37.53,36.72,36.75,13389261,60.96,61.75,60.42,60.46,8138000,2026-03-03T03:46:24Z
HON,2007-07-23,37.35,37.48,37.2,37.32,6695789,61.45,61.67,61.2,61.4,4069700,2026-03-03T03:46:24Z
HON,2007-07-24,36.88,37.35,36.83,37.08,8791711,60.68,61.46,60.59,61.01,5343600,2026-03-03T03:46:24Z
HON,2007-07-25,37,37.53,36.88,37.29,11481567,60.88,61.74,60.68,61.35,6978500,2026-03-03T03:46:24Z
HON,2007-07-26,36.12,36.77,35.53,36.77,15246121,59.42,60.5,58.46,60.49,9266600,2026-03-03T03:46:24Z
HON,2007-07-27,35.62,36.33,35.62,36.05,10635732,58.61,59.77,58.61,59.31,6464400,2026-03-03T03:46:24Z
HON,2007-07-30,36.13,36.3,35.52,35.86,8642657,59.44,59.73,58.44,59,5253000,2026-03-03T03:46:24Z
HON,2007-07-31,34.95,36.32,34.91,36.21,11768496,57.51,59.75,57.44,59.57,7152900,2026-03-03T03:46:24Z
HON,2007-08-01,34.74,35.05,34.35,34.61,15010682,57.15,57.67,56.51,56.94,9123500,2026-03-03T03:46:24Z
HON,2007-08-02,35.89,36.09,34.77,34.89,10460037,59.05,59.37,57.2,57.4,6357600,2026-03-03T03:46:24Z
HON,2007-08-03,35.36,36.23,35.3,35.93,8236263,58.18,59.61,58.07,59.11,5006000,2026-03-03T03:46:24Z
HON,2007-08-06,35.83,35.84,34.98,35.81,8949491,58.95,58.97,57.56,58.92,5439500,2026-03-03T03:46:24Z
HON,2007-08-07,35.78,36.01,34.43,35.59,8744339,58.87,59.24,56.64,58.55,5314800,2026-03-03T03:46:24Z
HON,2007-08-08,35.1,36.15,34.5,36.15,9849794,57.75,59.47,56.76,59.47,5986700,2026-03-03T03:46:24Z
HON,2007-08-09,34.51,35.11,34.46,34.58,9642333,56.78,57.77,56.7,56.9,5860600,2026-03-03T03:46:24Z
HON,2007-08-10,34.04,34.46,32.52,34.23,14452928,56.01,56.7,53.5,56.31,8784500,2026-03-03T03:46:24Z
HON,2007-08-13,34.33,34.58,34.04,34.1,6846670,56.49,56.89,56,56.1,4161400,2026-03-03T03:46:24Z
HON,2007-08-14,34.26,35,34.02,34.42,7309159,56.37,57.59,55.98,56.63,4442500,2026-03-03T03:46:24Z
HON,2007-08-15,33.26,34.77,33.16,34.4,11354718,54.72,57.21,54.55,56.59,6901400,2026-03-03T03:46:24Z
HON,2007-08-16,33.05,33.48,32.29,32.97,17588248,54.12,54.84,52.88,54,10739200,2026-03-03T03:46:24Z
HON,2007-08-17,33.25,34.03,32.93,33.83,11957141,54.46,55.74,53.93,55.4,7300900,2026-03-03T03:46:24Z
HON,2007-08-20,34.08,34.18,33.31,33.59,7026820,55.82,55.98,54.55,55.02,4290500,2026-03-03T03:46:24Z
HON,2007-08-21,33.59,34.1,33.54,33.77,5668940,55.02,55.85,54.93,55.3,3461400,2026-03-03T03:46:24Z
HON,2007-08-22,34.08,34.16,33.72,33.76,6539258,55.82,55.94,55.22,55.29,3992800,2026-03-03T03:46:24Z
HON,2007-08-23,34.11,34.39,34.04,34.31,6242818,55.87,56.32,55.75,56.2,3811800,2026-03-03T03:46:24Z
HON,2007-08-24,34.07,34.17,33.89,34.09,6901196,55.8,55.96,55.5,55.83,4213800,2026-03-03T03:46:24Z
HON,2007-08-27,34.74,35.09,33.95,33.97,6719083,56.9,57.47,55.61,55.64,4102600,2026-03-03T03:46:24Z
HON,2007-08-28,33.94,34.78,33.91,34.56,7055143,55.59,56.96,55.54,56.6,4307800,2026-03-03T03:46:24Z
HON,2007-08-29,34.8,34.82,34.02,34.19,4837785,57,57.03,55.71,56,2953900,2026-03-03T03:46:24Z
HON,2007-08-30,34.37,35.15,34.22,34.5,6260835,56.29,57.56,56.04,56.5,3822800,2026-03-03T03:46:24Z
HON,2007-08-31,34.28,34.91,34.23,34.66,8404010,56.15,57.17,56.06,56.77,5131400,2026-03-03T03:46:24Z
HON,2007-09-04,34.41,34.5,33.84,34.33,6595268,56.36,56.5,55.42,56.23,4027000,2026-03-03T03:46:24Z
HON,2007-09-05,33.73,34.41,33.53,34.1,8818189,55.24,56.36,54.92,55.85,5384300,2026-03-03T03:46:24Z
HON,2007-09-06,34.6,34.6,33.58,33.58,7111320,56.66,56.67,55,55,4342100,2026-03-03T03:46:24Z
HON,2007-09-07,33.41,34.44,33.3,34.13,8524232,54.71,56.4,54.53,55.9,5204800,2026-03-03T03:46:24Z
HON,2007-09-10,33.62,33.82,33.05,33.57,5300281,55.06,55.39,54.12,54.98,3236300,2026-03-03T03:46:24Z
HON,2007-09-11,34.33,34.48,33.61,33.61,6169121,56.22,56.47,55.05,55.05,3766800,2026-03-03T03:46:24Z
HON,2007-09-12,34.17,34.46,34.06,34.34,5795874,55.97,56.43,55.79,56.24,3538900,2026-03-03T03:46:24Z
HON,2007-09-13,34.38,34.55,34.09,34.22,4660575,56.3,56.59,55.84,56.05,2845700,2026-03-03T03:46:24Z
HON,2007-09-14,34.46,34.53,34.16,34.24,3832523,56.44,56.55,55.95,56.07,2340100,2026-03-03T03:46:24Z
HON,2007-09-17,34.4,34.55,34.04,34.4,5919195,56.34,56.59,55.75,56.33,3614200,2026-03-03T03:46:24Z
HON,2007-09-18,34.97,35.05,34.18,34.42,7157518,57.28,57.4,55.98,56.37,4370300,2026-03-03T03:46:24Z
HON,2007-09-19,35.57,36,35.43,35.57,9062872,58.26,58.96,58.02,58.25,5533700,2026-03-03T03:46:24Z
HON,2007-09-20,35.52,35.72,35.29,35.51,5709566,58.17,58.5,57.8,58.15,3486200,2026-03-03T03:46:24Z
HON,2007-09-21,35.84,36.08,35.52,35.77,14400175,58.69,59.09,58.17,58.58,8792600,2026-03-03T03:46:24Z
HON,2007-09-24,35.42,36.11,35.28,35.88,6702372,58.01,59.14,57.78,58.77,4092400,2026-03-03T03:46:24Z
HON,2007-09-25,36.08,36.12,35.26,35.35,5674195,59.09,59.16,57.74,57.9,3464600,2026-03-03T03:46:24Z
HON,2007-09-26,36.21,36.43,35.88,36.35,5356456,59.3,59.67,58.77,59.54,3270600,2026-03-03T03:46:24Z
HON,2007-09-27,36.15,36.45,36.01,36.32,5565444,59.2,59.7,58.98,59.49,3398200,2026-03-03T03:46:24Z
HON,2007-09-28,36.31,36.43,36.07,36.13,5469301,59.47,59.67,59.07,59.18,3339500,2026-03-03T03:46:24Z
HON,2007-10-01,37.1,37.22,36.31,36.39,5858280,60.76,60.95,59.46,59.6,3577000,2026-03-03T03:46:24Z
HON,2007-10-02,36.48,37.22,36.37,37.18,5450635,59.75,60.96,59.57,60.89,3328100,2026-03-03T03:46:24Z
HON,2007-10-03,36.58,37.01,36.35,36.46,4633068,59.91,60.62,59.53,59.72,2828900,2026-03-03T03:46:24Z
HON,2007-10-04,36.38,36.94,36.34,36.73,4475352,59.59,60.5,59.51,60.15,2732600,2026-03-03T03:46:24Z
HON,2007-10-05,36.53,36.73,36.36,36.58,4459950,59.82,60.15,59.55,59.91,2723200,2026-03-03T03:46:24Z
HON,2007-10-08,37,37.16,36.51,36.6,4480919,60.59,60.86,59.79,59.95,2736000,2026-03-03T03:46:24Z
HON,2007-10-09,37.39,37.39,36.86,36.95,5760500,61.24,61.24,60.37,60.51,3517300,2026-03-03T03:46:24Z
HON,2007-10-10,37.07,37.48,36.38,37.4,7949366,60.71,61.39,59.59,61.25,4853800,2026-03-03T03:46:24Z
HON,2007-10-11,37.17,37.77,36.92,37.17,6095259,60.88,61.85,60.47,60.87,3721700,2026-03-03T03:46:24Z
HON,2007-10-12,37.68,38.03,37.04,37.24,3937013,61.71,62.29,60.66,60.99,2403900,2026-03-03T03:46:24Z
HON,2007-10-15,37.47,37.86,37.05,37.7,5156977,61.37,62,60.68,61.74,3148800,2026-03-03T03:46:24Z
HON,2007-10-16,37.34,37.69,37.22,37.55,5077722,61.16,61.73,60.96,61.49,3100400,2026-03-03T03:46:24Z
HON,2007-10-17,37.06,37.84,36.9,37.64,8263491,60.7,61.98,60.43,61.65,5045600,2026-03-03T03:46:24Z
HON,2007-10-18,37.06,37.24,36.63,37.06,5939334,60.69,60.99,60,60.7,3626500,2026-03-03T03:46:24Z
HON,2007-10-19,35.61,36.63,34.95,35.78,13042805,58.32,60,57.24,58.6,7963800,2026-03-03T03:46:24Z
HON,2007-10-22,35.5,35.67,34.91,34.94,7408250,58.14,58.42,57.17,57.22,4523400,2026-03-03T03:46:24Z
HON,2007-10-23,35.84,35.88,35.04,35.19,5477661,58.7,58.76,57.39,57.64,3344600,2026-03-03T03:46:24Z
HON,2007-10-24,35.85,35.93,35.16,35.68,5983397,58.72,58.85,57.58,58.43,3653400,2026-03-03T03:46:24Z
HON,2007-10-25,36.1,36.26,35.66,35.95,5424273,59.13,59.38,58.4,58.87,3312000,2026-03-03T03:46:24Z
HON,2007-10-26,36.29,36.43,35.94,36.33,5329925,59.44,59.66,58.86,59.5,3254400,2026-03-03T03:46:24Z
HON,2007-10-29,36.46,36.63,36.32,36.34,3765050,59.71,59.99,59.49,59.52,2298900,2026-03-03T03:46:24Z
HON,2007-10-30,36.58,36.97,36.34,36.43,5059050,59.91,60.54,59.51,59.66,3089000,2026-03-03T03:46:24Z
HON,2007-10-31,36.89,37.06,36.43,36.83,5479791,60.41,60.69,59.66,60.32,3345900,2026-03-03T03:46:24Z
HON,2007-11-01,36.05,36.78,36.01,36.76,6025160,59.04,60.23,58.97,60.2,3678900,2026-03-03T03:46:24Z
HON,2007-11-02,36.24,36.4,35.73,36.21,6913484,59.35,59.61,58.51,59.31,4221300,2026-03-03T03:46:24Z
HON,2007-11-05,36.58,36.78,35.41,35.41,6037778,59.91,60.24,57.99,57.99,3686600,2026-03-03T03:46:24Z
HON,2007-11-06,37.24,37.29,36.59,36.61,7116243,60.99,61.07,59.93,59.96,4345100,2026-03-03T03:46:24Z
HON,2007-11-07,36.05,37.26,36.02,37.04,5993388,59.04,61.03,59,60.66,3659500,2026-03-03T03:46:24Z
HON,2007-11-08,36.2,36.57,35.75,36.08,7528293,59.29,59.9,58.55,59.09,4596700,2026-03-03T03:46:24Z
HON,2007-11-09,35.27,36.16,35.15,35.73,6854354,57.76,59.23,57.57,58.52,4185200,2026-03-03T03:46:24Z
HON,2007-11-12,34.88,35.48,34.8,35.14,6345334,57.13,58.1,57,57.55,3874400,2026-03-03T03:46:24Z
HON,2007-11-13,35.5,35.6,34.87,34.99,8265782,58.14,58.31,57.11,57.3,5047000,2026-03-03T03:46:24Z
HON,2007-11-14,35.73,36.48,35.51,35.65,7238243,58.52,59.74,58.16,58.38,4419600,2026-03-03T03:46:24Z
HON,2007-11-15,34.9,35.74,34.72,35.52,6802110,57.16,58.54,56.87,58.17,4153300,2026-03-03T03:46:24Z
HON,2007-11-16,34.27,35.24,33.9,35.22,11634658,55.88,57.47,55.27,57.43,7135200,2026-03-03T03:46:24Z
HON,2007-11-19,33.58,34.48,33.43,34.07,10675030,54.76,56.22,54.51,55.55,6546700,2026-03-03T03:46:24Z
HON,2007-11-20,33.43,34.07,32.89,33.57,12010997,54.51,55.55,53.63,54.74,7366000,2026-03-03T03:46:24Z
HON,2007-11-21,33.06,33.56,32.95,33.09,11783025,53.91,54.73,53.72,53.95,7226200,2026-03-03T03:46:24Z
HON,2007-11-23,33.53,33.56,33.12,33.23,2356377,54.67,54.73,54.01,54.18,1445100,2026-03-03T03:46:24Z
HON,2007-11-26,32.62,33.63,32.54,33.55,8506830,53.19,54.84,53.06,54.7,5217000,2026-03-03T03:46:24Z
HON,2007-11-27,33.15,33.36,32.59,32.83,7959268,54.05,54.4,53.15,53.53,4881200,2026-03-03T03:46:24Z
HON,2007-11-28,34.09,34.33,33.28,33.33,12614949,55.58,55.97,54.26,54.35,7736400,2026-03-03T03:46:24Z
HON,2007-11-29,33.66,34.08,33.58,34.04,8431326,54.88,55.57,54.76,55.51,5170700,2026-03-03T03:46:24Z
HON,2007-11-30,34.72,35.33,33.91,33.99,16419824,56.62,57.61,55.29,55.43,10069800,2026-03-03T03:46:24Z
HON,2007-12-03,34.99,35.39,34.51,34.51,9206194,57.06,57.71,56.27,56.27,5645900,2026-03-03T03:46:24Z
HON,2007-12-04,34.74,34.92,34.55,34.8,6275691,56.64,56.94,56.34,56.75,3848700,2026-03-03T03:46:24Z
HON,2007-12-05,35.4,35.62,34.9,34.9,6340091,57.73,58.08,56.9,56.9,3888200,2026-03-03T03:46:24Z
HON,2007-12-06,35.71,35.77,35.31,35.39,4352561,58.23,58.32,57.58,57.71,2669300,2026-03-03T03:46:24Z
HON,2007-12-07,35.88,36.07,35.38,35.7,4970719,58.51,58.82,57.69,58.22,3048400,2026-03-03T03:46:24Z
HON,2007-12-10,36.48,36.76,35.91,35.91,6363245,59.48,59.94,58.56,58.56,3902400,2026-03-03T03:46:24Z
HON,2007-12-11,35.78,36.77,35.71,36.61,7714855,58.35,59.95,58.23,59.69,4731300,2026-03-03T03:46:24Z
HON,2007-12-12,35.41,36.51,34.78,36.51,11280320,57.74,59.54,56.71,59.54,6917900,2026-03-03T03:46:24Z
HON,2007-12-13,37.19,37.38,35.53,35.98,12545675,60.65,60.96,57.93,58.67,7693900,2026-03-03T03:46:24Z
HON,2007-12-14,36.78,37.33,36.78,37.21,7538427,59.98,60.87,59.97,60.67,4623100,2026-03-03T03:46:24Z
HON,2007-12-17,36.92,37.27,36.57,36.57,7192731,60.2,60.78,59.63,59.63,4411100,2026-03-03T03:46:24Z
HON,2007-12-18,37.16,37.51,36.91,37.11,9226590,60.59,61.16,60.19,60.51,5658400,2026-03-03T03:46:24Z
HON,2007-12-19,37.46,37.82,37.09,37.09,9088300,61.09,61.67,60.48,60.48,5573600,2026-03-03T03:46:24Z
HON,2007-12-20,37.22,37.86,37.07,37.66,6767971,60.69,61.73,60.44,61.41,4150600,2026-03-03T03:46:24Z
HON,2007-12-21,37.23,38,36.86,37.87,10585367,60.71,61.96,60.11,61.75,6491700,2026-03-03T03:46:24Z
HON,2007-12-24,37.73,37.87,37.33,37.63,2397960,61.53,61.75,60.87,61.36,1470600,2026-03-03T03:46:24Z
HON,2007-12-26,37.88,37.89,37.41,37.41,3267067,61.77,61.79,61,61,2003600,2026-03-03T03:46:24Z
HON,2007-12-27,37.53,37.86,37.31,37.86,5482885,61.19,61.74,60.84,61.74,3362500,2026-03-03T03:46:24Z
HON,2007-12-28,37.53,38.01,37.28,37.85,5420267,61.2,61.97,60.79,61.72,3324100,2026-03-03T03:46:24Z
HON,2007-12-31,37.76,38.02,37.34,37.34,6038927,61.57,62,60.89,60.89,3703500,2026-03-03T03:46:24Z
HON,2008-01-02,36.73,37.73,36.62,37.73,6786398,59.9,61.52,59.72,61.52,4161900,2026-03-03T03:46:24Z
HON,2008-01-03,36.92,37.09,36.54,36.78,5374777,60.2,60.47,59.58,59.98,3296200,2026-03-03T03:46:24Z
HON,2008-01-04,35.74,36.9,35.64,36.53,9696857,58.28,60.17,58.12,59.57,5946800,2026-03-03T03:46:24Z
HON,2008-01-07,35.62,36.07,34.88,35.89,9130549,58.08,58.82,56.87,58.52,5599500,2026-03-03T03:46:24Z
HON,2008-01-08,35.01,35.87,34.96,35.76,8630592,57.09,58.49,57,58.31,5292900,2026-03-03T03:46:24Z
HON,2008-01-09,35.32,35.36,34.48,35.02,9419162,57.6,57.66,56.23,57.1,5776500,2026-03-03T03:46:24Z
HON,2008-01-10,35.46,35.91,34.66,34.99,11504195,57.82,58.56,56.51,57.06,7055200,2026-03-03T03:46:24Z
HON,2008-01-11,34.83,35.86,34.48,35.57,7329383,56.8,58.47,56.23,58,4494900,2026-03-03T03:46:24Z
HON,2008-01-14,35.44,35.64,34.9,34.9,5434782,57.79,58.12,56.91,56.91,3333000,2026-03-03T03:46:24Z
HON,2008-01-15,34.67,35.31,34.49,35.01,7164680,56.54,57.57,56.24,57.08,4393900,2026-03-03T03:46:24Z
HON,2008-01-16,35.28,35.83,34.51,34.51,8950200,57.53,58.42,56.27,56.27,5488900,2026-03-03T03:46:24Z
HON,2008-01-17,34.08,35.66,33.95,35.32,10246516,55.57,58.14,55.35,57.59,6283900,2026-03-03T03:46:24Z
HON,2008-01-18,33.91,34.93,33.67,34.38,11057583,55.3,56.95,54.9,56.06,6781300,2026-03-03T03:46:24Z
HON,2008-01-22,33.09,33.39,31.92,32.21,14513465,53.95,54.45,52.05,52.52,8900700,2026-03-03T03:46:24Z
HON,2008-01-23,34.65,34.68,32.18,32.38,14427683,56.5,56.55,52.48,52.79,8848100,2026-03-03T03:46:24Z
HON,2008-01-24,34.47,34.83,33.91,34.32,10135798,56.2,56.8,55.3,55.96,6216000,2026-03-03T03:46:24Z
HON,2008-01-25,35.72,36.61,35.47,35.85,14023294,58.25,59.69,57.83,58.45,8600100,2026-03-03T03:46:24Z
HON,2008-01-28,36.13,36.29,35.7,35.7,9675799,58.92,59.17,58.21,58.21,5933900,2026-03-03T03:46:24Z
HON,2008-01-29,35.84,36.32,35.48,36.29,9391599,58.44,59.23,57.85,59.17,5759600,2026-03-03T03:46:24Z
HON,2008-01-30,35.67,36.34,35.55,35.72,8331862,58.16,59.26,57.97,58.25,5109700,2026-03-03T03:46:24Z
HON,2008-01-31,36.23,36.43,34.96,35.61,9957264,59.07,59.41,57,58.07,6106500,2026-03-03T03:46:24Z
HON,2008-02-01,36.93,37.1,36.19,36.2,11429190,60.21,60.5,59.01,59.02,7009200,2026-03-03T03:46:24Z
HON,2008-02-04,37.09,37.26,36.75,36.79,7532381,60.48,60.76,59.92,59.99,4619400,2026-03-03T03:46:24Z
HON,2008-02-05,36.21,37.05,36.02,36.52,9570297,59.04,60.42,58.74,59.55,5869200,2026-03-03T03:46:24Z
HON,2008-02-06,35.98,36.67,35.88,36.52,6833834,58.67,59.79,58.5,59.55,4191000,2026-03-03T03:46:24Z
HON,2008-02-07,36.04,36.22,35.57,35.71,7400957,58.77,59.06,58,58.23,4538800,2026-03-03T03:46:24Z
HON,2008-02-08,35.47,35.83,35.21,35.77,6182088,57.83,58.42,57.42,58.32,3791300,2026-03-03T03:46:24Z
HON,2008-02-11,35.35,35.41,34.8,35.1,11263525,57.64,57.74,56.75,57.23,6907600,2026-03-03T03:46:24Z
HON,2008-02-12,35.28,35.85,35.07,35.39,8937481,57.53,58.46,57.18,57.7,5481100,2026-03-03T03:46:24Z
HON,2008-02-13,36.08,36.13,35.52,35.6,5649204,58.83,58.92,57.91,58.05,3464500,2026-03-03T03:46:24Z
HON,2008-02-14,35.27,36.34,35.24,36.09,8286223,57.51,59.25,57.46,58.84,5081700,2026-03-03T03:46:24Z
HON,2008-02-15,34.37,35.26,34.25,35.2,35712100,56.04,57.49,55.85,57.4,21901200,2026-03-03T03:46:24Z
HON,2008-02-19,34.59,35.08,34.52,34.69,9365824,56.41,57.2,56.28,56.57,5743800,2026-03-03T03:46:24Z
HON,2008-02-20,34.56,34.67,33.84,34.36,9949579,56.35,56.53,55.18,56.03,6101800,2026-03-03T03:46:24Z
HON,2008-02-21,34.04,34.86,33.97,34.64,6265574,55.51,56.84,55.39,56.48,3842500,2026-03-03T03:46:24Z
HON,2008-02-22,34.67,34.76,33.93,34.12,8807507,56.54,56.68,55.32,55.63,5401400,2026-03-03T03:46:24Z
HON,2008-02-25,35.69,35.75,34.57,34.8,8564592,57.91,58.01,56.1,56.46,5278100,2026-03-03T03:46:24Z
HON,2008-02-26,36.46,36.49,35.58,35.58,8557617,59.16,59.22,57.74,57.74,5273800,2026-03-03T03:46:24Z
HON,2008-02-27,36.75,36.98,36.14,36.31,8222709,59.63,60,58.65,58.92,5067400,2026-03-03T03:46:24Z
HON,2008-02-28,36.47,36.7,36.22,36.41,7205459,59.18,59.56,58.77,59.09,4440500,2026-03-03T03:46:24Z
HON,2008-02-29,35.46,36.09,35.41,36,6684582,57.54,58.57,57.46,58.42,4119500,2026-03-03T03:46:24Z
HON,2008-03-03,36.08,36.08,35.38,35.48,6249703,58.55,58.55,57.41,57.57,3851500,2026-03-03T03:46:24Z
HON,2008-03-04,36.06,36.15,35.47,35.82,7429879,58.52,58.66,57.55,58.12,4578800,2026-03-03T03:46:24Z
HON,2008-03-05,36.37,36.77,35.94,36.17,6172947,59.02,59.66,58.32,58.7,3804200,2026-03-03T03:46:24Z
HON,2008-03-06,35.42,36.24,35.37,36.12,5977427,57.48,58.81,57.39,58.61,3683700,2026-03-03T03:46:24Z
HON,2008-03-07,34.86,35.42,34.62,35.15,7048703,56.56,57.47,56.18,57.03,4343900,2026-03-03T03:46:24Z
HON,2008-03-10,34.31,34.95,34.23,34.82,5361613,55.68,56.71,55.54,56.5,3304200,2026-03-03T03:46:24Z
HON,2008-03-11,35.1,35.14,34.29,34.76,7041084,56.96,57.02,55.64,56.41,4339200,2026-03-03T03:46:24Z
HON,2008-03-12,35.12,35.62,35.05,35.11,4859078,56.98,57.8,56.87,56.97,2994500,2026-03-03T03:46:24Z
HON,2008-03-13,34.94,35.25,34.13,34.57,8713882,56.7,57.2,55.38,56.09,5370100,2026-03-03T03:46:24Z
HON,2008-03-14,34.59,35.34,34.16,35.13,7999256,56.13,57.34,55.43,57,4929700,2026-03-03T03:46:24Z
HON,2008-03-17,34.03,34.61,33.68,34.17,14075487,55.22,56.16,54.65,55.44,8674300,2026-03-03T03:46:24Z
HON,2008-03-18,34.99,34.99,34.17,34.73,10533071,56.78,56.78,55.44,56.36,6491200,2026-03-03T03:46:24Z
HON,2008-03-19,33.96,35.51,33.96,35.12,8161048,55.11,57.62,55.11,56.98,5029400,2026-03-03T03:46:24Z
HON,2008-03-20,33.46,34.01,32.97,34.01,19090503,54.29,55.18,53.5,55.18,11764900,2026-03-03T03:46:24Z
HON,2008-03-24,33.9,34.12,33.44,33.57,6782435,55.01,55.36,54.26,54.47,4179800,2026-03-03T03:46:24Z
HON,2008-03-25,34.51,34.6,33.69,33.9,8780086,56,56.15,54.66,55,5410900,2026-03-03T03:46:24Z
HON,2008-03-26,34.28,34.55,34.11,34.34,6806772,55.63,56.06,55.35,55.73,4194800,2026-03-03T03:46:24Z
HON,2008-03-27,33.89,34.38,33.86,34.3,10086018,55,55.79,54.94,55.65,6215700,2026-03-03T03:46:24Z
HON,2008-03-28,34.42,34.7,34,34.18,6997926,55.85,56.3,55.17,55.47,4312600,2026-03-03T03:46:24Z
HON,2008-03-31,34.77,35,34.34,34.34,7122698,56.42,56.79,55.72,55.72,4389500,2026-03-03T03:46:24Z
HON,2008-04-01,35.61,35.74,34.99,35.01,7818340,57.79,58,56.77,56.81,4818200,2026-03-03T03:46:24Z
HON,2008-04-02,35.52,35.85,35.37,35.58,6417484,57.63,58.17,57.4,57.74,3954900,2026-03-03T03:46:24Z
HON,2008-04-03,35.52,35.71,35.21,35.23,5983421,57.64,57.94,57.13,57.17,3687400,2026-03-03T03:46:24Z
HON,2008-04-04,35.91,36.05,35.13,35.13,8292481,58.27,58.5,57.01,57.01,5110400,2026-03-03T03:46:24Z
HON,2008-04-07,35.81,36.26,35.73,36.24,5582143,58.11,58.84,57.98,58.8,3440100,2026-03-03T03:46:24Z
HON,2008-04-08,35.24,35.59,35.05,35.59,6337168,57.19,57.75,56.88,57.75,3905400,2026-03-03T03:46:24Z
HON,2008-04-09,35.76,36.32,35.44,35.73,7117346,58.03,58.93,57.5,57.97,4386200,2026-03-03T03:46:24Z
HON,2008-04-10,36.24,36.55,35.44,35.89,8052656,58.8,59.31,57.5,58.24,4962600,2026-03-03T03:46:24Z
HON,2008-04-11,35.12,35.95,35.05,35.25,8808166,56.99,58.34,56.88,57.2,5428200,2026-03-03T03:46:24Z
HON,2008-04-14,34.74,35.25,34.51,35.18,9733073,56.37,57.2,55.99,57.09,5998200,2026-03-03T03:46:24Z
HON,2008-04-15,34.8,35.05,34.51,34.89,7725688,56.47,56.88,56,56.62,4761100,2026-03-03T03:46:24Z
HON,2008-04-16,35.67,35.74,34.73,35.03,7914393,57.88,57.99,56.35,56.84,4877400,2026-03-03T03:46:24Z
HON,2008-04-17,35.37,35.73,35.16,35.5,7203513,57.4,57.98,57.05,57.6,4439300,2026-03-03T03:46:24Z
HON,2008-04-18,37.59,37.78,36.36,36.85,15730639,60.99,61.31,59,59.79,9694300,2026-03-03T03:46:24Z
HON,2008-04-21,37.22,37.44,36.98,37.35,7927541,60.39,60.75,60.01,60.6,4885500,2026-03-03T03:46:24Z
HON,2008-04-22,36.6,37.28,36.24,36.99,7009279,59.39,60.49,58.8,60.02,4319600,2026-03-03T03:46:24Z
HON,2008-04-23,36.24,36.82,35.95,36.67,6881402,58.81,59.74,58.33,59.5,4240800,2026-03-03T03:46:24Z
HON,2008-04-24,37.17,37.4,36,36.24,8789010,60.31,60.69,58.41,58.81,5416400,2026-03-03T03:46:24Z
HON,2008-04-25,37.28,37.56,36.85,37.42,6033564,60.49,60.95,59.8,60.72,3718300,2026-03-03T03:46:24Z
HON,2008-04-28,37.26,37.59,37.09,37.43,6761333,60.46,61,60.18,60.73,4166800,2026-03-03T03:46:24Z
HON,2008-04-29,36.89,37.14,36.52,37.14,5328836,59.86,60.26,59.26,60.26,3284000,2026-03-03T03:46:24Z
HON,2008-04-30,36.61,37.43,36.54,36.89,6200044,59.4,60.73,59.29,59.86,3820900,2026-03-03T03:46:24Z
HON,2008-05-01,37.39,37.41,36.5,36.61,6575208,60.67,60.7,59.23,59.41,4052100,2026-03-03T03:46:24Z
HON,2008-05-02,37.36,38.18,36.75,37.76,6993371,60.63,61.95,59.64,61.27,4309800,2026-03-03T03:46:24Z
HON,2008-05-05,37.34,37.43,36.99,37.33,4079544,60.59,60.74,60.02,60.57,2514100,2026-03-03T03:46:24Z
HON,2008-05-06,37.47,37.55,36.94,37.3,4320024,60.8,60.93,59.94,60.52,2662300,2026-03-03T03:46:24Z
HON,2008-05-07,36.35,37.53,36.25,37.53,6554926,58.99,60.9,58.82,60.9,4039600,2026-03-03T03:46:24Z
HON,2008-05-08,36.58,36.7,36.22,36.35,6255876,59.36,59.56,58.77,58.99,3855300,2026-03-03T03:46:24Z
HON,2008-05-09,36.72,36.93,35.97,36.08,5095012,59.59,59.92,58.37,58.55,3139900,2026-03-03T03:46:24Z
HON,2008-05-12,36.96,37.06,36.29,36.75,4883096,59.98,60.14,58.88,59.63,3009300,2026-03-03T03:46:24Z
HON,2008-05-13,37.49,37.53,37.09,37.13,6333930,60.83,60.9,60.18,60.25,3903400,2026-03-03T03:46:24Z
HON,2008-05-14,38.2,38.65,37.58,37.59,8127618,61.99,62.71,60.98,61,5008800,2026-03-03T03:46:24Z
HON,2008-05-15,38.47,38.61,37.89,38.57,8016457,62.43,62.65,61.49,62.59,4940300,2026-03-03T03:46:24Z
HON,2008-05-16,38.26,38.77,38.07,38.77,5796002,61.81,62.64,61.51,62.64,3587700,2026-03-03T03:46:24Z
HON,2008-05-19,38.53,38.99,38.1,38.54,5561585,62.25,62.99,61.55,62.26,3442600,2026-03-03T03:46:24Z
HON,2008-05-20,38.02,38.42,37.87,38.42,4761748,61.42,62.07,61.18,62.07,2947500,2026-03-03T03:46:24Z
HON,2008-05-21,37.21,38.43,37.15,38.16,6224281,60.12,62.09,60.01,61.65,3852800,2026-03-03T03:46:24Z
HON,2008-05-22,36.75,37.29,36.63,37.17,5172418,59.37,60.25,59.18,60.05,3201700,2026-03-03T03:46:24Z
HON,2008-05-23,36.37,36.65,36.22,36.65,4357059,58.76,59.21,58.52,59.21,2697000,2026-03-03T03:46:24Z
HON,2008-05-27,36.6,36.86,36.11,36.34,3451397,59.13,59.55,58.34,58.7,2136400,2026-03-03T03:46:24Z
HON,2008-05-28,36.66,37.19,36.51,36.79,5640917,59.23,60.08,58.99,59.44,3491700,2026-03-03T03:46:24Z
HON,2008-05-29,36.73,37.15,36.27,36.87,3900351,59.33,60.01,58.6,59.57,2414300,2026-03-03T03:46:24Z
HON,2008-05-30,36.9,37.15,36.63,36.77,5221204,59.62,60.02,59.18,59.4,3231900,2026-03-03T03:46:24Z
HON,2008-06-02,36.09,36.84,35.72,36.84,6001982,58.31,59.52,57.71,59.51,3715200,2026-03-03T03:46:24Z
HON,2008-06-03,35.37,36.27,34.86,36.12,8917357,57.14,58.59,56.32,58.35,5519800,2026-03-03T03:46:24Z
HON,2008-06-04,35.12,35.46,34.94,35.26,7391822,56.73,57.28,56.45,56.96,4575500,2026-03-03T03:46:24Z
HON,2008-06-05,35.1,35.52,34.71,35.4,7602956,56.7,57.39,56.08,57.19,4706200,2026-03-03T03:46:24Z
HON,2008-06-06,33.43,34.82,33.43,34.82,11716250,54.01,56.25,54.01,56.25,7252300,2026-03-03T03:46:24Z
HON,2008-06-09,33.91,34.36,33.58,33.62,10656290,54.79,55.51,54.25,54.31,6596200,2026-03-03T03:46:24Z
HON,2008-06-10,33.7,34.11,33.43,33.74,9049828,54.44,55.1,54.01,54.51,5601800,2026-03-03T03:46:24Z
HON,2008-06-11,33.59,34.29,33.5,33.7,6433651,54.26,55.4,54.12,54.44,3982400,2026-03-03T03:46:24Z
HON,2008-06-12,34.43,35.12,33.85,33.85,10457920,55.62,56.73,54.69,54.69,6473400,2026-03-03T03:46:24Z
HON,2008-06-13,34.97,35.21,34.6,34.7,8003932,56.49,56.88,55.89,56.05,4954400,2026-03-03T03:46:24Z
HON,2008-06-16,34.78,35.02,34.48,34.84,6041072,56.18,56.58,55.71,56.28,3739400,2026-03-03T03:46:24Z
HON,2008-06-17,34.08,35.02,34.05,35.02,6531387,55.06,56.58,55.01,56.58,4042900,2026-03-03T03:46:24Z
HON,2008-06-18,33.81,34.06,33.61,33.85,6721541,54.62,55.02,54.3,54.68,4160600,2026-03-03T03:46:24Z
HON,2008-06-19,34.26,34.42,33.64,33.67,6403441,55.35,55.6,54.34,54.4,3963700,2026-03-03T03:46:24Z
HON,2008-06-20,33.55,34.17,33.38,34.11,9602485,54.2,55.21,53.92,55.11,5943900,2026-03-03T03:46:24Z
HON,2008-06-23,34.04,34.12,33.57,33.83,6282757,54.99,55.12,54.24,54.65,3889000,2026-03-03T03:46:24Z
HON,2008-06-24,33.68,34.08,33.55,33.93,5506817,54.41,55.05,54.2,54.82,3408700,2026-03-03T03:46:24Z
HON,2008-06-25,31.88,33.74,31.69,33.68,19398665,51.5,54.51,51.2,54.41,12007700,2026-03-03T03:46:24Z
HON,2008-06-26,30.42,31.62,30.25,31.59,17495573,49.14,51.09,48.87,51.03,10829700,2026-03-03T03:46:24Z
HON,2008-06-27,30.47,30.71,29.98,30.39,16839998,49.23,49.61,48.43,49.1,10423900,2026-03-03T03:46:24Z
HON,2008-06-30,31.12,31.43,30.18,30.49,15660219,50.28,50.78,48.75,49.26,9693600,2026-03-03T03:46:24Z
HON,2008-07-01,31.48,31.66,30.5,30.71,14225624,50.86,51.15,49.28,49.61,8805600,2026-03-03T03:46:24Z
HON,2008-07-02,30.71,31.8,30.71,31.8,11727079,49.62,51.37,49.62,51.37,7259000,2026-03-03T03:46:24Z
HON,2008-07-03,31.14,31.6,30.86,30.91,7946419,50.31,51.05,49.85,49.94,4918800,2026-03-03T03:46:24Z
HON,2008-07-07,31.31,31.94,30.89,31.22,11544835,50.58,51.6,49.9,50.43,7146200,2026-03-03T03:46:24Z
HON,2008-07-08,31.86,31.88,31.03,31.03,9066623,51.47,51.51,50.13,50.13,5612200,2026-03-03T03:46:24Z
HON,2008-07-09,30.91,32,30.91,31.8,7363695,49.93,51.69,49.93,51.37,4558100,2026-03-03T03:46:24Z
HON,2008-07-10,31.72,31.76,30.64,30.94,11756447,51.25,51.31,49.5,49.99,7277200,2026-03-03T03:46:24Z
HON,2008-07-11,30.52,31.5,30.18,31.28,13050818,49.31,50.89,48.75,50.54,8078400,2026-03-03T03:46:24Z
HON,2008-07-14,30.63,31.53,30.19,30.83,8968069,49.48,50.93,48.77,49.81,5551200,2026-03-03T03:46:24Z
HON,2008-07-15,29.61,30.32,28.89,30.32,12164368,47.84,48.99,46.67,48.99,7529700,2026-03-03T03:46:24Z
HON,2008-07-16,30.58,30.58,29.3,29.59,7563058,49.4,49.4,47.33,47.81,4681500,2026-03-03T03:46:24Z
HON,2008-07-17,31.48,31.82,30.9,31.05,13659868,50.86,51.4,49.92,50.16,8455400,2026-03-03T03:46:24Z
HON,2008-07-18,31.36,33.25,31.07,33.01,15115106,50.66,53.71,50.19,53.32,9356200,2026-03-03T03:46:24Z
HON,2008-07-21,30.85,31.69,30.35,31.69,13615428,49.84,51.19,49.03,51.19,8427900,2026-03-03T03:46:24Z
HON,2008-07-22,32.39,32.39,30.7,30.7,13892973,52.32,52.32,49.59,49.59,8599700,2026-03-03T03:46:24Z
HON,2008-07-23,32.64,32.67,31.94,32.29,10761933,52.73,52.78,51.6,52.17,6661600,2026-03-03T03:46:24Z
HON,2008-07-24,31.8,32.84,31.62,32.71,11151773,51.38,53.05,51.08,52.85,6902900,2026-03-03T03:46:24Z
HON,2008-07-25,31.47,32.02,31.31,31.88,12479070,50.84,51.73,50.58,51.51,7724500,2026-03-03T03:46:24Z
HON,2008-07-28,30.97,31.49,30.73,31.45,10660671,50.03,50.88,49.64,50.8,6598900,2026-03-03T03:46:24Z
HON,2008-07-29,31.9,31.9,30.99,31.06,7795864,51.53,51.54,50.06,50.18,4825600,2026-03-03T03:46:24Z
HON,2008-07-30,32.45,32.47,31.77,32.17,8109418,52.43,52.46,51.33,51.98,5019700,2026-03-03T03:46:24Z
HON,2008-07-31,31.47,32.47,31.41,32.26,10067909,50.84,52.45,50.74,52.12,6232000,2026-03-03T03:46:24Z
HON,2008-08-01,31.57,32.05,31.26,31.65,7626379,51,51.78,50.5,51.13,4720700,2026-03-03T03:46:24Z
HON,2008-08-04,31.3,31.62,30.88,31.62,5858040,50.56,51.08,49.88,51.08,3626100,2026-03-03T03:46:24Z
HON,2008-08-05,31.92,32.02,31.45,31.49,7482923,51.57,51.73,50.8,50.87,4631900,2026-03-03T03:46:24Z
HON,2008-08-06,31.72,31.93,31.29,31.87,6748179,51.25,51.59,50.55,51.48,4177100,2026-03-03T03:46:24Z
HON,2008-08-07,30.91,31.42,30.84,31.41,6583238,49.93,50.76,49.83,50.75,4075000,2026-03-03T03:46:24Z
HON,2008-08-08,31.77,31.82,30.66,30.95,6586952,51.32,51.41,49.53,50,4077300,2026-03-03T03:46:24Z
HON,2008-08-11,31.92,32.39,31.48,31.61,6635266,51.56,52.32,50.86,51.06,4107200,2026-03-03T03:46:24Z
HON,2008-08-12,31.79,32.13,31.66,31.88,5583560,51.36,51.9,51.14,51.5,3456200,2026-03-03T03:46:24Z
HON,2008-08-13,31.49,31.72,30.96,31.7,5268049,50.88,51.25,50.01,51.21,3260900,2026-03-03T03:46:24Z
HON,2008-08-14,31.44,31.79,30.93,31.22,5224267,50.79,51.35,49.97,50.43,3233800,2026-03-03T03:46:24Z
HON,2008-08-15,31.53,31.83,31.26,31.49,5373538,50.93,51.42,50.5,50.87,3326200,2026-03-03T03:46:24Z
HON,2008-08-18,31.16,31.82,30.94,31.73,5371046,50.06,51.13,49.72,50.98,3342700,2026-03-03T03:46:24Z
HON,2008-08-19,30.53,31.11,30.3,31.11,7074722,49.06,49.99,48.68,49.99,4403000,2026-03-03T03:46:24Z
HON,2008-08-20,30.18,30.56,29.75,30.54,5329096,48.49,49.11,47.81,49.07,3316600,2026-03-03T03:46:24Z
HON,2008-08-21,30.34,30.47,29.67,29.9,5477568,48.75,48.96,47.67,48.04,3409000,2026-03-03T03:46:24Z
HON,2008-08-22,30.99,31.09,30.37,30.4,4569733,49.8,49.96,48.8,48.84,2844000,2026-03-03T03:46:24Z
HON,2008-08-25,30.22,30.94,30.02,30.68,4494532,48.55,49.71,48.24,49.3,2797200,2026-03-03T03:46:24Z
HON,2008-08-26,30.46,30.51,29.97,30.42,4248371,48.94,49.02,48.15,48.88,2644000,2026-03-03T03:46:24Z
HON,2008-08-27,30.58,30.73,30.18,30.45,4315533,49.14,49.37,48.5,48.92,2685800,2026-03-03T03:46:24Z
HON,2008-08-28,31.32,31.74,30.64,30.77,6119800,50.32,51,49.24,49.44,3808700,2026-03-03T03:46:24Z
HON,2008-08-29,31.22,31.44,31.02,31.24,5436600,50.17,50.52,49.84,50.2,3383500,2026-03-03T03:46:24Z
HON,2008-09-02,31.24,32.36,31.06,31.54,6999526,50.2,51.99,49.9,50.67,4356200,2026-03-03T03:46:24Z
HON,2008-09-03,30.59,31.45,30.34,31.45,6778431,49.15,50.53,48.75,50.53,4218600,2026-03-03T03:46:24Z
HON,2008-09-04,29.87,30.35,29.81,30.35,11807541,47.99,48.76,47.9,48.76,7348500,2026-03-03T03:46:24Z
HON,2008-09-05,29.7,29.92,29.21,29.86,9007209,47.72,48.07,46.93,47.98,5605700,2026-03-03T03:46:24Z
HON,2008-09-08,30.25,30.86,29.87,30.36,10981344,48.6,49.58,47.99,48.78,6834300,2026-03-03T03:46:24Z
HON,2008-09-09,29.35,30.95,29.26,30.59,11452621,47.16,49.73,47.02,49.16,7127600,2026-03-03T03:46:24Z
HON,2008-09-10,29.6,29.84,29.21,29.61,10078488,47.56,47.95,46.93,47.57,6272400,2026-03-03T03:46:24Z
HON,2008-09-11,29.64,29.64,29.06,29.35,10137138,47.63,47.63,46.69,47.16,6308900,2026-03-03T03:46:24Z
HON,2008-09-12,29.59,29.67,29.26,29.41,6979775,47.55,47.67,47.01,47.26,4343900,2026-03-03T03:46:24Z
HON,2008-09-15,28.58,29.24,28.48,28.91,13138468,45.92,46.99,45.77,46.46,8176800,2026-03-03T03:46:24Z
HON,2008-09-16,28.6,28.75,27.91,28.25,11684303,45.95,46.19,44.84,45.4,7271800,2026-03-03T03:46:24Z
HON,2008-09-17,27.25,28.06,26.83,28.04,14711812,43.78,45.08,43.11,45.06,9156000,2026-03-03T03:46:24Z
HON,2008-09-18,27.41,27.65,25.82,27.63,19219852,44.04,44.43,41.49,44.4,11961600,2026-03-03T03:46:24Z
HON,2008-09-19,28.21,29.19,27.73,28.64,13124464,45.32,46.9,44.55,46.01,8168100,2026-03-03T03:46:24Z
HON,2008-09-22,27.13,27.93,26.96,27.93,10035267,43.6,44.88,43.32,44.88,6245500,2026-03-03T03:46:24Z
HON,2008-09-23,26.87,27.84,26.67,27.15,10005366,43.18,44.74,42.85,43.63,6226900,2026-03-03T03:46:24Z
HON,2008-09-24,26.24,27.24,26.08,26.89,9162455,42.17,43.77,41.91,43.21,5702300,2026-03-03T03:46:24Z
HON,2008-09-25,26.98,27.2,26.3,26.43,11990249,43.35,43.7,42.26,42.47,7462200,2026-03-03T03:46:24Z
HON,2008-09-26,27.49,27.63,26.2,26.46,9973214,44.17,44.39,42.1,42.52,6206900,2026-03-03T03:46:24Z
HON,2008-09-29,25.12,27.17,24.44,27.02,15852989,40.37,43.66,39.27,43.41,9866200,2026-03-03T03:46:24Z
HON,2008-09-30,25.86,25.9,24.77,25.86,11809149,41.55,41.62,39.8,41.55,7349500,2026-03-03T03:46:24Z
HON,2008-10-01,24.7,25.63,24.33,25.37,16633572,39.68,41.18,39.1,40.76,10352000,2026-03-03T03:46:24Z
HON,2008-10-02,23.72,24.68,23.65,24.52,13621445,38.11,39.65,38,39.4,8477400,2026-03-03T03:46:24Z
HON,2008-10-03,23.55,24.84,23.42,24.35,10906798,37.84,39.92,37.63,39.12,6787900,2026-03-03T03:46:24Z
HON,2008-10-06,22.36,23.01,21.57,22.68,18668923,35.92,36.97,34.66,36.44,11618700,2026-03-03T03:46:24Z
HON,2008-10-07,21.75,23.15,21.53,22.41,14812933,34.95,37.2,34.59,36,9218900,2026-03-03T03:46:24Z
HON,2008-10-08,21.21,22.39,20.79,21.22,19037626,34.08,35.98,33.41,34.09,11848200,2026-03-03T03:46:24Z
HON,2008-10-09,19.54,22.34,19.06,21.91,20098732,31.39,35.9,30.63,35.2,12508600,2026-03-03T03:46:24Z
HON,2008-10-10,19.04,20.07,16.19,18.22,27100374,30.6,32.25,26.01,29.28,16866100,2026-03-03T03:46:24Z
HON,2008-10-13,20.81,20.96,19.61,20.19,14818555,33.43,33.68,31.51,32.44,9222400,2026-03-03T03:46:24Z
HON,2008-10-14,19.98,22.15,19.73,21.96,15768639,32.1,35.59,31.7,35.28,9813700,2026-03-03T03:46:24Z
HON,2008-10-15,18.1,20.14,17.84,19.49,19745009,29.08,32.36,28.67,31.31,12288400,2026-03-03T03:46:24Z
HON,2008-10-16,19.25,19.47,17.46,18.22,17801585,30.93,31.28,28.05,29.28,11078900,2026-03-03T03:46:24Z
HON,2008-10-17,18.28,19.19,17.3,18.61,26451850,29.37,30.83,27.8,29.9,16462500,2026-03-03T03:46:24Z
HON,2008-10-20,18.5,18.89,17.73,18.41,14285229,29.72,30.35,28.49,29.58,8890500,2026-03-03T03:46:24Z
HON,2008-10-21,17.95,18.71,17.78,18.18,12617846,28.85,30.07,28.57,29.22,7852800,2026-03-03T03:46:24Z
HON,2008-10-22,17.33,17.92,16.84,17.79,13606861,27.85,28.79,27.05,28.59,8468300,2026-03-03T03:46:24Z
HON,2008-10-23,17.97,18.44,16.95,17.4,18444861,28.88,29.63,27.23,27.96,11479300,2026-03-03T03:46:24Z
HON,2008-10-24,16.9,17.69,16.36,16.57,12702186,27.16,28.42,26.29,26.63,7905300,2026-03-03T03:46:24Z
HON,2008-10-27,16.32,17.36,16.29,16.64,12904705,26.22,27.9,26.17,26.74,8031300,2026-03-03T03:46:24Z
HON,2008-10-28,18.23,18.3,16.19,16.88,14750579,29.3,29.41,26.01,27.12,9180100,2026-03-03T03:46:24Z
HON,2008-10-29,18.08,19.08,17.84,17.94,12116837,29.05,30.66,28.66,28.82,7541000,2026-03-03T03:46:24Z
HON,2008-10-30,18.75,19.34,18.26,18.86,12026054,30.13,31.07,29.34,30.3,7484500,2026-03-03T03:46:24Z
HON,2008-10-31,18.95,19.09,18.38,18.58,13074048,30.45,30.68,29.54,29.85,8136700,2026-03-03T03:46:24Z
HON,2008-11-03,19.24,19.35,18.67,18.93,6816851,30.91,31.09,30,30.41,4242500,2026-03-03T03:46:24Z
HON,2008-11-04,20.41,20.54,19.43,19.64,12727590,32.8,33,31.22,31.55,7921100,2026-03-03T03:46:24Z
HON,2008-11-05,19.29,20.6,19.14,20.06,9736218,30.99,33.1,30.75,32.23,6059400,2026-03-03T03:46:24Z
HON,2008-11-06,17.58,19.42,17.41,18.92,12902602,28.24,31.2,27.97,30.4,8030000,2026-03-03T03:46:24Z
HON,2008-11-07,18.27,18.33,17.54,17.74,8519062,29.36,29.45,28.19,28.51,5301900,2026-03-03T03:46:24Z
HON,2008-11-10,18.01,18.84,17.74,18.61,6140213,28.94,30.28,28.5,29.91,3821400,2026-03-03T03:46:24Z
HON,2008-11-11,17.04,17.8,16.73,17.77,10092784,27.38,28.6,26.89,28.56,6281300,2026-03-03T03:46:24Z
HON,2008-11-12,16.63,17.06,16.5,16.95,11001756,26.72,27.41,26.51,27.24,6847000,2026-03-03T03:46:24Z
HON,2008-11-13,17.92,18.02,15.85,16.79,15194555,28.79,28.95,25.46,26.98,9456400,2026-03-03T03:46:24Z
HON,2008-11-14,17.02,17.93,16.85,17.61,11050778,27.35,28.81,27.07,28.3,6877500,2026-03-03T03:46:24Z
HON,2008-11-17,16.37,17.02,16.24,16.8,8132812,26.31,27.34,26.09,27,5061500,2026-03-03T03:46:24Z
HON,2008-11-18,16.59,17.02,16.08,16.48,12546213,26.38,27.06,25.57,26.2,7890700,2026-03-03T03:46:24Z
HON,2008-11-19,15.33,16.96,15.26,16.6,11727229,24.38,26.96,24.26,26.4,7375600,2026-03-03T03:46:24Z
HON,2008-11-20,14.89,16.23,14.69,15.09,16228335,23.67,25.8,23.36,24,10206500,2026-03-03T03:46:24Z
HON,2008-11-21,15.96,16.03,14.62,14.72,13863108,25.38,25.49,23.24,23.4,8718900,2026-03-03T03:46:24Z
HON,2008-11-24,16.47,16.84,15.74,16.11,15166595,26.19,26.78,25.02,25.62,9538700,2026-03-03T03:46:24Z
HON,2008-11-25,16.28,16.96,15.76,16.82,11790829,25.88,26.96,25.06,26.74,7415600,2026-03-03T03:46:24Z
HON,2008-11-26,17.03,17.11,15.57,16.07,9465288,27.07,27.2,24.76,25.56,5953000,2026-03-03T03:46:24Z
HON,2008-11-28,17.52,17.52,16.95,16.95,3366507,27.86,27.86,26.95,26.95,2117300,2026-03-03T03:46:24Z
HON,2008-12-01,16.35,17.44,16.26,17.41,9611570,25.99,27.73,25.86,27.69,6045000,2026-03-03T03:46:24Z
HON,2008-12-02,16.72,16.77,16.17,16.54,9301537,26.59,26.67,25.71,26.3,5850000,2026-03-03T03:46:24Z
HON,2008-12-03,16.67,16.83,15.83,16.5,10638415,26.5,26.76,25.17,26.24,6690800,2026-03-03T03:46:24Z
HON,2008-12-04,16.03,16.7,15.72,16.33,8249731,25.48,26.56,25,25.96,5188500,2026-03-03T03:46:24Z
HON,2008-12-05,16.69,16.76,15.38,15.77,10318624,26.54,26.65,24.45,25.07,6489700,2026-03-03T03:46:24Z
HON,2008-12-08,17.11,17.5,16.64,17.13,14187888,27.21,27.82,26.46,27.23,8923200,2026-03-03T03:46:24Z
HON,2008-12-09,17.41,17.77,16.79,16.98,16220384,27.68,28.25,26.7,27,10201500,2026-03-03T03:46:24Z
HON,2008-12-10,18.18,18.73,17.62,17.64,15268293,28.91,29.78,28.02,28.05,9602700,2026-03-03T03:46:24Z
HON,2008-12-11,17.93,18.67,17.84,18.18,13980552,28.51,29.68,28.37,28.91,8792800,2026-03-03T03:46:24Z
HON,2008-12-12,18.21,18.4,17.01,17.57,19363214,28.95,29.26,27.05,27.94,12178100,2026-03-03T03:46:24Z
HON,2008-12-15,19.36,20.04,18.91,18.94,24218485,30.78,31.86,30.07,30.11,15231700,2026-03-03T03:46:24Z
HON,2008-12-16,20.63,20.86,19.39,19.51,17814547,32.8,33.17,30.83,31.02,11204100,2026-03-03T03:46:24Z
HON,2008-12-17,20.64,20.92,20.13,20.44,11722611,32.82,33.27,32,32.5,7372700,2026-03-03T03:46:24Z
HON,2008-12-18,20.58,20.97,20.25,20.72,15783930,32.72,33.34,32.2,32.94,9927000,2026-03-03T03:46:24Z
HON,2008-12-19,20.56,21.38,20.43,21.04,16001308,32.69,34,32.49,33.46,10063700,2026-03-03T03:46:24Z
HON,2008-12-22,20.06,20.62,19.63,20.62,10042791,31.9,32.78,31.21,32.78,6316200,2026-03-03T03:46:24Z
HON,2008-12-23,19.94,20.15,19.49,19.89,9664338,31.71,32.04,30.99,31.62,6078200,2026-03-03T03:46:24Z
HON,2008-12-24,20.03,20.13,19.81,20.01,2357496,31.84,32.01,31.5,31.81,1482700,2026-03-03T03:46:24Z
HON,2008-12-26,20.11,20.28,19.73,20.13,3246785,31.97,32.25,31.37,32.01,2042000,2026-03-03T03:46:24Z
HON,2008-12-29,19.63,19.65,19.28,19.65,6664495,31.21,31.25,30.65,31.25,4191500,2026-03-03T03:46:24Z
HON,2008-12-30,20.5,20.52,19.72,19.73,6350798,32.59,32.63,31.36,31.37,3994200,2026-03-03T03:46:24Z
HON,2008-12-31,20.65,20.94,20.5,20.51,7750931,32.83,33.3,32.59,32.61,4874800,2026-03-03T03:46:24Z
HON,2009-01-02,21.8,21.92,20.45,20.71,8143038,34.66,34.85,32.52,32.93,5121400,2026-03-03T03:46:24Z
HON,2009-01-05,21.69,21.81,21.38,21.68,11105850,34.48,34.68,34,34.47,6984800,2026-03-03T03:46:24Z
HON,2009-01-06,22.67,22.89,21.9,21.9,11460276,36.04,36.4,34.82,34.82,7207700,2026-03-03T03:46:24Z
HON,2009-01-07,21.67,22.4,21.5,22.4,9060802,34.45,35.62,34.18,35.62,5698600,2026-03-03T03:46:24Z
HON,2009-01-08,21.76,21.76,21.26,21.52,6932399,34.6,34.6,33.8,34.22,4360000,2026-03-03T03:46:24Z
HON,2009-01-09,21.47,21.99,21.14,21.99,8815464,34.14,34.96,33.61,34.96,5544300,2026-03-03T03:46:24Z
HON,2009-01-12,21.24,21.47,21.01,21.38,6866574,33.77,34.14,33.4,33.99,4318600,2026-03-03T03:46:24Z
HON,2009-01-13,20.99,21.37,20.66,21.2,8132704,33.38,33.98,32.85,33.7,5114900,2026-03-03T03:46:24Z
HON,2009-01-14,20.13,20.84,19.93,20.75,9653208,32,33.14,31.69,33,6071200,2026-03-03T03:46:24Z
HON,2009-01-15,20.52,20.64,19.65,20.18,10683687,32.63,32.82,31.25,32.08,6719300,2026-03-03T03:46:24Z
HON,2009-01-16,20.72,20.88,20.27,20.8,11339403,32.94,33.2,32.23,33.07,7131700,2026-03-03T03:46:24Z
HON,2009-01-20,19.83,21.04,19.8,20.64,10880052,31.53,33.46,31.49,32.81,6842800,2026-03-03T03:46:24Z
HON,2009-01-21,20.37,20.47,19.61,20.14,8634523,32.39,32.55,31.18,32.03,5430500,2026-03-03T03:46:24Z
HON,2009-01-22,20.11,20.35,19.67,20.13,10566679,31.97,32.35,31.28,32.01,6645700,2026-03-03T03:46:24Z
HON,2009-01-23,20.26,20.47,19.48,19.54,8923269,32.21,32.55,30.98,31.07,5612100,2026-03-03T03:46:24Z
HON,2009-01-26,20.87,20.97,20.09,20.26,13881993,33.18,33.34,31.94,32.22,8730800,2026-03-03T03:46:24Z
HON,2009-01-27,21.33,21.46,20.84,20.98,10391477,33.91,34.13,33.13,33.36,6535500,2026-03-03T03:46:24Z
HON,2009-01-28,21.83,22.16,21.59,21.69,10814385,34.71,35.24,34.32,34.48,6801500,2026-03-03T03:46:24Z
HON,2009-01-29,20.55,21.77,20.45,21.59,14399358,32.67,34.61,32.52,34.32,9056200,2026-03-03T03:46:24Z
HON,2009-01-30,20.64,21.54,20.33,20.58,12966767,32.81,34.24,32.32,32.72,8155200,2026-03-03T03:46:24Z
HON,2009-02-02,20.02,20.42,19.72,20.33,11531353,31.83,32.47,31.35,32.32,7252400,2026-03-03T03:46:24Z
HON,2009-02-03,19.93,20.18,19.51,20.17,13341213,31.69,32.08,31.02,32.07,8390700,2026-03-03T03:46:24Z
HON,2009-02-04,20.35,20.95,19.96,19.96,12025825,32.35,33.31,31.73,31.73,7563400,2026-03-03T03:46:24Z
HON,2009-02-05,20.45,20.69,19.64,19.7,11481707,32.52,32.9,31.22,31.33,7221200,2026-03-03T03:46:24Z
HON,2009-02-06,21.03,21.16,20.52,20.7,11967649,33.44,33.65,32.63,32.92,7526800,2026-03-03T03:46:24Z
HON,2009-02-09,21.1,21.18,20.7,21.06,7372830,33.55,33.68,32.91,33.48,4637000,2026-03-03T03:46:24Z
HON,2009-02-10,20.11,21.2,19.96,20.86,11282500,31.97,33.7,31.74,33.17,7095900,2026-03-03T03:46:24Z
HON,2009-02-11,20.25,21.09,19.94,20.96,8322247,32.19,33.54,31.7,33.33,5234100,2026-03-03T03:46:24Z
HON,2009-02-12,20.04,20.07,19.37,19.93,11011225,31.87,31.92,30.8,31.69,6925300,2026-03-03T03:46:24Z
HON,2009-02-13,20.79,21.1,20.01,20.12,13146957,33.06,33.55,31.81,31.99,8268500,2026-03-03T03:46:24Z
HON,2009-02-17,19.65,20.38,19.59,20.27,11651200,31.24,32.41,31.14,32.23,7327800,2026-03-03T03:46:24Z
HON,2009-02-18,19.24,19.94,19.08,19.94,11509725,30.29,31.4,30.04,31.4,7309600,2026-03-03T03:46:24Z
HON,2009-02-19,19.2,19.64,19.14,19.4,12515424,30.23,30.92,30.14,30.55,7948300,2026-03-03T03:46:24Z
HON,2009-02-20,18.32,18.91,18.02,18.91,15802082,28.84,29.78,28.38,29.78,10035600,2026-03-03T03:46:24Z
HON,2009-02-23,17.62,18.63,17.57,18.56,18691043,27.74,29.34,27.66,29.22,11870300,2026-03-03T03:46:24Z
HON,2009-02-24,18.26,18.52,17.48,17.65,17602372,28.75,29.16,27.53,27.79,11178900,2026-03-03T03:46:24Z
HON,2009-02-25,17.95,18.41,17.83,18.41,12987953,28.26,28.98,28.08,28.98,8248400,2026-03-03T03:46:24Z
HON,2009-02-26,17.5,18.3,17.43,18.3,10455378,27.56,28.82,27.45,28.82,6640000,2026-03-03T03:46:24Z
HON,2009-02-27,17.04,17.64,17.01,17.2,14795601,26.83,27.78,26.78,27.08,9396400,2026-03-03T03:46:24Z
HON,2009-03-02,15.85,16.8,15.74,16.73,14266092,24.96,26.46,24.78,26.34,9060100,2026-03-03T03:46:24Z
HON,2009-03-03,15.69,16.21,15.63,16.04,12625169,24.7,25.53,24.61,25.26,8018000,2026-03-03T03:46:24Z
HON,2009-03-04,16.11,16.39,15.82,16.1,12028412,25.36,25.81,24.91,25.35,7639000,2026-03-03T03:46:24Z
HON,2009-03-05,15.18,15.79,15.04,15.76,11563155,23.91,24.87,23.69,24.81,7343500,2026-03-03T03:46:24Z
HON,2009-03-06,14.99,15.65,14.64,15.25,16945605,23.6,24.65,23.06,24.01,10761800,2026-03-03T03:46:24Z
HON,2009-03-09,14.75,15.32,14.67,14.85,10244702,23.23,24.12,23.1,23.38,6506200,2026-03-03T03:46:24Z
HON,2009-03-10,16.15,16.16,15.07,15.07,17935858,25.43,25.45,23.73,23.73,11390700,2026-03-03T03:46:24Z
HON,2009-03-11,16.93,17.15,16.02,16.02,16536975,26.66,27.01,25.23,25.23,10502300,2026-03-03T03:46:24Z
HON,2009-03-12,17.36,17.38,16.54,16.92,12203674,27.33,27.37,26.04,26.64,7750300,2026-03-03T03:46:24Z
HON,2009-03-13,17.1,17.52,16.58,17.52,10068041,26.93,27.58,26.1,27.58,6394000,2026-03-03T03:46:24Z
HON,2009-03-16,17.19,17.73,17.15,17.24,8395666,27.06,27.92,27.01,27.14,5331900,2026-03-03T03:46:24Z
HON,2009-03-17,17.5,17.5,16.94,17.17,6420295,27.56,27.56,26.68,27.04,4077400,2026-03-03T03:46:24Z
HON,2009-03-18,18,18.03,17.02,17.48,13308267,28.35,28.39,26.8,27.52,8451800,2026-03-03T03:46:24Z
HON,2009-03-19,17.8,18.21,17.72,18.21,8704885,28.03,28.68,27.9,28.67,5528300,2026-03-03T03:46:24Z
HON,2009-03-20,17.12,17.93,16.97,17.85,13926580,26.95,28.23,26.72,28.1,8844500,2026-03-03T03:46:24Z
HON,2009-03-23,18.38,18.38,17.41,17.52,8236926,28.94,28.94,27.42,27.58,5231100,2026-03-03T03:46:24Z
HON,2009-03-24,18.38,18.68,18.1,18.21,9116816,28.94,29.41,28.5,28.68,5789900,2026-03-03T03:46:24Z
HON,2009-03-25,18.39,19.15,17.97,18.64,13443383,28.95,30.16,28.3,29.35,8537600,2026-03-03T03:46:24Z
HON,2009-03-26,19.32,19.32,18.48,18.63,10460585,30.42,30.42,29.1,29.33,6643300,2026-03-03T03:46:24Z
HON,2009-03-27,18.58,19.2,18.5,19.08,9453014,29.25,30.24,29.13,30.05,6003400,2026-03-03T03:46:24Z
HON,2009-03-30,17.66,18.23,17.46,18.23,11654147,27.81,28.71,27.5,28.71,7401300,2026-03-03T03:46:24Z
HON,2009-03-31,17.69,18.08,17.46,17.78,10748103,27.86,28.47,27.5,27.99,6825900,2026-03-03T03:46:24Z
HON,2009-04-01,17.98,18.11,17.43,17.62,11914551,28.31,28.52,27.44,27.74,7566700,2026-03-03T03:46:24Z
HON,2009-04-02,19.41,19.83,18.43,18.55,16083784,30.57,31.23,29.02,29.21,10214500,2026-03-03T03:46:24Z
HON,2009-04-03,19.18,19.68,18.93,19.39,9936721,30.2,30.98,29.81,30.53,6310600,2026-03-03T03:46:24Z
HON,2009-04-06,18.92,19.18,18.3,19.08,12696387,29.79,30.2,28.81,30.05,8063200,2026-03-03T03:46:24Z
HON,2009-04-07,18.6,19.05,18.35,18.73,11373691,29.29,30,28.89,29.5,7223200,2026-03-03T03:46:24Z
HON,2009-04-08,18.81,18.92,18.51,18.72,7356699,29.62,29.79,29.14,29.47,4672100,2026-03-03T03:46:24Z
HON,2009-04-09,19.71,19.76,19.08,19.08,10092571,31.04,31.11,30.05,30.05,6409600,2026-03-03T03:46:24Z
HON,2009-04-13,19.22,19.58,18.73,19.58,10455200,30.27,30.83,29.49,30.83,6639900,2026-03-03T03:46:24Z
HON,2009-04-14,19.19,19.47,18.88,19,7122397,30.21,30.66,29.73,29.91,4523300,2026-03-03T03:46:24Z
HON,2009-04-15,19.48,19.76,19.12,19.2,12672753,30.67,31.12,30.1,30.23,8048200,2026-03-03T03:46:24Z
HON,2009-04-16,20,20.15,19.4,19.64,7872566,31.49,31.73,30.55,30.93,4999700,2026-03-03T03:46:24Z
HON,2009-04-17,20,20.32,19.8,20.02,12055983,31.49,32,31.18,31.53,7656500,2026-03-03T03:46:24Z
HON,2009-04-20,18.92,19.89,18.89,19.69,9842565,29.79,31.32,29.75,31,6250800,2026-03-03T03:46:24Z
HON,2009-04-21,19.41,19.47,18.61,18.92,9676602,30.56,30.66,29.3,29.79,6145400,2026-03-03T03:46:24Z
HON,2009-04-22,20.13,20.63,19.17,19.43,14383047,31.69,32.48,30.19,30.59,9134400,2026-03-03T03:46:24Z
HON,2009-04-23,20.56,20.68,19.86,20.25,12502840,32.38,32.56,31.28,31.88,7940300,2026-03-03T03:46:24Z
HON,2009-04-24,19.97,20.32,19.31,20.02,26796702,31.45,32,30.4,31.52,17018000,2026-03-03T03:46:24Z
HON,2009-04-27,19.24,19.83,19.17,19.39,19454891,30.3,31.22,30.18,30.53,12355400,2026-03-03T03:46:24Z
HON,2009-04-28,18.69,19.05,18.63,19.05,12618750,29.43,30,29.34,30,8013900,2026-03-03T03:46:24Z
HON,2009-04-29,19.62,19.9,19.05,19.08,10894084,30.9,31.34,30,30.05,6918600,2026-03-03T03:46:24Z
HON,2009-04-30,19.82,20.34,19.64,20.06,12517665,31.21,32.02,30.92,31.58,7949700,2026-03-03T03:46:24Z
HON,2009-05-01,20.09,20.25,19.61,19.8,8388576,31.63,31.89,30.87,31.17,5327400,2026-03-03T03:46:24Z
HON,2009-05-04,20.02,20.49,19.83,20.37,17615940,31.52,32.27,31.23,32.07,11187500,2026-03-03T03:46:24Z
HON,2009-05-05,20.12,20.39,20,20.06,10646394,31.68,32.1,31.49,31.58,6761300,2026-03-03T03:46:24Z
HON,2009-05-06,21.26,21.32,20.48,20.83,18788317,33.48,33.57,32.25,32.8,11932100,2026-03-03T03:46:24Z
HON,2009-05-07,21.03,21.55,20.8,21.4,16363791,33.11,33.93,32.76,33.69,10392300,2026-03-03T03:46:24Z
HON,2009-05-08,22.05,22.17,21.14,21.34,13989145,34.72,34.91,33.28,33.6,8884200,2026-03-03T03:46:24Z
HON,2009-05-11,21.36,21.9,21.19,21.78,10697105,33.64,34.48,33.37,34.29,6793500,2026-03-03T03:46:24Z
HON,2009-05-12,21.03,21.52,20.7,21.43,10366742,33.11,33.89,32.6,33.75,6583700,2026-03-03T03:46:24Z
HON,2009-05-13,19.92,20.76,19.67,20.71,13292363,31.37,32.69,30.97,32.61,8441700,2026-03-03T03:46:24Z
HON,2009-05-14,20.27,20.47,19.89,19.92,7252804,31.92,32.23,31.32,31.37,4606100,2026-03-03T03:46:24Z
HON,2009-05-15,20.29,20.64,20.13,20.31,8585532,31.95,32.5,31.69,31.98,5452500,2026-03-03T03:46:24Z
HON,2009-05-18,21.16,21.18,20.57,20.65,9887685,33,33.03,32.09,32.21,6339500,2026-03-03T03:46:24Z
HON,2009-05-19,21.22,21.43,20.88,21.2,9036092,33.09,33.42,32.56,33.07,5793500,2026-03-03T03:46:24Z
HON,2009-05-20,21.19,21.64,21.13,21.41,8286662,33.05,33.76,32.96,33.39,5313000,2026-03-03T03:46:24Z
HON,2009-05-21,20.4,20.89,20.15,20.89,9138585,31.82,32.58,31.43,32.58,5859200,2026-03-03T03:46:24Z
HON,2009-05-22,20.58,20.91,20.35,20.41,6652889,32.1,32.61,31.74,31.83,4265500,2026-03-03T03:46:24Z
HON,2009-05-26,20.92,21.19,20.36,20.4,8322238,32.63,33.05,31.75,31.82,5335800,2026-03-03T03:46:24Z
HON,2009-05-27,20.56,21.16,20.5,20.87,7448171,32.06,33.01,31.98,32.55,4775400,2026-03-03T03:46:24Z
HON,2009-05-28,20.65,20.79,20.07,20.55,6410343,32.2,32.42,31.31,32.06,4110000,2026-03-03T03:46:24Z
HON,2009-05-29,21.26,21.3,20.7,20.82,8367629,33.16,33.22,32.29,32.48,5364900,2026-03-03T03:46:24Z
HON,2009-06-01,22.66,22.81,21.52,21.57,11952575,35.35,35.57,33.56,33.65,7663400,2026-03-03T03:46:24Z
HON,2009-06-02,22.56,22.81,22.18,22.64,10064398,35.19,35.58,34.6,35.31,6452800,2026-03-03T03:46:24Z
HON,2009-06-03,22.23,22.49,21.86,22.4,7703358,34.67,35.08,34.1,34.94,4939000,2026-03-03T03:46:24Z
HON,2009-06-04,22.75,22.8,22.13,22.23,6759105,35.48,35.56,34.52,34.67,4333600,2026-03-03T03:46:24Z
HON,2009-06-05,22.9,23.5,22.81,23.11,9828576,35.72,36.66,35.58,36.04,6301600,2026-03-03T03:46:24Z
HON,2009-06-08,22.87,23.08,22.5,22.9,7345703,35.67,36,35.09,35.72,4709700,2026-03-03T03:46:24Z
HON,2009-06-09,22.9,23.06,22.61,22.93,7627066,35.72,35.97,35.26,35.77,4890100,2026-03-03T03:46:24Z
HON,2009-06-10,22.82,23.2,22.49,23.06,7200198,35.6,36.18,35.08,35.96,4616400,2026-03-03T03:46:24Z
HON,2009-06-11,22.95,23.29,22.91,22.92,8546358,35.79,36.33,35.73,35.75,5479500,2026-03-03T03:46:24Z
HON,2009-06-12,22.7,22.87,22.47,22.82,6897620,35.41,35.67,35.05,35.6,4422400,2026-03-03T03:46:24Z
HON,2009-06-15,21.75,22.51,21.54,22.5,11452080,33.92,35.11,33.6,35.09,7342500,2026-03-03T03:46:24Z
HON,2009-06-16,21.26,21.9,21.09,21.84,12724959,33.16,34.16,32.89,34.06,8158600,2026-03-03T03:46:24Z
HON,2009-06-17,21.02,21.31,20.78,21.2,10161106,32.78,33.24,32.41,33.07,6514800,2026-03-03T03:46:24Z
HON,2009-06-18,21.15,21.28,20.68,21.07,9261960,32.98,33.19,32.25,32.86,5938300,2026-03-03T03:46:24Z
HON,2009-06-19,21.04,21.39,21,21.13,10614838,32.81,33.37,32.76,32.96,6805700,2026-03-03T03:46:24Z
HON,2009-06-22,20.25,20.88,20.21,20.88,8429716,31.58,32.57,31.53,32.57,5404700,2026-03-03T03:46:24Z
HON,2009-06-23,20.15,20.29,19.84,20.28,11210021,31.43,31.65,30.94,31.63,7187300,2026-03-03T03:46:24Z
HON,2009-06-24,19.9,20.59,19.75,20.32,12842225,31.04,32.11,30.81,31.69,8233800,2026-03-03T03:46:24Z
HON,2009-06-25,20.42,20.64,19.8,19.8,10912446,31.85,32.2,30.89,30.89,6996500,2026-03-03T03:46:24Z
HON,2009-06-26,20.37,20.73,20.3,20.43,7285983,31.77,32.34,31.67,31.86,4671400,2026-03-03T03:46:24Z
HON,2009-06-29,20.63,20.72,20.23,20.46,7440541,32.18,32.32,31.56,31.91,4770500,2026-03-03T03:46:24Z
HON,2009-06-30,20.13,20.71,20.01,20.71,7219053,31.4,32.3,31.21,32.3,4628500,2026-03-03T03:46:24Z
HON,2009-07-01,20.43,20.61,20.12,20.25,8047117,31.86,32.14,31.38,31.59,5159400,2026-03-03T03:46:24Z
HON,2009-07-02,19.75,20.27,19.6,20.13,7327776,30.8,31.61,30.57,31.4,4698200,2026-03-03T03:46:24Z
HON,2009-07-06,19.44,19.62,19.18,19.55,7035166,30.32,30.6,29.91,30.5,4510600,2026-03-03T03:46:24Z
HON,2009-07-07,18.79,19.48,18.73,19.45,11007238,29.31,30.39,29.21,30.33,7057300,2026-03-03T03:46:24Z
HON,2009-07-08,18.9,19.1,18.7,18.89,14633071,29.48,29.79,29.17,29.46,9382000,2026-03-03T03:46:24Z
HON,2009-07-09,19.02,19.12,18.8,19.03,10716705,29.67,29.83,29.33,29.68,6871000,2026-03-03T03:46:24Z
HON,2009-07-10,19.25,19.29,18.79,18.93,9532111,30.03,30.08,29.3,29.53,6111500,2026-03-03T03:46:24Z
HON,2009-07-13,19.75,19.77,19.2,19.35,9305781,30.81,30.83,29.94,30.18,5966400,2026-03-03T03:46:24Z
HON,2009-07-14,19.99,20.02,19.69,19.79,8723058,31.18,31.23,30.71,30.87,5592800,2026-03-03T03:46:24Z
HON,2009-07-15,20.78,20.84,20.14,20.21,10111358,32.41,32.5,31.41,31.53,6482900,2026-03-03T03:46:24Z
HON,2009-07-16,21.05,21.16,20.7,20.75,5238700,32.83,33,32.28,32.36,3358800,2026-03-03T03:46:24Z
HON,2009-07-17,20.79,21.12,20.61,20.97,8708868,32.43,32.94,32.15,32.71,5583700,2026-03-03T03:46:24Z
HON,2009-07-20,21.4,21.43,20.86,20.86,7063263,33.37,33.43,32.53,32.53,4528600,2026-03-03T03:46:24Z
HON,2009-07-21,21.42,21.77,21.05,21.66,11034414,33.41,33.95,32.83,33.78,7074700,2026-03-03T03:46:24Z
HON,2009-07-22,21.4,21.63,21.31,21.36,5264137,33.38,33.73,33.24,33.32,3375100,2026-03-03T03:46:24Z
HON,2009-07-23,21.94,22.02,21.2,21.44,9122375,34.22,34.35,33.07,33.44,5848800,2026-03-03T03:46:24Z
HON,2009-07-24,21.79,21.84,21.26,21.77,9460017,33.99,34.07,33.16,33.95,6065300,2026-03-03T03:46:24Z
HON,2009-07-27,21.95,22.01,21.29,21.29,12710901,34.24,34.33,33.2,33.2,8149600,2026-03-03T03:46:24Z
HON,2009-07-28,21.9,22.03,21.55,21.73,7477340,34.15,34.36,33.61,33.9,4794100,2026-03-03T03:46:24Z
HON,2009-07-29,21.82,21.92,21.57,21.72,7718177,34.04,34.19,33.65,33.87,4948500,2026-03-03T03:46:24Z
HON,2009-07-30,22.13,22.35,21.97,22.05,7192850,34.51,34.86,34.26,34.39,4611700,2026-03-03T03:46:24Z
HON,2009-07-31,22.25,22.36,21.97,22.11,7661692,34.7,34.87,34.26,34.48,4912300,2026-03-03T03:46:24Z
HON,2009-08-03,22.62,22.66,22.18,22.45,9452528,35.28,35.34,34.59,35.01,6060500,2026-03-03T03:46:24Z
HON,2009-08-04,22.86,22.87,22.44,22.48,7113160,35.65,35.67,35,35.07,4560600,2026-03-03T03:46:24Z
HON,2009-08-05,22.63,22.89,22.45,22.82,8607196,35.29,35.71,35.02,35.6,5518500,2026-03-03T03:46:24Z
HON,2009-08-06,22.67,22.82,22.54,22.76,8413776,35.36,35.59,35.16,35.5,5394500,2026-03-03T03:46:24Z
HON,2009-08-07,23.33,23.55,22.89,23,9340859,36.38,36.73,35.7,35.87,5988900,2026-03-03T03:46:24Z
HON,2009-08-10,23.06,23.3,22.86,23.27,5230295,35.96,36.34,35.65,36.29,3353400,2026-03-03T03:46:24Z
HON,2009-08-11,22.71,23.03,22.52,22.95,5646737,35.42,35.92,35.13,35.79,3620400,2026-03-03T03:46:24Z
HON,2009-08-12,23.4,23.64,22.64,22.64,8476503,36.49,36.87,35.31,35.31,5434700,2026-03-03T03:46:24Z
HON,2009-08-13,23.2,23.54,22.99,23.54,6286987,36.19,36.72,35.86,36.71,4030900,2026-03-03T03:46:24Z
HON,2009-08-14,23,23.36,22.81,23.25,7182261,35.87,36.44,35.57,36.26,4604900,2026-03-03T03:46:24Z
HON,2009-08-17,22.39,22.79,22.23,22.61,8019482,34.92,35.54,34.67,35.26,5141700,2026-03-03T03:46:24Z
HON,2009-08-18,22.65,22.69,22.34,22.48,6434159,35.02,35.08,34.55,34.75,4161300,2026-03-03T03:46:24Z
HON,2009-08-19,22.66,22.75,22.31,22.46,5959919,35.03,35.17,34.5,34.73,3854600,2026-03-03T03:46:24Z
HON,2009-08-20,22.86,22.94,22.59,22.75,5480926,35.34,35.47,34.93,35.18,3544800,2026-03-03T03:46:24Z
HON,2009-08-21,23.49,23.59,22.96,23.23,8953031,36.32,36.48,35.5,35.92,5790400,2026-03-03T03:46:24Z
HON,2009-08-24,24.1,24.2,23.49,23.54,12214400,37.27,37.41,36.32,36.39,7899700,2026-03-03T03:46:24Z
HON,2009-08-25,24.27,24.56,24.01,24.29,7801759,37.52,37.98,37.13,37.56,5045800,2026-03-03T03:46:24Z
HON,2009-08-26,24.01,24.27,23.85,24.18,7016278,37.12,37.52,36.88,37.38,4537800,2026-03-03T03:46:24Z
HON,2009-08-27,24.18,24.43,23.98,24.07,10854996,37.39,37.77,37.07,37.22,7020500,2026-03-03T03:46:24Z
HON,2009-08-28,24.08,24.47,23.86,24.39,5858956,37.23,37.84,36.9,37.72,3789300,2026-03-03T03:46:24Z
HON,2009-08-31,23.77,23.95,23.55,23.95,6947477,36.76,37.03,36.41,37.03,4493300,2026-03-03T03:46:24Z
HON,2009-09-01,23.23,24.12,23.15,23.71,10307630,35.92,37.3,35.8,36.66,6666500,2026-03-03T03:46:24Z
HON,2009-09-02,23.13,23.35,23.02,23.23,7743318,35.77,36.1,35.59,35.92,5008000,2026-03-03T03:46:24Z
HON,2009-09-03,23.45,23.5,23,23.28,11158060,36.26,36.33,35.56,35.99,7216500,2026-03-03T03:46:24Z
HON,2009-09-04,24.03,24.09,23.39,23.48,9311899,37.15,37.24,36.17,36.3,6022500,2026-03-03T03:46:24Z
HON,2009-09-08,24.46,24.56,24.13,24.25,9495149,37.82,37.97,37.31,37.5,6141000,2026-03-03T03:46:24Z
HON,2009-09-09,24.87,24.98,24.38,24.54,10120868,38.46,38.63,37.69,37.94,6545700,2026-03-03T03:46:24Z
HON,2009-09-10,25.5,25.5,24.66,25.03,8587364,39.42,39.42,38.13,38.7,5553900,2026-03-03T03:46:24Z
HON,2009-09-11,25.18,25.55,24.93,25.55,11436815,38.93,39.51,38.54,39.51,7396800,2026-03-03T03:46:24Z
HON,2009-09-14,25.85,25.87,24.9,25.11,11823672,39.97,40,38.5,38.83,7647000,2026-03-03T03:46:24Z
HON,2009-09-15,25.73,26,25.65,25.96,8246262,39.79,40.2,39.66,40.14,5333300,2026-03-03T03:46:24Z
HON,2009-09-16,25.92,26,25.46,25.91,10178847,40.07,40.2,39.37,40.07,6583200,2026-03-03T03:46:24Z
HON,2009-09-17,25.93,26.23,25.64,25.88,12144978,40.1,40.55,39.65,40.02,7854800,2026-03-03T03:46:24Z
HON,2009-09-18,25.98,26.16,25.82,25.89,9886636,40.17,40.45,39.92,40.03,6394200,2026-03-03T03:46:24Z
HON,2009-09-21,25.43,25.82,25.31,25.78,8786817,39.32,39.93,39.14,39.86,5682900,2026-03-03T03:46:24Z
HON,2009-09-22,25.69,25.79,25.43,25.51,6429355,39.72,39.88,39.32,39.45,4158200,2026-03-03T03:46:24Z
HON,2009-09-23,25.39,25.83,25.33,25.7,5992872,39.25,39.94,39.17,39.74,3875900,2026-03-03T03:46:24Z
HON,2009-09-24,25.02,25.58,24.87,25.39,8002137,38.68,39.55,38.46,39.25,5175400,2026-03-03T03:46:24Z
HON,2009-09-25,24.45,24.91,24.28,24.89,10532006,37.81,38.52,37.54,38.48,6811600,2026-03-03T03:46:24Z
HON,2009-09-28,24.15,24.54,24.06,24.51,13221455,37.34,37.95,37.2,37.89,8551000,2026-03-03T03:46:24Z
HON,2009-09-29,24.09,24.41,24.05,24.22,11724280,37.25,37.75,37.19,37.45,7582700,2026-03-03T03:46:24Z
HON,2009-09-30,24.03,24.18,23.41,24.12,17227438,37.15,37.39,36.19,37.29,11141900,2026-03-03T03:46:24Z
HON,2009-10-01,23.54,24.07,23.52,24,8789442,36.4,37.22,36.36,37.11,5684600,2026-03-03T03:46:24Z
HON,2009-10-02,23.02,23.45,22.91,23.25,11589586,35.6,36.25,35.42,35.95,7495600,2026-03-03T03:46:24Z
HON,2009-10-05,23.43,23.63,23.01,23.13,13100510,36.22,36.53,35.58,35.76,8472800,2026-03-03T03:46:24Z
HON,2009-10-06,23.67,24.07,23.56,23.62,9710840,36.6,37.22,36.43,36.52,6280500,2026-03-03T03:46:24Z
HON,2009-10-07,23.48,23.81,23.43,23.7,6957675,36.31,36.82,36.22,36.64,4499900,2026-03-03T03:46:24Z
HON,2009-10-08,23.83,23.96,23.55,23.72,6908840,36.84,37.05,36.41,36.68,4468300,2026-03-03T03:46:24Z
HON,2009-10-09,24.04,24.09,23.69,23.82,5548327,37.17,37.24,36.63,36.83,3588400,2026-03-03T03:46:24Z
HON,2009-10-12,24.09,24.25,24.03,24.16,6543622,37.25,37.5,37.15,37.36,4232100,2026-03-03T03:46:24Z
HON,2009-10-13,23.81,24.09,23.78,24.09,7375771,36.82,37.24,36.77,37.24,4770300,2026-03-03T03:46:24Z
HON,2009-10-14,24.2,24.21,23.92,23.99,11020283,37.42,37.43,36.98,37.1,7127400,2026-03-03T03:46:24Z
HON,2009-10-15,24.42,24.45,24.07,24.16,9799593,37.76,37.8,37.21,37.35,6337900,2026-03-03T03:46:24Z
HON,2009-10-16,24.44,24.58,24.06,24.18,8564498,37.79,38,37.2,37.39,5539100,2026-03-03T03:46:24Z
HON,2009-10-19,24.85,25.05,24.41,24.52,8805238,38.42,38.74,37.74,37.91,5694800,2026-03-03T03:46:24Z
HON,2009-10-20,24.45,24.93,24.33,24.93,9961290,37.8,38.55,37.62,38.54,6442500,2026-03-03T03:46:24Z
HON,2009-10-21,23.9,24.5,23.83,24.44,10114515,36.96,37.88,36.84,37.79,6541600,2026-03-03T03:46:24Z
HON,2009-10-22,24.92,25.22,23.84,23.85,15502686,38.53,39,36.86,36.88,10026400,2026-03-03T03:46:24Z
HON,2009-10-23,24.74,25.34,24.64,25.28,10568657,38.26,39.18,38.1,39.09,6835300,2026-03-03T03:46:24Z
HON,2009-10-26,24.4,25.18,24.29,24.69,8250606,37.72,38.93,37.55,38.18,5336100,2026-03-03T03:46:24Z
HON,2009-10-27,24.25,24.6,24.2,24.5,10624795,37.5,38.03,37.42,37.88,6871600,2026-03-03T03:46:24Z
HON,2009-10-28,23.67,24.32,23.61,24.23,9139678,36.6,37.6,36.5,37.47,5911100,2026-03-03T03:46:24Z
HON,2009-10-29,24.06,24.12,23.63,23.72,8685381,37.2,37.3,36.54,36.68,5617300,2026-03-03T03:46:24Z
HON,2009-10-30,23.21,24.05,23.13,23.94,10577595,35.89,37.19,35.76,37.01,6841100,2026-03-03T03:46:24Z
HON,2009-11-02,23.41,23.57,23.02,23.28,7436837,36.19,36.44,35.6,36,4809800,2026-03-03T03:46:24Z
HON,2009-11-03,23.32,23.37,23.02,23.31,7078907,36.05,36.13,35.6,36.04,4578300,2026-03-03T03:46:24Z
HON,2009-11-04,23.54,23.93,23.41,23.45,8600035,36.4,37,36.2,36.26,5562100,2026-03-03T03:46:24Z
HON,2009-11-05,24.31,24.32,23.65,23.65,8444205,37.59,37.6,36.57,36.57,5461300,2026-03-03T03:46:24Z
HON,2009-11-06,24.38,24.49,24.12,24.25,5763884,37.7,37.87,37.3,37.5,3727800,2026-03-03T03:46:24Z
HON,2009-11-09,24.86,24.91,24.41,24.55,5714395,38.44,38.52,37.74,37.96,3695800,2026-03-03T03:46:24Z
HON,2009-11-10,24.96,25.1,24.68,24.82,5857584,38.6,38.81,38.16,38.38,3788400,2026-03-03T03:46:24Z
HON,2009-11-11,25.05,25.27,24.88,25.15,5884320,38.73,39.08,38.47,38.88,3805700,2026-03-03T03:46:24Z
HON,2009-11-12,24.95,25.29,24.85,25,5961797,38.57,39.11,38.42,38.65,3855800,2026-03-03T03:46:24Z
HON,2009-11-13,25.39,25.42,24.86,24.94,7641727,39.25,39.3,38.43,38.56,4942300,2026-03-03T03:46:24Z
HON,2009-11-16,25.78,26.02,25.42,25.42,10007991,39.86,40.24,39.3,39.3,6472700,2026-03-03T03:46:24Z
HON,2009-11-17,25.62,25.77,25.48,25.61,6569604,39.61,39.85,39.4,39.59,4248900,2026-03-03T03:46:24Z
HON,2009-11-18,25.56,25.79,25.46,25.73,6385632,39.22,39.57,39.06,39.48,4161700,2026-03-03T03:46:24Z
HON,2009-11-19,24.93,25.34,24.73,25.32,10310084,38.25,38.88,37.95,38.85,6719400,2026-03-03T03:46:24Z
HON,2009-11-20,24.79,24.99,24.58,24.77,8858581,38.04,38.34,37.72,38.01,5773400,2026-03-03T03:46:24Z
HON,2009-11-23,25.21,25.23,24.96,25.01,6121716,38.68,38.72,38.3,38.37,3989700,2026-03-03T03:46:24Z
HON,2009-11-24,25.27,25.31,24.87,25.23,5420648,38.77,38.84,38.16,38.71,3532800,2026-03-03T03:46:24Z
HON,2009-11-25,25.49,25.5,25.09,25.27,4717451,39.11,39.12,38.5,38.77,3074500,2026-03-03T03:46:24Z
HON,2009-11-27,25.08,25.33,24.62,24.86,3811697,38.48,38.86,37.78,38.15,2484200,2026-03-03T03:46:24Z
HON,2009-11-30,25.07,25.18,24.82,25,6520334,38.47,38.63,38.08,38.36,4249500,2026-03-03T03:46:24Z
HON,2009-12-01,25.66,25.75,25.25,25.25,6782256,39.37,39.51,38.75,38.75,4420200,2026-03-03T03:46:24Z
HON,2009-12-02,25.92,26.02,25.65,25.67,9856545,39.77,39.93,39.36,39.39,6423800,2026-03-03T03:46:24Z
HON,2009-12-03,25.81,26.13,25.77,25.94,8216290,39.6,40.1,39.54,39.8,5354800,2026-03-03T03:46:24Z
HON,2009-12-04,26.16,26.48,25.85,26.13,8849532,40.14,40.63,39.66,40.1,5767500,2026-03-03T03:46:24Z
HON,2009-12-07,26.6,26.7,26.17,26.21,9409265,40.81,40.96,40.16,40.22,6132300,2026-03-03T03:46:24Z
HON,2009-12-08,26.23,26.54,26.07,26.54,6603204,40.24,40.72,40,40.72,4303500,2026-03-03T03:46:24Z
HON,2009-12-09,26.24,26.41,25.97,26.29,8429572,40.26,40.52,39.85,40.34,5493800,2026-03-03T03:46:24Z
HON,2009-12-10,26.27,26.67,26.25,26.47,7005364,40.31,40.92,40.27,40.62,4565600,2026-03-03T03:46:24Z
HON,2009-12-11,26.64,26.76,26.4,26.45,6991239,40.87,41.06,40.51,40.59,4556400,2026-03-03T03:46:24Z
HON,2009-12-14,26.92,27.08,26.73,26.76,8120376,41.31,41.55,41.02,41.06,5292300,2026-03-03T03:46:24Z
HON,2009-12-15,26.88,26.97,26.39,26.64,9388385,41.25,41.38,40.5,40.88,6118700,2026-03-03T03:46:24Z
HON,2009-12-16,26.31,27.05,26.3,26.73,14225849,40.37,41.5,40.36,41.01,9271400,2026-03-03T03:46:24Z
HON,2009-12-17,25.77,26.18,25.76,25.96,11571976,39.54,40.17,39.52,39.84,7541800,2026-03-03T03:46:24Z
