ticker,tradeDate,clsPx,hiPx,loPx,open,stockVolume,unadjClsPx,unadjHiPx,unadjLoPx,unadjOpen,unadjStockVolume,updatedAt
INTC,2006-01-03,14.98,15.02,14.59,14.76,96269569,25.57,25.64,24.9,25.19,56409000,2024-08-09T23:25:57Z
INTC,2006-01-04,15.18,15.2,14.99,15,78828900,25.91,25.94,25.59,25.6,46189600,2024-08-09T23:25:57Z
INTC,2006-01-05,15.39,15.51,15.18,15.19,93682871,26.27,26.47,25.91,25.93,54893100,2024-08-09T23:25:57Z
INTC,2006-01-06,15.42,15.6,15.36,15.52,77998856,26.31,26.63,26.21,26.48,45703300,2024-08-09T23:25:57Z
INTC,2006-01-09,15.51,15.53,15.29,15.46,67346947,26.47,26.51,26.09,26.39,39461700,2024-08-09T23:25:57Z
INTC,2006-01-10,15.3,15.47,15.19,15.4,80271100,26.12,26.41,25.92,26.29,47034500,2024-08-09T23:25:57Z
INTC,2006-01-11,15.32,15.43,15.18,15.31,90460724,26.14,26.33,25.9,26.13,53005000,2024-08-09T23:25:57Z
INTC,2006-01-12,15.22,15.54,15.16,15.28,92204161,25.97,26.52,25.87,26.07,54026600,2024-08-09T23:25:57Z
INTC,2006-01-13,15.11,15.34,14.96,15.21,79037560,25.79,26.18,25.54,25.96,46311900,2024-08-09T23:25:57Z
INTC,2006-01-17,14.95,15.09,14.84,14.99,151964441,25.52,25.75,25.32,25.59,89043296,2024-08-09T23:25:57Z
INTC,2006-01-18,13.24,13.51,13.1,13.4,481450964,22.6,23.06,22.36,22.87,282104704,2024-08-09T23:25:57Z
INTC,2006-01-19,13.13,13.4,13.12,13.36,335117825,22.4,22.87,22.39,22.8,196361104,2024-08-09T23:25:57Z
INTC,2006-01-20,12.75,13.17,12.74,13.15,265373462,21.76,22.47,21.75,22.44,155494704,2024-08-09T23:25:57Z
INTC,2006-01-23,12.51,12.85,12.36,12.84,264783680,21.35,21.93,21.1,21.92,155149600,2024-08-09T23:25:57Z
INTC,2006-01-24,12.47,12.65,12.45,12.62,183056233,21.28,21.59,21.24,21.53,107260800,2024-08-09T23:25:57Z
INTC,2006-01-25,12.43,12.55,12.36,12.54,188289077,21.21,21.42,21.1,21.4,110327104,2024-08-09T23:25:57Z
INTC,2006-01-26,12.59,12.74,12.46,12.54,174065585,21.49,21.75,21.27,21.4,101993200,2024-08-09T23:25:57Z
INTC,2006-01-27,12.7,12.83,12.63,12.74,128320695,21.67,21.9,21.55,21.75,75189296,2024-08-09T23:25:57Z
INTC,2006-01-30,12.69,12.85,12.65,12.79,103119642,21.65,21.93,21.59,21.83,60422400,2024-08-09T23:25:57Z
INTC,2006-01-31,12.46,12.72,12.45,12.71,135423366,21.26,21.71,21.25,21.69,79350704,2024-08-09T23:25:57Z
INTC,2006-02-01,12.63,12.65,12.44,12.45,122300522,21.55,21.59,21.23,21.24,71661296,2024-08-09T23:25:57Z
INTC,2006-02-02,12.42,12.7,12.41,12.63,149348902,21.2,21.68,21.18,21.56,87510704,2024-08-09T23:25:57Z
INTC,2006-02-03,12.21,12.46,12.2,12.45,172275788,20.74,21.17,20.73,21.14,101422600,2024-08-09T23:25:57Z
INTC,2006-02-06,12.13,12.28,12.07,12.28,113571061,20.61,20.85,20.5,20.85,66862000,2024-08-09T23:25:57Z
INTC,2006-02-07,12.17,12.33,12.08,12.14,161920021,20.67,20.94,20.52,20.62,95326000,2024-08-09T23:25:57Z
INTC,2006-02-08,12.17,12.27,12.09,12.23,131855446,20.67,20.84,20.54,20.78,77626304,2024-08-09T23:25:57Z
INTC,2006-02-09,12.36,12.51,12.2,12.23,138958879,21,21.25,20.72,20.77,81808400,2024-08-09T23:25:57Z
INTC,2006-02-10,12.53,12.56,12.25,12.38,141022666,21.29,21.34,20.81,21.02,83023200,2024-08-09T23:25:57Z
INTC,2006-02-13,12.44,12.62,12.4,12.47,111923747,21.13,21.44,21.07,21.18,65892000,2024-08-09T23:25:57Z
INTC,2006-02-14,12.58,12.64,12.44,12.47,102134881,21.37,21.47,21.13,21.18,60129100,2024-08-09T23:25:57Z
INTC,2006-02-15,12.57,12.64,12.49,12.57,114204127,21.35,21.47,21.21,21.35,67234400,2024-08-09T23:25:57Z
INTC,2006-02-16,12.57,12.63,12.47,12.57,120564696,21.35,21.45,21.18,21.36,70979000,2024-08-09T23:25:57Z
INTC,2006-02-17,12.13,12.39,12.1,12.36,198138713,20.61,21.04,20.56,21,116649000,2024-08-09T23:25:57Z
INTC,2006-02-21,12.14,12.22,12.07,12.16,114200444,20.62,20.75,20.5,20.66,67232600,2024-08-09T23:25:57Z
INTC,2006-02-22,11.86,12.04,11.72,12.02,235374233,20.15,20.45,19.9,20.42,138570592,2024-08-09T23:25:57Z
INTC,2006-02-23,11.95,12.06,11.7,11.88,144892127,20.29,20.49,19.88,20.18,85301400,2024-08-09T23:25:57Z
INTC,2006-02-24,11.99,12.09,11.85,11.89,124263886,20.36,20.53,20.13,20.19,73157000,2024-08-09T23:25:57Z
INTC,2006-02-27,12.08,12.24,12.03,12.05,148100334,20.52,20.79,20.43,20.47,87190096,2024-08-09T23:25:57Z
INTC,2006-02-28,12.13,12.37,12.07,12.1,158401408,20.6,21.01,20.5,20.55,93254600,2024-08-09T23:25:57Z
INTC,2006-03-01,12.25,12.36,12.17,12.2,137080684,20.8,21,20.67,20.73,80702304,2024-08-09T23:25:57Z
INTC,2006-03-02,12.06,12.27,12,12.18,146499537,20.49,20.84,20.38,20.68,86247400,2024-08-09T23:25:57Z
INTC,2006-03-03,11.96,12.06,11.69,11.76,344516474,20.32,20.48,19.86,19.97,202825600,2024-08-09T23:25:57Z
INTC,2006-03-06,11.95,12.1,11.91,12.03,138856031,20.3,20.56,20.23,20.43,81747904,2024-08-09T23:25:57Z
INTC,2006-03-07,11.81,11.89,11.67,11.86,154084986,20.06,20.2,19.83,20.15,90713504,2024-08-09T23:25:57Z
INTC,2006-03-08,11.78,11.89,11.67,11.78,140740594,20.01,20.19,19.82,20.01,82857600,2024-08-09T23:25:57Z
INTC,2006-03-09,11.63,11.87,11.62,11.8,118480970,19.75,20.16,19.73,20.05,69752600,2024-08-09T23:25:57Z
INTC,2006-03-10,11.69,11.79,11.64,11.67,104556213,19.85,20.02,19.78,19.83,61554900,2024-08-09T23:25:57Z
INTC,2006-03-13,11.62,12.07,11.59,11.74,136795271,19.73,20.5,19.69,19.95,80534496,2024-08-09T23:25:57Z
INTC,2006-03-14,11.63,11.72,11.56,11.62,117843537,19.76,19.9,19.64,19.73,69377400,2024-08-09T23:25:57Z
INTC,2006-03-15,11.73,11.76,11.62,11.65,118580343,19.92,19.97,19.73,19.79,69811200,2024-08-09T23:25:57Z
INTC,2006-03-16,11.57,11.82,11.56,11.8,112233150,19.65,20.08,19.64,20.05,66074200,2024-08-09T23:25:57Z
INTC,2006-03-17,11.5,11.64,11.42,11.63,188274101,19.54,19.77,19.4,19.75,110841800,2024-08-09T23:25:57Z
INTC,2006-03-20,11.55,11.74,11.45,11.45,99630590,19.62,19.95,19.45,19.45,58655100,2024-08-09T23:25:57Z
INTC,2006-03-21,11.64,11.96,11.54,11.65,211107550,19.78,20.32,19.6,19.79,124284496,2024-08-09T23:25:57Z
INTC,2006-03-22,11.76,11.8,11.54,11.57,144301638,19.98,20.04,19.6,19.66,84953800,2024-08-09T23:25:57Z
INTC,2006-03-23,11.6,11.87,11.59,11.76,143325627,19.7,20.16,19.69,19.98,84379504,2024-08-09T23:25:57Z
INTC,2006-03-24,11.54,11.67,11.37,11.63,102684368,19.6,19.82,19.31,19.75,60452800,2024-08-09T23:25:57Z
INTC,2006-03-27,11.63,11.73,11.55,11.55,102412151,19.75,19.92,19.62,19.62,60292500,2024-08-09T23:25:57Z
INTC,2006-03-28,11.53,11.69,11.52,11.63,123485546,19.58,19.86,19.56,19.75,72698800,2024-08-09T23:25:57Z
INTC,2006-03-29,11.67,11.75,11.49,11.54,137998381,19.82,19.96,19.51,19.61,81242896,2024-08-09T23:25:57Z
INTC,2006-03-30,11.6,11.79,11.57,11.72,120015620,19.7,20.03,19.65,19.9,70656304,2024-08-09T23:25:57Z
INTC,2006-03-31,11.46,11.7,11.39,11.64,152200953,19.46,19.88,19.35,19.78,89604600,2024-08-09T23:25:57Z
INTC,2006-04-03,11.39,11.6,11.39,11.59,124610458,19.35,19.7,19.34,19.68,73361104,2024-08-09T23:25:57Z
INTC,2006-04-04,11.36,11.48,11.33,11.41,113995758,19.3,19.5,19.25,19.39,67112200,2024-08-09T23:25:57Z
INTC,2006-04-05,11.47,11.5,11.35,11.39,124048065,19.48,19.53,19.28,19.34,73029800,2024-08-09T23:25:57Z
INTC,2006-04-06,11.41,11.54,11.38,11.47,87836859,19.38,19.6,19.33,19.49,51711800,2024-08-09T23:25:57Z
INTC,2006-04-07,11.33,11.52,11.33,11.46,92650447,19.24,19.56,19.24,19.46,54545300,2024-08-09T23:25:57Z
INTC,2006-04-10,11.4,11.46,11.33,11.36,88313175,19.36,19.47,19.25,19.3,51992100,2024-08-09T23:25:57Z
INTC,2006-04-11,11.28,11.46,11.26,11.44,102241420,19.16,19.46,19.12,19.43,60191700,2024-08-09T23:25:57Z
INTC,2006-04-12,11.26,11.35,11.24,11.27,74912885,19.12,19.27,19.1,19.14,44103000,2024-08-09T23:25:57Z
INTC,2006-04-13,11.45,11.53,11.29,11.3,131463258,19.45,19.59,19.17,19.19,77395696,2024-08-09T23:25:57Z
INTC,2006-04-17,11.3,11.77,11.18,11.43,129561560,19.19,20,18.99,19.41,76275904,2024-08-09T23:25:57Z
INTC,2006-04-18,11.42,11.47,10.95,11.34,132655182,19.39,19.48,18.6,19.26,78096896,2024-08-09T23:25:57Z
INTC,2006-04-19,11.52,11.54,11.3,11.37,176709061,19.56,19.6,19.2,19.32,104032496,2024-08-09T23:25:57Z
INTC,2006-04-20,11.45,11.74,11.42,11.64,215940576,19.45,19.94,19.4,19.77,127129600,2024-08-09T23:25:57Z
INTC,2006-04-21,11.22,11.77,11.2,11.49,156588702,19.06,20,19.02,19.52,92187696,2024-08-09T23:25:57Z
INTC,2006-04-24,11.13,11.33,11.13,11.13,114847403,18.91,19.25,18.9,18.9,67613600,2024-08-09T23:25:57Z
INTC,2006-04-25,11.27,11.3,11.04,11.15,153354908,19.15,19.2,18.75,18.94,90284000,2024-08-09T23:25:57Z
INTC,2006-04-26,11.47,11.53,11.26,11.27,144998555,19.49,19.58,19.12,19.15,85363904,2024-08-09T23:25:57Z
INTC,2006-04-27,11.82,11.89,11.3,11.41,228517356,20.08,20.2,19.2,19.39,134533904,2024-08-09T23:25:57Z
INTC,2006-04-28,11.76,11.93,11.72,11.77,152838921,19.98,20.27,19.91,19.99,89979904,2024-08-09T23:25:57Z
INTC,2006-05-01,11.47,11.87,11.46,11.81,128526780,19.49,20.16,19.46,20.06,75666600,2024-08-09T23:25:57Z
INTC,2006-05-02,11.53,11.61,11.49,11.56,89894269,19.59,19.72,19.51,19.64,52922900,2024-08-09T23:25:57Z
INTC,2006-05-03,11.34,11.76,11.31,11.55,118194166,19.16,19.87,19.12,19.52,69940600,2024-08-09T23:25:57Z
INTC,2006-05-04,11.44,11.51,11.37,11.41,71733906,19.34,19.45,19.21,19.28,42448000,2024-08-09T23:25:57Z
INTC,2006-05-05,11.54,11.63,11.46,11.5,86339553,19.51,19.65,19.37,19.43,51090800,2024-08-09T23:25:57Z
INTC,2006-05-08,11.9,11.96,11.62,11.62,173736728,20.11,20.22,19.64,19.64,102807904,2024-08-09T23:25:57Z
INTC,2006-05-09,11.78,12.43,11.71,11.79,112029748,19.9,21,19.79,19.93,66292900,2024-08-09T23:25:57Z
INTC,2006-05-10,11.59,11.82,11.54,11.75,102421399,19.58,19.98,19.5,19.85,60607000,2024-08-09T23:25:57Z
INTC,2006-05-11,11.46,11.6,11.37,11.59,96307394,19.36,19.6,19.21,19.58,56989500,2024-08-09T23:25:57Z
INTC,2006-05-12,11.27,11.55,11.26,11.41,112593682,19.04,19.52,19.03,19.28,66626600,2024-08-09T23:25:57Z
INTC,2006-05-15,11.43,11.45,11.24,11.28,105583436,19.32,19.35,19,19.06,62478400,2024-08-09T23:25:57Z
INTC,2006-05-16,11.28,11.45,11.2,11.4,113374607,19.06,19.35,18.93,19.26,67088500,2024-08-09T23:25:57Z
INTC,2006-05-17,11.04,11.26,11.04,11.22,140936664,18.66,19.02,18.65,18.96,83398096,2024-08-09T23:25:57Z
INTC,2006-05-18,11.04,11.18,10.94,11.08,128790289,18.65,18.89,18.49,18.73,76210704,2024-08-09T23:25:57Z
INTC,2006-05-19,10.86,10.94,10.62,10.65,319683760,18.36,18.48,17.94,18,189170592,2024-08-09T23:25:57Z
INTC,2006-05-22,10.66,10.92,10.63,10.73,142952650,18.01,18.45,17.97,18.13,84591296,2024-08-09T23:25:57Z
INTC,2006-05-23,10.62,10.81,10.59,10.73,151015037,17.95,18.27,17.89,18.13,89362200,2024-08-09T23:25:57Z
INTC,2006-05-24,10.59,10.69,10.51,10.66,184033793,17.89,18.06,17.76,18.01,108900896,2024-08-09T23:25:57Z
INTC,2006-05-25,10.68,10.69,10.5,10.63,115283566,18.05,18.06,17.74,17.97,68218496,2024-08-09T23:25:57Z
INTC,2006-05-26,10.78,10.84,10.66,10.73,103351380,18.22,18.31,18.01,18.13,61157700,2024-08-09T23:25:57Z
INTC,2006-05-30,10.54,10.78,10.52,10.78,110875404,17.81,18.22,17.77,18.21,65610100,2024-08-09T23:25:57Z
INTC,2006-05-31,10.66,10.76,10.52,10.59,128730648,18.02,18.19,17.77,17.89,76175400,2024-08-09T23:25:57Z
INTC,2006-06-01,10.68,10.74,10.53,10.68,130125735,18.04,18.15,17.79,18.05,77001400,2024-08-09T23:25:57Z
INTC,2006-06-02,10.79,10.84,10.63,10.69,120423095,18.23,18.31,17.96,18.07,71259696,2024-08-09T23:25:57Z
INTC,2006-06-05,10.64,10.86,10.59,10.8,108024153,17.98,18.35,17.89,18.26,63922900,2024-08-09T23:25:57Z
INTC,2006-06-06,10.53,10.69,10.46,10.68,139097500,17.79,18.06,17.67,18.05,82309904,2024-08-09T23:25:57Z
INTC,2006-06-07,10.29,10.53,10.26,10.52,184209551,17.39,17.79,17.33,17.78,109004600,2024-08-09T23:25:57Z
INTC,2006-06-08,10.12,10.27,10.09,10.2,193315115,17.11,17.36,17.05,17.24,114392600,2024-08-09T23:25:57Z
INTC,2006-06-09,10.15,10.21,10.12,10.12,140972825,17.16,17.26,17.1,17.11,83419600,2024-08-09T23:25:57Z
INTC,2006-06-12,9.98,10.27,9.91,10.21,109304069,16.86,17.35,16.75,17.25,64680000,2024-08-09T23:25:57Z
INTC,2006-06-13,10.13,10.23,9.91,9.94,196140922,17.12,17.29,16.75,16.79,116065696,2024-08-09T23:25:57Z
INTC,2006-06-14,10.49,10.56,10.35,10.35,198743435,17.73,17.85,17.49,17.49,117605000,2024-08-09T23:25:57Z
INTC,2006-06-15,10.72,10.75,10.52,10.53,120845187,18.12,18.17,17.77,17.8,71509400,2024-08-09T23:25:57Z
INTC,2006-06-16,10.83,10.93,10.68,10.69,141386668,18.3,18.47,18.04,18.06,83664600,2024-08-09T23:25:57Z
INTC,2006-06-19,10.79,11.03,10.77,10.95,103950294,18.24,18.64,18.2,18.51,61511900,2024-08-09T23:25:57Z
INTC,2006-06-20,10.74,10.89,10.69,10.82,85999822,18.15,18.41,18.07,18.28,50890100,2024-08-09T23:25:57Z
INTC,2006-06-21,10.89,11.01,10.77,10.78,93177533,18.4,18.6,18.2,18.22,55137300,2024-08-09T23:25:57Z
INTC,2006-06-22,10.8,10.97,10.74,10.92,77186281,18.25,18.54,18.15,18.45,45674400,2024-08-09T23:25:57Z
INTC,2006-06-23,10.65,10.82,10.65,10.8,82652745,18,18.29,18,18.25,48909300,2024-08-09T23:25:57Z
INTC,2006-06-26,10.82,10.85,10.72,10.74,61184626,18.28,18.33,18.12,18.15,36205700,2024-08-09T23:25:57Z
INTC,2006-06-27,10.68,11.07,10.68,11.04,103310011,18.05,18.7,18.05,18.65,61133200,2024-08-09T23:25:57Z
INTC,2006-06-28,11.04,11.07,10.69,10.72,111077014,18.66,18.71,18.07,18.12,65728900,2024-08-09T23:25:57Z
INTC,2006-06-29,11.43,11.46,11.05,11.1,129590269,19.32,19.36,18.67,18.76,76684304,2024-08-09T23:25:57Z
INTC,2006-06-30,11.24,11.43,11.21,11.41,91338440,19,19.32,18.94,19.28,54048800,2024-08-09T23:25:57Z
INTC,2006-07-03,11.46,11.47,11.33,11.4,42329153,19.36,19.39,19.14,19.27,25048100,2024-08-09T23:25:57Z
INTC,2006-07-05,11.1,11.4,11.09,11.36,87279132,18.75,19.26,18.74,19.2,51646900,2024-08-09T23:25:57Z
INTC,2006-07-06,11.15,11.21,11.1,11.13,59193540,18.85,18.94,18.75,18.81,35027500,2024-08-09T23:25:57Z
INTC,2006-07-07,10.98,11.21,10.95,11.07,97253268,18.56,18.95,18.5,18.71,57549200,2024-08-09T23:25:57Z
INTC,2006-07-10,10.76,11.08,10.72,11.03,73061531,18.18,18.72,18.11,18.64,43233700,2024-08-09T23:25:57Z
INTC,2006-07-11,11.05,11.05,10.65,10.69,130377531,18.67,18.67,18,18.06,77150400,2024-08-09T23:25:57Z
INTC,2006-07-12,10.58,10.99,10.57,10.99,129670875,17.88,18.58,17.87,18.57,76732096,2024-08-09T23:25:57Z
INTC,2006-07-13,10.49,10.7,10.47,10.54,132927632,17.72,18.08,17.69,17.81,78659104,2024-08-09T23:25:57Z
INTC,2006-07-14,10.58,10.71,10.46,10.49,110555053,17.88,18.1,17.68,17.72,65420400,2024-08-09T23:25:57Z
INTC,2006-07-17,10.56,10.72,10.46,10.55,107912343,17.84,18.12,17.67,17.83,63856400,2024-08-09T23:25:57Z
INTC,2006-07-18,10.78,10.81,10.43,10.62,116683115,18.21,18.27,17.63,17.95,69046800,2024-08-09T23:25:57Z
INTC,2006-07-19,10.94,11.03,10.68,10.8,146536953,18.49,18.64,18.05,18.25,86712000,2024-08-09T23:25:57Z
INTC,2006-07-20,10.12,10.65,10.1,10.63,230039023,17.1,18,17.07,17.97,136123904,2024-08-09T23:25:57Z
INTC,2006-07-21,10.15,10.3,9.96,10.06,139605762,17.15,17.4,16.84,17,82610800,2024-08-09T23:25:57Z
INTC,2006-07-24,10.34,10.45,10.15,10.17,92699408,17.48,17.66,17.15,17.18,54854400,2024-08-09T23:25:57Z
INTC,2006-07-25,10.38,10.52,10.24,10.34,80041634,17.54,17.77,17.31,17.48,47364200,2024-08-09T23:25:57Z
INTC,2006-07-26,10.36,10.5,10.21,10.41,98351672,17.5,17.74,17.25,17.59,58198900,2024-08-09T23:25:57Z
INTC,2006-07-27,10.34,10.58,10.31,10.5,91932534,17.47,17.88,17.42,17.74,54400700,2024-08-09T23:25:57Z
INTC,2006-07-28,10.76,10.8,10.4,10.41,113744177,18.18,18.26,17.58,17.6,67307400,2024-08-09T23:25:57Z
INTC,2006-07-31,10.65,10.75,10.64,10.7,72447156,18,18.16,17.98,18.08,42870200,2024-08-09T23:25:57Z
INTC,2006-08-01,10.45,10.59,10.36,10.59,67036922,17.66,17.89,17.5,17.89,39668700,2024-08-09T23:25:57Z
INTC,2006-08-02,10.41,10.53,10.39,10.45,70430976,17.59,17.79,17.56,17.66,41677200,2024-08-09T23:25:57Z
INTC,2006-08-03,10.31,10.41,10.25,10.41,100405489,17.33,17.5,17.22,17.49,59754300,2024-08-09T23:25:57Z
INTC,2006-08-04,10.41,10.52,10.27,10.48,89039568,17.49,17.67,17.26,17.61,52990000,2024-08-09T23:25:57Z
INTC,2006-08-07,10.31,10.41,10.27,10.34,55219136,17.32,17.49,17.26,17.38,32862400,2024-08-09T23:25:57Z
INTC,2006-08-08,10.33,10.5,10.29,10.38,76319210,17.36,17.65,17.29,17.45,45419600,2024-08-09T23:25:57Z
INTC,2006-08-09,10.36,10.61,10.32,10.48,95617325,17.4,17.83,17.34,17.61,56904400,2024-08-09T23:25:57Z
INTC,2006-08-10,10.56,10.61,10.3,10.34,94989507,17.75,17.82,17.3,17.37,56530800,2024-08-09T23:25:57Z
INTC,2006-08-11,10.36,10.59,10.33,10.51,69625045,17.41,17.79,17.36,17.66,41435900,2024-08-09T23:25:57Z
INTC,2006-08-14,10.63,10.74,10.43,10.44,103193125,17.87,18.04,17.53,17.54,61412900,2024-08-09T23:25:57Z
INTC,2006-08-15,10.79,10.82,10.68,10.81,84009931,18.13,18.18,17.94,18.17,49996800,2024-08-09T23:25:57Z
INTC,2006-08-16,11.08,11.12,10.79,10.87,115100443,18.61,18.69,18.13,18.27,68499296,2024-08-09T23:25:57Z
INTC,2006-08-17,11.05,11.13,10.91,11.12,107439172,18.56,18.7,18.34,18.68,63940200,2024-08-09T23:25:57Z
INTC,2006-08-18,10.95,11.03,10.91,10.95,104004863,18.4,18.53,18.33,18.4,61895900,2024-08-09T23:25:57Z
INTC,2006-08-21,10.86,10.92,10.76,10.78,92730854,18.25,18.35,18.08,18.12,55186800,2024-08-09T23:25:57Z
INTC,2006-08-22,10.91,10.96,10.76,10.81,113263683,18.34,18.41,18.08,18.17,67406096,2024-08-09T23:25:57Z
INTC,2006-08-23,10.94,11.05,10.86,11,98144059,18.38,18.56,18.24,18.48,58408000,2024-08-09T23:25:57Z
INTC,2006-08-24,11.05,11.05,10.9,10.94,80972150,18.56,18.57,18.31,18.38,48188900,2024-08-09T23:25:57Z
INTC,2006-08-25,11.25,11.31,10.97,10.98,112694942,18.9,19,18.43,18.45,67067800,2024-08-09T23:25:57Z
INTC,2006-08-28,11.53,11.57,11.32,11.34,114943659,19.38,19.45,19.02,19.06,68406304,2024-08-09T23:25:57Z
INTC,2006-08-29,11.71,11.72,11.43,11.58,125423147,19.68,19.7,19.21,19.46,74642704,2024-08-09T23:25:57Z
INTC,2006-08-30,11.81,11.9,11.64,11.68,119103682,19.84,20,19.56,19.63,70881696,2024-08-09T23:25:57Z
INTC,2006-08-31,11.65,11.81,11.62,11.79,77669540,19.57,19.84,19.53,19.82,46223100,2024-08-09T23:25:57Z
INTC,2006-09-01,11.83,11.87,11.63,11.84,114778262,19.88,19.95,19.55,19.9,68307504,2024-08-09T23:25:57Z
INTC,2006-09-05,11.9,11.91,11.69,11.87,134785737,19.99,20.02,19.64,19.95,80214704,2024-08-09T23:25:57Z
INTC,2006-09-06,11.49,11.79,11.47,11.68,128871331,19.31,19.82,19.27,19.63,76694800,2024-08-09T23:25:57Z
INTC,2006-09-07,11.44,11.61,11.34,11.44,129133447,19.22,19.5,19.06,19.23,76851200,2024-08-09T23:25:57Z
INTC,2006-09-08,11.58,11.63,11.43,11.46,83918202,19.45,19.54,19.2,19.26,49941900,2024-08-09T23:25:57Z
INTC,2006-09-11,11.55,11.64,11.38,11.46,96131277,19.4,19.56,19.12,19.25,57210500,2024-08-09T23:25:57Z
INTC,2006-09-12,11.75,11.82,11.5,11.53,98537770,19.75,19.87,19.32,19.38,58642700,2024-08-09T23:25:57Z
INTC,2006-09-13,11.8,11.9,11.66,11.77,107453413,19.83,19.99,19.6,19.78,63948600,2024-08-09T23:25:57Z
INTC,2006-09-14,11.77,11.79,11.61,11.75,89902756,19.78,19.82,19.5,19.75,53503500,2024-08-09T23:25:57Z
INTC,2006-09-15,11.61,11.88,11.6,11.86,120148928,19.51,19.96,19.49,19.92,71503696,2024-08-09T23:25:57Z
INTC,2006-09-18,11.69,11.75,11.57,11.58,90863879,19.65,19.75,19.44,19.46,54075800,2024-08-09T23:25:57Z
INTC,2006-09-19,11.56,11.72,11.45,11.69,104182670,19.42,19.7,19.24,19.65,62002100,2024-08-09T23:25:57Z
INTC,2006-09-20,11.6,11.72,11.57,11.61,100025252,19.49,19.69,19.44,19.51,59527600,2024-08-09T23:25:57Z
INTC,2006-09-21,11.42,11.7,11.39,11.57,99334491,19.19,19.66,19.14,19.45,59116700,2024-08-09T23:25:57Z
INTC,2006-09-22,11.35,11.52,11.32,11.41,81959445,19.07,19.36,19.03,19.18,48776400,2024-08-09T23:25:57Z
INTC,2006-09-25,11.55,11.61,11.32,11.41,94054833,19.41,19.51,19.03,19.17,55974500,2024-08-09T23:25:57Z
INTC,2006-09-26,11.88,11.89,11.5,11.54,161332419,19.96,19.98,19.32,19.39,96013000,2024-08-09T23:25:57Z
INTC,2006-09-27,12.13,12.35,11.93,11.94,219414722,20.39,20.75,20.05,20.06,130579200,2024-08-09T23:25:57Z
INTC,2006-09-28,12.36,12.4,12.17,12.18,164779975,20.77,20.83,20.45,20.46,98065104,2024-08-09T23:25:57Z
INTC,2006-09-29,12.24,12.47,12.21,12.44,123170296,20.57,20.95,20.52,20.9,73302200,2024-08-09T23:25:57Z
INTC,2006-10-02,12.16,12.35,12.14,12.24,86925451,20.44,20.75,20.4,20.56,51731700,2024-08-09T23:25:57Z
INTC,2006-10-03,12.24,12.37,12,12.14,135384301,20.57,20.79,20.17,20.4,80571104,2024-08-09T23:25:57Z
INTC,2006-10-04,12.39,12.43,12.19,12.2,133290604,20.82,20.88,20.49,20.5,79325200,2024-08-09T23:25:57Z
INTC,2006-10-05,12.37,12.49,12.29,12.38,90222201,20.78,20.98,20.66,20.8,53693500,2024-08-09T23:25:57Z
INTC,2006-10-06,12.28,12.32,12.15,12.27,106793075,20.63,20.7,20.41,20.61,63555600,2024-08-09T23:25:57Z
INTC,2006-10-09,12.27,12.37,12.18,12.21,78102949,20.62,20.79,20.46,20.52,46481100,2024-08-09T23:25:57Z
INTC,2006-10-10,12.43,12.51,12.15,12.22,124315339,20.89,21.02,20.42,20.53,73983400,2024-08-09T23:25:57Z
INTC,2006-10-11,12.43,12.66,12.34,12.36,179570602,20.89,21.28,20.74,20.76,106867296,2024-08-09T23:25:57Z
INTC,2006-10-12,12.79,12.82,12.47,12.56,137622504,21.49,21.55,20.95,21.11,81903000,2024-08-09T23:25:57Z
INTC,2006-10-13,12.85,13,12.72,12.74,132653295,21.6,21.85,21.38,21.4,78945904,2024-08-09T23:25:57Z
INTC,2006-10-16,12.86,13.11,12.83,13.05,157555556,21.61,22.03,21.56,21.93,93765600,2024-08-09T23:25:57Z
INTC,2006-10-17,12.44,12.63,12.4,12.61,198470863,20.9,21.23,20.83,21.19,118115800,2024-08-09T23:25:57Z
INTC,2006-10-18,12.56,12.87,12.52,12.86,193245126,21.11,21.63,21.03,21.6,115005104,2024-08-09T23:25:57Z
INTC,2006-10-19,12.52,12.61,12.28,12.5,123824533,21.03,21.19,20.63,21,73691200,2024-08-09T23:25:57Z
INTC,2006-10-20,12.69,12.77,12.53,12.61,102754368,21.33,21.45,21.05,21.18,61152100,2024-08-09T23:25:57Z
INTC,2006-10-23,12.77,12.86,12.57,12.66,89881137,21.45,21.6,21.12,21.28,53490800,2024-08-09T23:25:57Z
INTC,2006-10-24,12.87,13,12.77,12.77,105590801,21.62,21.84,21.45,21.46,62840200,2024-08-09T23:25:57Z
INTC,2006-10-25,12.93,13,12.81,12.82,89587810,21.72,21.84,21.53,21.55,53316300,2024-08-09T23:25:57Z
INTC,2006-10-26,12.96,12.99,12.86,12.94,73973371,21.77,21.83,21.61,21.75,44023500,2024-08-09T23:25:57Z
INTC,2006-10-27,12.56,12.96,12.44,12.9,167850957,21.1,21.77,20.9,21.68,99892800,2024-08-09T23:25:57Z
INTC,2006-10-30,12.65,12.69,12.47,12.51,69141376,21.26,21.33,20.96,21.02,41147900,2024-08-09T23:25:57Z
INTC,2006-10-31,12.7,12.75,12.61,12.69,93199341,21.34,21.43,21.19,21.32,55465400,2024-08-09T23:25:57Z
INTC,2006-11-01,12.51,12.75,12.47,12.72,97227757,21.02,21.42,20.96,21.37,57863000,2024-08-09T23:25:57Z
INTC,2006-11-02,12.31,12.45,12.24,12.28,114606371,20.68,20.92,20.57,20.64,68205200,2024-08-09T23:25:57Z
INTC,2006-11-03,12.27,12.37,12.17,12.36,80141067,20.51,20.69,20.35,20.66,47926000,2024-08-09T23:25:57Z
INTC,2006-11-06,12.45,12.51,12.15,12.21,79985468,20.82,20.91,20.32,20.42,47833000,2024-08-09T23:25:57Z
INTC,2006-11-07,12.44,12.66,12.4,12.43,81085682,20.8,21.17,20.73,20.78,48490800,2024-08-09T23:25:57Z
INTC,2006-11-08,12.38,12.5,12.26,12.39,88545654,20.71,20.9,20.5,20.72,52952100,2024-08-09T23:25:57Z
INTC,2006-11-09,12.21,12.54,12.19,12.45,88296487,20.42,20.97,20.38,20.82,52803200,2024-08-09T23:25:57Z
INTC,2006-11-10,12.31,12.34,12.21,12.25,53293924,20.58,20.64,20.42,20.49,31870700,2024-08-09T23:25:57Z
INTC,2006-11-13,12.56,12.6,12.31,12.32,76649396,21,21.07,20.58,20.61,45837800,2024-08-09T23:25:57Z
INTC,2006-11-14,13.08,13.12,12.62,12.66,124412859,21.88,21.93,21.11,21.17,74401504,2024-08-09T23:25:57Z
INTC,2006-11-15,13.35,13.38,13.01,13.12,174379019,22.32,22.37,21.76,21.93,104282096,2024-08-09T23:25:57Z
INTC,2006-11-16,13.35,13.4,13.19,13.35,109651242,22.33,22.41,22.06,22.33,65573700,2024-08-09T23:25:57Z
INTC,2006-11-17,13.22,13.46,13.06,13.27,94752823,22.1,22.5,21.84,22.19,56663900,2024-08-09T23:25:57Z
INTC,2006-11-20,13.32,13.37,12.86,13.08,110032994,22.27,22.35,21.5,21.87,65801900,2024-08-09T23:25:57Z
INTC,2006-11-21,12.9,13.32,12.79,13.27,146407879,21.57,22.27,21.38,22.19,87554896,2024-08-09T23:25:57Z
INTC,2006-11-22,12.99,13.06,12.88,13.04,69647868,21.73,21.84,21.54,21.81,41650900,2024-08-09T23:25:57Z
INTC,2006-11-24,12.91,13.01,12.81,12.83,38629968,21.59,21.75,21.42,21.46,23101400,2024-08-09T23:25:57Z
INTC,2006-11-27,12.57,12.85,12.53,12.84,87955113,21.02,21.49,20.95,21.47,52599000,2024-08-09T23:25:57Z
INTC,2006-11-28,12.55,12.64,12.41,12.51,90128010,20.98,21.13,20.76,20.91,53898100,2024-08-09T23:25:57Z
INTC,2006-11-29,12.7,12.83,12.62,12.68,92326166,21.24,21.45,21.1,21.21,55212700,2024-08-09T23:25:57Z
INTC,2006-11-30,12.8,12.85,12.6,12.7,79239663,21.4,21.49,21.07,21.24,47386800,2024-08-09T23:25:57Z
INTC,2006-12-01,12.52,12.8,12.32,12.75,108898702,20.93,21.4,20.6,21.32,65123300,2024-08-09T23:25:57Z
INTC,2006-12-04,12.69,12.83,12.45,12.61,104834656,21.22,21.45,20.81,21.09,62693300,2024-08-09T23:25:57Z
INTC,2006-12-05,12.63,12.8,12.62,12.68,56433483,21.12,21.4,21.11,21.21,33748400,2024-08-09T23:25:57Z
INTC,2006-12-06,12.5,12.68,12.46,12.64,78543135,20.9,21.21,20.83,21.14,46970300,2024-08-09T23:25:57Z
INTC,2006-12-07,12.35,12.71,12.34,12.56,93343624,20.65,21.25,20.64,21.01,55821300,2024-08-09T23:25:57Z
INTC,2006-12-08,12.37,12.47,12.28,12.36,69785597,20.68,20.85,20.54,20.66,41733000,2024-08-09T23:25:57Z
INTC,2006-12-11,12.38,12.51,12.32,12.33,62818542,20.7,20.92,20.6,20.62,37566700,2024-08-09T23:25:57Z
INTC,2006-12-12,12.4,12.46,12.24,12.37,77298084,20.73,20.84,20.47,20.68,46225600,2024-08-09T23:25:57Z
INTC,2006-12-13,12.38,12.49,12.36,12.49,79874178,20.7,20.89,20.66,20.88,47766300,2024-08-09T23:25:57Z
INTC,2006-12-14,12.42,12.64,12.21,12.4,82722990,20.77,21.14,20.41,20.73,49470100,2024-08-09T23:25:57Z
INTC,2006-12-15,12.53,12.68,12.47,12.55,135992919,20.96,21.2,20.86,20.99,81326496,2024-08-09T23:25:57Z
INTC,2006-12-18,12.46,12.74,12.36,12.59,81893825,20.84,21.3,20.66,21.05,48974000,2024-08-09T23:25:57Z
INTC,2006-12-19,12.36,12.39,12.24,12.35,78837122,20.66,20.72,20.46,20.65,47146200,2024-08-09T23:25:57Z
INTC,2006-12-20,12.32,12.52,12.3,12.38,51497325,20.6,20.94,20.57,20.7,30796400,2024-08-09T23:25:57Z
INTC,2006-12-21,12.18,12.36,12.09,12.32,82574281,20.37,20.67,20.21,20.6,49381200,2024-08-09T23:25:57Z
INTC,2006-12-22,12.01,12.22,12.01,12.18,59117124,20.08,20.43,20.08,20.36,35353100,2024-08-09T23:25:57Z
INTC,2006-12-26,12.05,12.13,11.98,11.98,51069705,20.15,20.29,20.03,20.03,30540700,2024-08-09T23:25:57Z
INTC,2006-12-27,12.2,12.26,12.09,12.12,53308784,20.4,20.5,20.22,20.26,31879700,2024-08-09T23:25:57Z
INTC,2006-12-28,12.21,12.25,12.16,12.2,50493161,20.42,20.48,20.33,20.4,30196000,2024-08-09T23:25:57Z
INTC,2006-12-29,12.11,12.28,12.1,12.16,62096941,20.25,20.53,20.23,20.34,37135200,2024-08-09T23:25:57Z
INTC,2007-01-03,12.17,12.49,12.04,12.23,115824631,20.35,20.88,20.14,20.45,69265400,2024-08-09T23:25:57Z
INTC,2007-01-04,12.66,12.76,12.29,12.34,149657833,21.17,21.33,20.56,20.63,89498496,2024-08-09T23:25:57Z
INTC,2007-01-05,12.62,12.65,12.41,12.61,107933703,21.1,21.15,20.76,21.09,64546400,2024-08-09T23:25:57Z
INTC,2007-01-08,12.56,12.76,12.53,12.71,88119633,21.01,21.34,20.95,21.25,52697300,2024-08-09T23:25:57Z
INTC,2007-01-09,12.58,12.68,12.47,12.67,90816299,21.03,21.21,20.86,21.18,54309700,2024-08-09T23:25:57Z
INTC,2007-01-10,12.87,12.93,12.58,12.61,127668885,21.52,21.62,21.03,21.09,76348600,2024-08-09T23:25:57Z
INTC,2007-01-11,13.11,13.19,12.58,12.92,165912165,21.92,22.05,21.03,21.61,99218800,2024-08-09T23:25:57Z
INTC,2007-01-12,13.23,13.25,12.93,13.03,151758270,22.13,22.15,21.62,21.79,90754600,2024-08-09T23:25:57Z
INTC,2007-01-16,13.34,13.34,13.03,13.22,222434795,22.3,22.3,21.78,22.1,133020000,2024-08-09T23:25:57Z
INTC,2007-01-17,12.58,12.86,12.43,12.71,321513211,21.04,21.5,20.78,21.25,192270704,2024-08-09T23:25:57Z
INTC,2007-01-18,12.35,12.5,12.26,12.49,169270102,20.65,20.9,20.5,20.89,101226800,2024-08-09T23:25:57Z
INTC,2007-01-19,12.45,12.48,12.32,12.33,107794344,20.82,20.87,20.6,20.62,64463300,2024-08-09T23:25:57Z
INTC,2007-01-22,12.43,12.57,12.35,12.51,128855591,20.79,21.02,20.65,20.92,77058000,2024-08-09T23:25:57Z
INTC,2007-01-23,12.29,12.49,12.24,12.47,111724951,20.55,20.88,20.46,20.85,66813700,2024-08-09T23:25:57Z
INTC,2007-01-24,12.46,12.49,12.3,12.32,93537284,20.84,20.88,20.57,20.6,55937000,2024-08-09T23:25:57Z
INTC,2007-01-25,12.32,12.58,12.32,12.48,95661280,20.6,21.04,20.6,20.87,57207300,2024-08-09T23:25:57Z
INTC,2007-01-26,12.28,12.5,12.27,12.37,103940269,20.53,20.9,20.51,20.69,62158100,2024-08-09T23:25:57Z
INTC,2007-01-29,12.49,12.64,12.38,12.44,166699773,20.89,21.14,20.7,20.8,99689504,2024-08-09T23:25:57Z
INTC,2007-01-30,12.52,12.64,12.45,12.61,103104561,20.93,21.13,20.82,21.09,61658300,2024-08-09T23:25:57Z
INTC,2007-01-31,12.53,12.57,12.37,12.53,79976415,20.96,21.02,20.69,20.96,47827500,2024-08-09T23:25:57Z
INTC,2007-02-01,12.62,12.64,12.48,12.55,84248034,21.11,21.14,20.87,20.98,50382000,2024-08-09T23:25:57Z
INTC,2007-02-02,12.7,12.71,12.58,12.64,92468116,21.23,21.25,21.03,21.14,55297500,2024-08-09T23:25:57Z
INTC,2007-02-05,12.79,12.87,12.73,12.76,105420129,21.28,21.41,21.17,21.22,63378900,2024-08-09T23:25:57Z
INTC,2007-02-06,12.81,12.92,12.67,12.85,93496569,21.31,21.49,21.08,21.37,56210700,2024-08-09T23:25:57Z
INTC,2007-02-07,12.93,13.03,12.77,12.85,95899050,21.51,21.67,21.24,21.38,57654900,2024-08-09T23:25:57Z
INTC,2007-02-08,12.84,12.88,12.73,12.81,66935942,21.36,21.42,21.18,21.3,40242100,2024-08-09T23:25:57Z
INTC,2007-02-09,12.64,12.95,12.58,12.88,133744342,21.03,21.54,20.92,21.42,80407504,2024-08-09T23:25:57Z
INTC,2007-02-12,12.51,12.61,12.47,12.58,79661110,20.8,20.98,20.75,20.93,47892800,2024-08-09T23:25:57Z
INTC,2007-02-13,12.55,12.6,12.45,12.56,91844997,20.87,20.95,20.7,20.89,55217900,2024-08-09T23:25:57Z
INTC,2007-02-14,12.71,12.81,12.59,12.6,94061391,21.14,21.3,20.94,20.96,56550300,2024-08-09T23:25:57Z
INTC,2007-02-15,12.81,12.84,12.7,12.75,74408436,21.31,21.35,21.13,21.21,44734800,2024-08-09T23:25:57Z
INTC,2007-02-16,12.76,12.87,12.72,12.78,79031995,21.23,21.4,21.15,21.26,47514500,2024-08-09T23:25:57Z
INTC,2007-02-20,12.73,12.82,12.56,12.66,79760956,21.18,21.32,20.9,21.06,47952600,2024-08-09T23:25:57Z
INTC,2007-02-21,12.55,12.62,12.46,12.61,115333006,20.88,20.99,20.73,20.97,69339000,2024-08-09T23:25:57Z
INTC,2007-02-22,12.61,12.67,12.49,12.62,87222112,20.97,21.07,20.78,21,52438500,2024-08-09T23:25:57Z
INTC,2007-02-23,12.48,12.62,12.47,12.52,126022241,20.76,21,20.75,20.83,75765104,2024-08-09T23:25:57Z
INTC,2007-02-26,12.54,12.62,12.34,12.51,120156588,20.85,21,20.52,20.81,72238600,2024-08-09T23:25:57Z
INTC,2007-02-27,12.04,12.38,12.03,12.32,164779733,20.03,20.6,20.01,20.49,99066096,2024-08-09T23:25:57Z
INTC,2007-02-28,11.94,12.14,11.9,12.05,171023802,19.86,20.2,19.8,20.05,102820096,2024-08-09T23:25:57Z
INTC,2007-03-01,11.78,11.9,11.63,11.74,180141791,19.59,19.8,19.34,19.52,108302096,2024-08-09T23:25:57Z
INTC,2007-03-02,11.56,11.78,11.54,11.72,159029902,19.22,19.6,19.2,19.5,95609904,2024-08-09T23:25:57Z
INTC,2007-03-05,11.49,11.7,11.36,11.41,146434770,19.11,19.46,18.9,18.98,88037104,2024-08-09T23:25:57Z
INTC,2007-03-06,11.66,11.66,11.51,11.63,111261166,19.4,19.4,19.15,19.34,66890900,2024-08-09T23:25:57Z
INTC,2007-03-07,11.49,11.69,11.47,11.64,113704199,19.12,19.45,19.08,19.36,68359296,2024-08-09T23:25:57Z
INTC,2007-03-08,11.56,11.62,11.52,11.6,77320194,19.23,19.32,19.16,19.29,46485400,2024-08-09T23:25:57Z
INTC,2007-03-09,11.48,11.68,11.45,11.64,84903600,19.1,19.42,19.05,19.36,51044400,2024-08-09T23:25:57Z
INTC,2007-03-12,11.71,11.81,11.48,11.49,113476667,19.48,19.64,19.09,19.11,68222896,2024-08-09T23:25:57Z
INTC,2007-03-13,11.49,11.72,11.49,11.6,110155988,19.12,19.49,19.12,19.29,66226100,2024-08-09T23:25:57Z
INTC,2007-03-14,11.56,11.57,11.4,11.54,116351380,19.23,19.24,18.96,19.19,69951200,2024-08-09T23:25:57Z
INTC,2007-03-15,11.51,11.6,11.43,11.55,86559550,19.14,19.3,19.01,19.21,52040200,2024-08-09T23:25:57Z
INTC,2007-03-16,11.51,11.55,11.45,11.51,93931652,19.15,19.22,19.05,19.15,56472300,2024-08-09T23:25:57Z
INTC,2007-03-19,11.49,11.59,11.39,11.54,98384814,19.11,19.28,18.95,19.2,59149300,2024-08-09T23:25:57Z
INTC,2007-03-20,11.42,11.5,11.38,11.45,104583970,18.99,19.13,18.92,19.04,62876500,2024-08-09T23:25:57Z
INTC,2007-03-21,11.63,11.64,11.37,11.45,102398225,19.34,19.36,18.91,19.05,61562300,2024-08-09T23:25:57Z
INTC,2007-03-22,11.52,11.61,11.49,11.57,86487544,19.16,19.31,19.11,19.24,51996800,2024-08-09T23:25:57Z
INTC,2007-03-23,11.59,11.64,11.52,11.54,62524372,19.27,19.36,19.16,19.19,37589900,2024-08-09T23:25:57Z
INTC,2007-03-26,11.6,11.63,11.45,11.58,65294953,19.29,19.34,19.05,19.26,39255500,2024-08-09T23:25:57Z
INTC,2007-03-27,11.46,11.59,11.45,11.57,83667561,19.06,19.27,19.04,19.25,50301500,2024-08-09T23:25:57Z
INTC,2007-03-28,11.34,11.45,11.34,11.4,85300053,18.86,19.05,18.86,18.97,51282700,2024-08-09T23:25:57Z
INTC,2007-03-29,11.48,11.48,11.27,11.42,118145581,19.09,19.1,18.75,19,71029696,2024-08-09T23:25:57Z
INTC,2007-03-30,11.5,11.53,11.36,11.48,100071438,19.13,19.18,18.9,19.09,60163700,2024-08-09T23:25:57Z
INTC,2007-04-02,11.5,11.57,11.44,11.52,89963277,19.13,19.24,19.03,19.16,54086600,2024-08-09T23:25:57Z
INTC,2007-04-03,11.61,11.66,11.54,11.55,88532455,19.31,19.4,19.19,19.22,53226300,2024-08-09T23:25:57Z
INTC,2007-04-04,11.65,11.69,11.56,11.63,79390900,19.38,19.44,19.23,19.35,47730400,2024-08-09T23:25:57Z
INTC,2007-04-05,11.77,11.77,11.58,11.6,61042211,19.58,19.58,19.26,19.29,36698900,2024-08-09T23:25:57Z
INTC,2007-04-09,12.08,12.17,11.93,11.95,195600847,20.1,20.24,19.85,19.88,117596000,2024-08-09T23:25:57Z
INTC,2007-04-10,12.43,12.47,12.07,12.08,157688223,20.68,20.74,20.07,20.09,94802800,2024-08-09T23:25:57Z
INTC,2007-04-11,12.31,12.46,12.28,12.38,150894204,20.47,20.73,20.42,20.6,90718600,2024-08-09T23:25:57Z
INTC,2007-04-12,12.32,12.36,12.17,12.25,105930109,20.5,20.55,20.25,20.38,63685700,2024-08-09T23:25:57Z
INTC,2007-04-13,12.3,12.31,12.17,12.27,73196051,20.46,20.48,20.25,20.4,44006000,2024-08-09T23:25:57Z
INTC,2007-04-16,12.44,12.46,12.26,12.27,94214859,20.69,20.73,20.39,20.41,56642300,2024-08-09T23:25:57Z
INTC,2007-04-17,12.61,12.62,12.42,12.43,175658600,20.98,21,20.66,20.67,105607000,2024-08-09T23:25:57Z
INTC,2007-04-18,12.84,12.91,12.62,12.84,187320032,21.35,21.48,21,21.36,112617504,2024-08-09T23:25:57Z
INTC,2007-04-19,13.11,13.17,12.71,12.72,162358868,21.81,21.9,21.14,21.16,97611104,2024-08-09T23:25:57Z
INTC,2007-04-20,13.32,13.35,13.02,13.26,200252027,22.16,22.2,21.66,22.05,120392496,2024-08-09T23:25:57Z
INTC,2007-04-23,13.17,13.3,13.1,13.24,92907586,21.91,22.13,21.79,22.03,55856500,2024-08-09T23:25:57Z
INTC,2007-04-24,13.19,13.28,13.07,13.2,141711643,21.94,22.09,21.74,21.95,85197504,2024-08-09T23:25:57Z
INTC,2007-04-25,13.38,13.41,13.11,13.22,114804458,22.26,22.3,21.8,21.99,69020896,2024-08-09T23:25:57Z
INTC,2007-04-26,13.28,13.36,13.23,13.3,98465722,22.09,22.22,22,22.13,59198000,2024-08-09T23:25:57Z
INTC,2007-04-27,13.15,13.28,13.12,13.17,81204960,21.87,22.09,21.82,21.91,48821000,2024-08-09T23:25:57Z
INTC,2007-04-30,12.93,13.14,12.91,13.09,100533653,21.5,21.85,21.48,21.78,60441300,2024-08-09T23:25:57Z
INTC,2007-05-01,13.11,13.12,12.9,12.96,101012392,21.8,21.83,21.45,21.56,60729300,2024-08-09T23:25:57Z
INTC,2007-05-02,13.18,13.27,13.08,13.09,114205023,21.93,22.07,21.75,21.77,68660496,2024-08-09T23:25:57Z
INTC,2007-05-03,13.14,13.37,13.12,13.36,117725237,21.74,22.13,21.71,22.11,71142000,2024-08-09T23:25:57Z
INTC,2007-05-04,13.23,13.31,13.18,13.26,87776067,21.9,22.02,21.81,21.94,53043600,2024-08-09T23:25:57Z
INTC,2007-05-07,13.27,13.37,13.2,13.28,61200063,21.96,22.13,21.85,21.98,36983400,2024-08-09T23:25:57Z
INTC,2007-05-08,13.39,13.42,13.17,13.28,81981345,22.15,22.2,21.8,21.98,49541900,2024-08-09T23:25:57Z
INTC,2007-05-09,13.58,13.6,13.26,13.32,120221539,22.47,22.51,21.95,22.04,72650304,2024-08-09T23:25:57Z
INTC,2007-05-10,13.42,13.72,13.32,13.51,108444186,22.21,22.7,22.05,22.36,65533300,2024-08-09T23:25:57Z
INTC,2007-05-11,13.46,13.54,13.38,13.49,76610743,22.28,22.4,22.14,22.32,46296200,2024-08-09T23:25:57Z
INTC,2007-05-14,13.37,13.56,13.29,13.51,83090665,22.12,22.44,21.99,22.36,50212000,2024-08-09T23:25:57Z
INTC,2007-05-15,13.3,13.51,13.23,13.34,95016256,22.01,22.36,21.9,22.08,57419000,2024-08-09T23:25:57Z
INTC,2007-05-16,13.4,13.44,13.24,13.32,100634169,22.18,22.24,21.91,22.05,60813800,2024-08-09T23:25:57Z
INTC,2007-05-17,13.43,13.57,13.4,13.48,97166168,22.23,22.46,22.18,22.3,58718000,2024-08-09T23:25:57Z
INTC,2007-05-18,13.72,13.75,13.6,13.71,112899635,22.7,22.75,22.51,22.69,68225696,2024-08-09T23:25:57Z
INTC,2007-05-21,13.68,13.83,13.62,13.72,84661030,22.63,22.89,22.53,22.7,51161000,2024-08-09T23:25:57Z
INTC,2007-05-22,13.89,13.95,13.71,13.83,109966596,22.99,23.08,22.69,22.89,66453500,2024-08-09T23:25:57Z
INTC,2007-05-23,13.7,13.98,13.69,13.89,105288183,22.67,23.14,22.65,22.99,63626200,2024-08-09T23:25:57Z
INTC,2007-05-24,13.28,13.75,13.19,13.73,143963847,21.97,22.75,21.82,22.72,86998200,2024-08-09T23:25:57Z
INTC,2007-05-25,13.39,13.48,13.32,13.37,62944199,22.16,22.3,22.04,22.12,38037500,2024-08-09T23:25:57Z
INTC,2007-05-29,13.48,13.55,13.37,13.4,79723323,22.3,22.43,22.12,22.17,48177200,2024-08-09T23:25:57Z
INTC,2007-05-30,13.34,13.48,13.2,13.34,96955846,22.08,22.3,21.85,22.07,58591100,2024-08-09T23:25:57Z
INTC,2007-05-31,13.4,13.41,13.25,13.38,81646927,22.18,22.19,21.92,22.14,49339700,2024-08-09T23:25:57Z
INTC,2007-06-01,13.51,13.66,13.49,13.63,80289355,22.36,22.6,22.32,22.56,48519400,2024-08-09T23:25:57Z
INTC,2007-06-04,13.39,13.62,13.37,13.44,79332613,22.16,22.54,22.12,22.24,47941100,2024-08-09T23:25:57Z
INTC,2007-06-05,13.27,13.44,13.21,13.37,92553851,21.96,22.24,21.86,22.12,55930600,2024-08-09T23:25:57Z
INTC,2007-06-06,12.99,13.28,12.97,13.22,114270238,21.49,21.97,21.46,21.88,69054000,2024-08-09T23:25:57Z
INTC,2007-06-07,12.88,13.07,12.87,12.88,108287204,21.31,21.63,21.29,21.32,65438300,2024-08-09T23:25:57Z
INTC,2007-06-08,13.19,13.22,12.9,12.96,100913607,21.83,21.88,21.35,21.45,60982700,2024-08-09T23:25:57Z
INTC,2007-06-11,13.25,13.34,13.11,13.14,69660398,21.93,22.08,21.69,21.75,42096100,2024-08-09T23:25:57Z
INTC,2007-06-12,13.42,13.6,13.2,13.21,98808509,22.2,22.5,21.84,21.86,59710600,2024-08-09T23:25:57Z
INTC,2007-06-13,13.7,13.83,13.42,13.46,124819039,22.67,22.88,22.2,22.27,75428800,2024-08-09T23:25:57Z
INTC,2007-06-14,14.04,14.22,13.68,13.68,141779119,23.23,23.53,22.63,22.64,85677800,2024-08-09T23:25:57Z
INTC,2007-06-15,14.65,14.65,14.38,14.49,263349762,24.24,24.25,23.8,23.98,159144096,2024-08-09T23:25:57Z
INTC,2007-06-18,14.61,14.69,14.39,14.61,94522322,24.17,24.31,23.81,24.18,57120500,2024-08-09T23:25:57Z
INTC,2007-06-19,14.56,14.78,14.48,14.52,111137878,24.1,24.45,23.96,24.03,67161400,2024-08-09T23:25:57Z
INTC,2007-06-20,14.47,14.71,14.44,14.64,104259494,23.94,24.35,23.9,24.22,63004700,2024-08-09T23:25:57Z
INTC,2007-06-21,14.68,14.73,14.38,14.43,92916787,24.29,24.38,23.79,23.87,56150200,2024-08-09T23:25:57Z
INTC,2007-06-22,14.32,14.64,14.32,14.61,116605090,23.7,24.23,23.69,24.18,70464896,2024-08-09T23:25:57Z
INTC,2007-06-25,14.19,14.44,14.08,14.35,82886671,23.48,23.89,23.3,23.75,50088900,2024-08-09T23:25:57Z
INTC,2007-06-26,14.13,14.33,14.1,14.25,81589305,23.38,23.72,23.34,23.58,49305000,2024-08-09T23:25:57Z
INTC,2007-06-27,14.38,14.41,14.07,14.07,84055660,23.79,23.85,23.28,23.29,50795200,2024-08-09T23:25:57Z
INTC,2007-06-28,14.46,14.61,14.42,14.58,78865675,23.92,24.17,23.86,24.13,47659000,2024-08-09T23:25:57Z
INTC,2007-06-29,14.35,14.64,14.23,14.48,83786172,23.74,24.22,23.55,23.96,50632400,2024-08-09T23:25:57Z
INTC,2007-07-02,14.67,14.69,14.42,14.43,80752504,24.27,24.3,23.86,23.88,48799200,2024-08-09T23:25:57Z
INTC,2007-07-03,14.86,14.87,14.66,14.69,48326956,24.59,24.6,24.26,24.31,29204300,2024-08-09T23:25:57Z
INTC,2007-07-05,14.87,14.92,14.76,14.79,59206705,24.6,24.69,24.43,24.48,35778900,2024-08-09T23:25:57Z
INTC,2007-07-06,14.91,15.02,14.81,14.82,78865527,24.68,24.85,24.51,24.52,47659000,2024-08-09T23:25:57Z
INTC,2007-07-09,15.08,15.12,14.98,14.99,126299726,24.96,25.02,24.79,24.81,76323800,2024-08-09T23:25:57Z
INTC,2007-07-10,15.09,15.22,14.96,14.97,107424693,24.97,25.18,24.75,24.78,64917300,2024-08-09T23:25:57Z
INTC,2007-07-11,14.85,15.05,14.78,15,92751506,24.57,24.9,24.45,24.82,56050300,2024-08-09T23:25:57Z
INTC,2007-07-12,15.71,15.71,14.85,14.96,222901430,26,26,24.57,24.75,134700192,2024-08-09T23:25:57Z
INTC,2007-07-13,15.69,15.71,15.52,15.59,106198697,25.97,26,25.68,25.8,64176400,2024-08-09T23:25:57Z
INTC,2007-07-16,15.68,15.74,15.61,15.67,82797677,25.95,26.04,25.83,25.93,50035000,2024-08-09T23:25:57Z
INTC,2007-07-17,15.91,16.03,15.7,15.75,201849761,26.33,26.52,25.98,26.06,121979200,2024-08-09T23:25:57Z
INTC,2007-07-18,15.14,15.31,14.99,15.08,222454313,25.06,25.34,24.81,24.96,134430400,2024-08-09T23:25:57Z
INTC,2007-07-19,15.26,15.3,15.16,15.19,103594184,25.26,25.32,25.09,25.13,62602300,2024-08-09T23:25:57Z
INTC,2007-07-20,14.84,15.29,14.79,15.28,158015277,24.55,25.3,24.48,25.28,95489504,2024-08-09T23:25:57Z
INTC,2007-07-23,14.94,15.09,14.85,14.88,93364561,24.72,24.97,24.57,24.62,56420600,2024-08-09T23:25:57Z
INTC,2007-07-24,14.82,15.05,14.75,14.75,115581714,24.53,24.9,24.41,24.41,69846600,2024-08-09T23:25:57Z
INTC,2007-07-25,14.81,14.94,14.73,14.91,84149899,24.5,24.72,24.37,24.68,50852300,2024-08-09T23:25:57Z
INTC,2007-07-26,14.5,14.77,14.28,14.71,143482210,24,24.44,23.63,24.34,86706896,2024-08-09T23:25:57Z
INTC,2007-07-27,14.23,14.53,14.22,14.44,130770259,23.54,24.05,23.53,23.89,79024896,2024-08-09T23:25:57Z
INTC,2007-07-30,14.41,14.59,14.23,14.27,114957141,23.85,24.15,23.55,23.62,69469296,2024-08-09T23:25:57Z
INTC,2007-07-31,14.27,14.61,14.26,14.56,101888179,23.62,24.18,23.59,24.1,61571600,2024-08-09T23:25:57Z
INTC,2007-08-01,14.38,14.48,14.03,14.24,153506307,23.8,23.96,23.22,23.56,92764896,2024-08-09T23:25:57Z
INTC,2007-08-02,14.68,14.76,14.26,14.36,123967625,24.3,24.43,23.59,23.77,74914200,2024-08-09T23:25:57Z
INTC,2007-08-03,14.52,14.87,14.5,14.71,127167671,23.91,24.49,23.88,24.23,77205296,2024-08-09T23:25:57Z
INTC,2007-08-06,14.65,14.69,14.44,14.6,105119674,24.13,24.2,23.78,24.05,63819800,2024-08-09T23:25:57Z
INTC,2007-08-07,14.65,14.77,14.42,14.6,98656651,24.13,24.32,23.75,24.04,59896000,2024-08-09T23:25:57Z
INTC,2007-08-08,14.98,15.04,14.68,14.77,124658416,24.68,24.77,24.18,24.33,75682000,2024-08-09T23:25:57Z
INTC,2007-08-09,14.52,15.02,14.52,14.77,117542074,23.92,24.74,23.92,24.32,71361600,2024-08-09T23:25:57Z
INTC,2007-08-10,14.56,14.78,14.27,14.48,113308641,23.98,24.34,23.5,23.85,68791296,2024-08-09T23:25:57Z
INTC,2007-08-13,14.58,14.77,14.55,14.69,83789244,24.02,24.32,23.96,24.19,50869700,2024-08-09T23:25:57Z
INTC,2007-08-14,14.45,14.8,14.44,14.61,91368121,23.8,24.38,23.78,24.06,55471200,2024-08-09T23:25:57Z
INTC,2007-08-15,14.1,14.56,14.09,14.44,104185270,23.22,23.99,23.21,23.78,63252400,2024-08-09T23:25:57Z
INTC,2007-08-16,14.02,14.32,13.41,14.1,194219111,23.1,23.59,22.09,23.23,117913696,2024-08-09T23:25:57Z
INTC,2007-08-17,14.39,14.57,14.17,14.51,155397187,23.7,24,23.34,23.9,94343800,2024-08-09T23:25:57Z
INTC,2007-08-20,14.64,14.75,14.36,14.45,94462629,24.11,24.29,23.66,23.8,57349900,2024-08-09T23:25:57Z
INTC,2007-08-21,14.5,14.6,14.39,14.52,95640871,23.89,24.05,23.71,23.91,58065100,2024-08-09T23:25:57Z
INTC,2007-08-22,14.66,14.69,14.53,14.63,83985887,24.15,24.2,23.94,24.1,50989000,2024-08-09T23:25:57Z
INTC,2007-08-23,14.71,14.77,14.57,14.75,63596669,24.23,24.32,24,24.29,38610500,2024-08-09T23:25:57Z
INTC,2007-08-24,15.05,15.11,14.61,14.76,85158230,24.79,24.88,24.07,24.31,51700900,2024-08-09T23:25:57Z
INTC,2007-08-27,14.84,15,14.79,15,75430329,24.45,24.71,24.37,24.71,45795000,2024-08-09T23:25:57Z
INTC,2007-08-28,14.55,14.88,14.53,14.72,92567145,23.96,24.51,23.93,24.25,56199000,2024-08-09T23:25:57Z
INTC,2007-08-29,15.23,15.3,14.7,14.75,135337262,25.09,25.2,24.22,24.29,82165200,2024-08-09T23:25:57Z
INTC,2007-08-30,15.35,15.55,15.11,15.12,113348797,25.28,25.62,24.89,24.91,68815904,2024-08-09T23:25:57Z
INTC,2007-08-31,15.63,15.66,15.5,15.52,93589091,25.75,25.8,25.53,25.56,56819300,2024-08-09T23:25:57Z
INTC,2007-09-04,15.89,16.05,15.63,15.68,128281721,26.18,26.43,25.75,25.82,77881904,2024-08-09T23:25:57Z
INTC,2007-09-05,15.78,15.91,15.66,15.78,98163560,25.99,26.2,25.79,25.99,59596500,2024-08-09T23:25:57Z
INTC,2007-09-06,15.88,15.93,15.71,15.8,81689739,26.15,26.23,25.88,26.02,49595200,2024-08-09T23:25:57Z
INTC,2007-09-07,15.46,15.63,15.34,15.59,108195613,25.47,25.74,25.26,25.68,65687100,2024-08-09T23:25:57Z
INTC,2007-09-10,15.39,15.92,15.32,15.74,176877297,25.35,26.22,25.24,25.92,107385104,2024-08-09T23:25:57Z
INTC,2007-09-11,15.58,15.72,15.34,15.49,102059882,25.66,25.89,25.26,25.51,61962200,2024-08-09T23:25:57Z
INTC,2007-09-12,15.46,15.69,15.38,15.49,100328259,25.46,25.85,25.33,25.51,60911000,2024-08-09T23:25:57Z
INTC,2007-09-13,15.39,15.57,15.33,15.52,107137449,25.35,25.64,25.25,25.57,65044900,2024-08-09T23:25:57Z
INTC,2007-09-14,15.14,15.29,14.94,15.14,110124772,24.93,25.19,24.6,24.94,66858500,2024-08-09T23:25:57Z
INTC,2007-09-17,15.09,15.23,15.03,15.1,76377995,24.85,25.08,24.76,24.87,46370200,2024-08-09T23:25:57Z
INTC,2007-09-18,15.43,15.47,15.11,15.15,118719620,25.41,25.49,24.89,24.95,72076496,2024-08-09T23:25:57Z
INTC,2007-09-19,15.59,15.65,15.44,15.56,113846404,25.68,25.78,25.43,25.63,69117800,2024-08-09T23:25:57Z
INTC,2007-09-20,15.67,15.76,15.47,15.49,85603376,25.81,25.96,25.48,25.51,51971300,2024-08-09T23:25:57Z
INTC,2007-09-21,15.71,15.81,15.64,15.79,115976605,25.87,26.05,25.76,26.01,70411296,2024-08-09T23:25:57Z
INTC,2007-09-24,15.77,15.93,15.68,15.77,82919273,25.98,26.24,25.82,25.98,50341700,2024-08-09T23:25:57Z
INTC,2007-09-25,15.72,15.89,15.64,15.68,83453416,25.89,26.17,25.76,25.83,50665800,2024-08-09T23:25:57Z
INTC,2007-09-26,15.73,16,15.66,15.77,113064056,25.91,26.36,25.8,25.98,68643104,2024-08-09T23:25:57Z
INTC,2007-09-27,15.64,15.85,15.6,15.84,78306823,25.76,26.1,25.7,26.09,47541300,2024-08-09T23:25:57Z
INTC,2007-09-28,15.7,15.8,15.59,15.62,72577990,25.86,26.02,25.67,25.72,44063200,2024-08-09T23:25:57Z
INTC,2007-10-01,16.01,16.12,15.7,15.81,90053417,26.37,26.55,25.86,26.04,54672700,2024-08-09T23:25:57Z
INTC,2007-10-02,16.02,16.14,15.88,15.96,75682339,26.38,26.58,26.16,26.28,45947900,2024-08-09T23:25:57Z
INTC,2007-10-03,15.67,15.81,15.52,15.72,125660049,25.81,26.05,25.57,25.89,76290400,2024-08-09T23:25:57Z
INTC,2007-10-04,15.54,15.68,15.4,15.66,73158198,25.6,25.83,25.37,25.8,44415600,2024-08-09T23:25:57Z
INTC,2007-10-05,15.51,15.75,15.47,15.66,118942185,25.54,25.94,25.49,25.8,72211504,2024-08-09T23:25:57Z
INTC,2007-10-08,15.58,15.64,15.46,15.48,57001944,25.66,25.76,25.47,25.5,34606800,2024-08-09T23:25:57Z
INTC,2007-10-09,15.69,15.7,15.51,15.59,72280646,25.84,25.86,25.55,25.68,43882800,2024-08-09T23:25:57Z
INTC,2007-10-10,15.71,15.74,15.56,15.71,63124026,25.88,25.93,25.63,25.88,38323700,2024-08-09T23:25:57Z
INTC,2007-10-11,15.44,15.89,15.28,15.71,150346830,25.43,26.18,25.16,25.87,91278200,2024-08-09T23:25:57Z
INTC,2007-10-12,15.51,15.59,15.38,15.54,80166299,25.55,25.68,25.33,25.6,48670200,2024-08-09T23:25:57Z
INTC,2007-10-15,15.63,15.83,15.52,15.57,122902338,25.75,26.07,25.57,25.64,74615800,2024-08-09T23:25:57Z
INTC,2007-10-16,15.47,15.77,15.34,15.62,177817269,25.48,25.98,25.27,25.72,107955600,2024-08-09T23:25:57Z
INTC,2007-10-17,16.22,16.38,15.94,16.27,309440969,26.72,26.98,26.25,26.79,187866096,2024-08-09T23:25:57Z
INTC,2007-10-18,16.37,16.38,16.07,16.09,109057373,26.97,26.98,26.47,26.51,66210400,2024-08-09T23:25:57Z
INTC,2007-10-19,15.97,16.3,15.95,16.3,133051265,26.3,26.85,26.27,26.84,80777296,2024-08-09T23:25:57Z
INTC,2007-10-22,16.17,16.2,15.69,15.76,103440341,26.64,26.69,25.85,25.95,62800400,2024-08-09T23:25:57Z
INTC,2007-10-23,16.27,16.28,15.88,16.16,110859591,26.8,26.82,26.16,26.62,67304600,2024-08-09T23:25:57Z
INTC,2007-10-24,15.79,16.02,15.46,15.98,147902755,26.01,26.39,25.46,26.33,89794200,2024-08-09T23:25:57Z
INTC,2007-10-25,15.72,15.94,15.5,15.89,95030306,25.89,26.25,25.53,26.18,57694300,2024-08-09T23:25:57Z
INTC,2007-10-26,15.75,16.06,15.65,15.97,101532749,25.94,26.45,25.78,26.3,61642200,2024-08-09T23:25:57Z
INTC,2007-10-29,15.94,16,15.79,15.81,87733460,26.26,26.35,26,26.05,53264500,2024-08-09T23:25:57Z
INTC,2007-10-30,15.95,16.01,15.85,15.85,68271954,26.27,26.37,26.1,26.11,41448900,2024-08-09T23:25:57Z
INTC,2007-10-31,16.33,16.33,16,16.01,106765727,26.9,26.9,26.35,26.37,64819100,2024-08-09T23:25:57Z
INTC,2007-11-01,16.09,16.44,16.09,16.21,142634289,26.5,27.08,26.5,26.7,86595696,2024-08-09T23:25:57Z
INTC,2007-11-02,16.27,16.37,16.03,16.24,96577475,26.8,26.96,26.4,26.75,58633700,2024-08-09T23:25:57Z
INTC,2007-11-05,16.36,16.48,16.12,16.2,89789511,26.84,27.03,26.44,26.58,54742500,2024-08-09T23:25:57Z
INTC,2007-11-06,16.76,16.78,16.44,16.44,113723148,27.49,27.52,26.96,26.96,69334304,2024-08-09T23:25:57Z
INTC,2007-11-07,16.4,16.79,16.38,16.61,117255617,26.9,27.54,26.87,27.24,71488000,2024-08-09T23:25:57Z
INTC,2007-11-08,15.81,16.44,15.42,16.39,149923562,25.93,26.97,25.29,26.89,91404800,2024-08-09T23:25:57Z
INTC,2007-11-09,15.33,15.64,15.24,15.46,117591376,25.15,25.65,25,25.36,71692400,2024-08-09T23:25:57Z
INTC,2007-11-12,15.42,15.59,15.3,15.49,119178917,25.29,25.57,25.1,25.41,72660496,2024-08-09T23:25:57Z
INTC,2007-11-13,15.94,15.94,15.42,15.6,101886606,26.14,26.14,25.29,25.59,62117700,2024-08-09T23:25:57Z
INTC,2007-11-14,15.76,16.17,15.71,16.16,103764131,25.85,26.52,25.77,26.5,63262400,2024-08-09T23:25:57Z
INTC,2007-11-15,15.56,15.89,15.41,15.75,109925317,25.53,26.06,25.28,25.84,67018700,2024-08-09T23:25:57Z
INTC,2007-11-16,15.55,15.72,15.35,15.56,131946445,25.51,25.78,25.17,25.53,80444400,2024-08-09T23:25:57Z
INTC,2007-11-19,15.35,15.61,15.3,15.52,85813375,25.17,25.6,25.1,25.45,52318200,2024-08-09T23:25:57Z
INTC,2007-11-20,15.56,15.7,15.19,15.46,122514665,25.52,25.75,24.91,25.35,74694096,2024-08-09T23:25:57Z
INTC,2007-11-21,15.02,15.42,14.96,15.38,114090752,24.63,25.29,24.54,25.23,69558304,2024-08-09T23:25:57Z
INTC,2007-11-23,15.28,15.3,14.97,15.11,60010473,25.07,25.1,24.55,24.78,36587000,2024-08-09T23:25:57Z
INTC,2007-11-26,14.86,15.44,14.83,15.27,87189619,24.37,25.32,24.32,25.04,53157400,2024-08-09T23:25:57Z
INTC,2007-11-27,15.31,15.34,14.93,15.09,103225104,25.11,25.16,24.49,24.75,62933600,2024-08-09T23:25:57Z
INTC,2007-11-28,15.97,16.04,15.55,15.57,98645600,26.19,26.31,25.5,25.54,60141800,2024-08-09T23:25:57Z
INTC,2007-11-29,16.06,16.14,15.86,15.89,70976020,26.34,26.47,26.01,26.07,43272200,2024-08-09T23:25:57Z
INTC,2007-11-30,15.9,16.25,15.68,16.25,107541067,26.08,26.66,25.72,26.66,65565000,2024-08-09T23:25:57Z
INTC,2007-12-03,16,16.33,15.86,15.87,92067728,26.25,26.78,26.01,26.03,56131500,2024-08-09T23:25:57Z
INTC,2007-12-04,16.04,16.17,15.75,15.75,72998167,26.31,26.52,25.83,25.84,44505300,2024-08-09T23:25:57Z
INTC,2007-12-05,16.6,16.74,16.39,16.39,112393332,27.22,27.46,26.89,26.89,68523600,2024-08-09T23:25:57Z
INTC,2007-12-06,17.06,17.07,16.57,16.59,99252915,27.98,27.99,27.17,27.22,60512000,2024-08-09T23:25:57Z
INTC,2007-12-07,16.91,17.01,16.81,16.93,77923922,27.73,27.9,27.57,27.77,47508300,2024-08-09T23:25:57Z
INTC,2007-12-10,16.94,17,16.61,16.8,74579611,27.78,27.88,27.25,27.56,45469400,2024-08-09T23:25:57Z
INTC,2007-12-11,16.42,16.96,16.41,16.94,110845266,26.93,27.82,26.91,27.79,67579800,2024-08-09T23:25:57Z
INTC,2007-12-12,16.63,16.9,16.39,16.72,92794381,27.28,27.72,26.89,27.43,56574300,2024-08-09T23:25:57Z
INTC,2007-12-13,16.56,16.77,16.34,16.45,87698221,27.16,27.5,26.81,26.98,53467500,2024-08-09T23:25:57Z
INTC,2007-12-14,16.03,16.36,15.97,16.35,112755344,26.29,26.84,26.19,26.82,68744304,2024-08-09T23:25:57Z
INTC,2007-12-17,15.68,16.02,15.47,15.99,106319046,25.72,26.28,25.38,26.23,64819900,2024-08-09T23:25:57Z
INTC,2007-12-18,15.8,15.94,15.6,15.8,73333240,25.91,26.14,25.59,25.92,44709500,2024-08-09T23:25:57Z
INTC,2007-12-19,15.97,16,15.74,15.76,55081437,26.19,26.25,25.82,25.85,33581800,2024-08-09T23:25:57Z
INTC,2007-12-20,16.1,16.18,15.86,16.18,65778559,26.41,26.53,26.01,26.53,40103500,2024-08-09T23:25:57Z
INTC,2007-12-21,16.44,16.44,16.2,16.32,96556908,26.96,26.96,26.58,26.76,58868200,2024-08-09T23:25:57Z
INTC,2007-12-24,16.65,16.69,16.31,16.35,36882491,27.31,27.37,26.75,26.82,22486300,2024-08-09T23:25:57Z
INTC,2007-12-26,16.74,16.75,16.54,16.58,34961371,27.45,27.47,27.13,27.2,21315100,2024-08-09T23:25:57Z
INTC,2007-12-27,16.36,16.72,16.32,16.68,48521040,26.83,27.42,26.77,27.36,29582100,2024-08-09T23:25:57Z
INTC,2007-12-28,16.31,16.63,16.25,16.53,58013546,26.76,27.27,26.65,27.11,35369400,2024-08-09T23:25:57Z
INTC,2007-12-31,16.25,16.46,16.21,16.24,38853242,26.66,27,26.59,26.63,23687800,2024-08-09T23:25:57Z
INTC,2008-01-02,15.46,16.06,15.21,16.02,138235110,25.35,26.34,24.95,26.28,84278704,2024-08-09T23:25:57Z
INTC,2008-01-03,15.04,15.49,14.86,15.47,139730679,24.67,25.4,24.38,25.37,85190400,2024-08-09T23:25:57Z
INTC,2008-01-04,13.82,14.39,13.63,14.3,285551651,22.67,23.6,22.35,23.46,174093296,2024-08-09T23:25:57Z
INTC,2008-01-07,13.95,14.04,13.63,13.9,183808272,22.88,23.03,22.36,22.8,112063600,2024-08-09T23:25:57Z
INTC,2008-01-08,13.57,14.1,13.55,13.97,132071190,22.26,23.13,22.23,22.92,80520704,2024-08-09T23:25:57Z
INTC,2008-01-09,13.87,13.94,13.57,13.66,120160134,22.75,22.87,22.26,22.4,73258600,2024-08-09T23:25:57Z
INTC,2008-01-10,13.74,13.84,13.54,13.76,133160874,22.54,22.7,22.2,22.57,81185000,2024-08-09T23:25:57Z
INTC,2008-01-11,13.41,13.63,13.27,13.56,124494089,21.99,22.36,21.77,22.25,75901200,2024-08-09T23:25:57Z
INTC,2008-01-14,14.07,14.14,13.66,13.96,139472493,23.08,23.2,22.41,22.89,85032896,2024-08-09T23:25:57Z
INTC,2008-01-15,13.83,14.14,13.72,14.02,216407672,22.69,23.2,22.51,23,131938096,2024-08-09T23:25:57Z
INTC,2008-01-16,12.12,12.43,12.01,12.21,508589653,19.88,20.39,19.7,20.03,310073408,2024-08-09T23:25:57Z
INTC,2008-01-17,11.79,12.22,11.71,12.21,283438663,19.33,20.05,19.21,20.02,172805200,2024-08-09T23:25:57Z
INTC,2008-01-18,11.58,11.98,11.55,11.82,235968841,19,19.65,18.95,19.39,143864000,2024-08-09T23:25:57Z
INTC,2008-01-22,11.36,11.58,11.01,11.1,241236667,18.63,19,18.05,18.2,147075392,2024-08-09T23:25:57Z
INTC,2008-01-23,12.18,12.32,11.12,11.18,285249330,19.98,20.21,18.24,18.33,173909296,2024-08-09T23:25:57Z
INTC,2008-01-24,12.61,12.64,12.24,12.29,148248869,20.69,20.74,20.07,20.15,90383800,2024-08-09T23:25:57Z
INTC,2008-01-25,12.19,12.97,12.19,12.97,171732662,20,21.28,20,21.27,104701104,2024-08-09T23:25:57Z
INTC,2008-01-28,12.37,12.38,11.96,12.12,112573318,20.29,20.3,19.62,19.88,68633104,2024-08-09T23:25:57Z
INTC,2008-01-29,12.5,12.56,12.35,12.46,128537226,20.5,20.61,20.25,20.44,78365696,2024-08-09T23:25:57Z
INTC,2008-01-30,12.61,12.94,12.37,12.41,157551513,20.69,21.22,20.29,20.36,96055400,2024-08-09T23:25:57Z
INTC,2008-01-31,12.86,13.01,12.41,12.46,165257923,21.1,21.34,20.36,20.44,100753296,2024-08-09T23:25:57Z
INTC,2008-02-01,13.27,13.3,12.94,13.05,108406487,21.77,21.82,21.22,21.4,66092600,2024-08-09T23:25:57Z
INTC,2008-02-04,12.93,13.26,12.9,13.25,107810151,21.2,21.75,21.16,21.74,65729100,2024-08-09T23:25:57Z
INTC,2008-02-05,12.34,12.8,12.33,12.69,139541755,20.12,20.87,20.1,20.69,85590000,2024-08-09T23:25:57Z
INTC,2008-02-06,12.22,12.53,12.21,12.35,119514290,19.92,20.43,19.9,20.14,73305696,2024-08-09T23:25:57Z
INTC,2008-02-07,12.3,12.49,11.96,12.06,125455516,20.05,20.36,19.5,19.66,76949600,2024-08-09T23:25:57Z
INTC,2008-02-08,12.43,12.47,12.24,12.24,88319410,20.27,20.33,19.95,19.96,54172000,2024-08-09T23:25:57Z
INTC,2008-02-11,12.68,12.77,12.36,12.51,87668276,20.68,20.82,20.15,20.4,53772700,2024-08-09T23:25:57Z
INTC,2008-02-12,12.82,12.87,12.61,12.7,94136821,20.9,20.99,20.56,20.7,57740100,2024-08-09T23:25:57Z
INTC,2008-02-13,13.01,13.05,12.79,12.92,81173642,21.21,21.28,20.86,21.06,49788800,2024-08-09T23:25:57Z
INTC,2008-02-14,12.55,12.87,12.55,12.86,116706481,20.46,20.99,20.46,20.96,71583400,2024-08-09T23:25:57Z
INTC,2008-02-15,12.33,12.6,12.26,12.46,127600067,20.11,20.54,19.98,20.31,78265600,2024-08-09T23:25:57Z
INTC,2008-02-19,12.37,12.68,12.3,12.51,107157074,20.16,20.68,20.05,20.4,65726200,2024-08-09T23:25:57Z
INTC,2008-02-20,12.5,12.58,12.37,12.38,117394324,20.38,20.51,20.16,20.18,72005696,2024-08-09T23:25:57Z
INTC,2008-02-21,12.45,12.87,12.35,12.64,128627908,20.3,20.99,20.13,20.61,78895800,2024-08-09T23:25:57Z
INTC,2008-02-22,12.16,12.57,11.97,12.56,218929384,19.82,20.5,19.51,20.47,134283696,2024-08-09T23:25:57Z
INTC,2008-02-25,12.23,12.26,11.97,12.11,134342017,19.94,19.98,19.52,19.75,82400704,2024-08-09T23:25:57Z
INTC,2008-02-26,12.69,12.8,12.13,12.14,132252637,20.69,20.87,19.77,19.8,81119000,2024-08-09T23:25:57Z
INTC,2008-02-27,12.74,12.81,12.41,12.41,132028306,20.77,20.89,20.23,20.24,80981600,2024-08-09T23:25:57Z
INTC,2008-02-28,12.57,12.71,12.46,12.6,91535738,20.49,20.72,20.32,20.54,56144600,2024-08-09T23:25:57Z
INTC,2008-02-29,12.25,12.51,12.23,12.47,125814635,19.97,20.39,19.94,20.33,77170304,2024-08-09T23:25:57Z
INTC,2008-03-03,12.27,12.5,12.22,12.3,123516023,20.01,20.38,19.93,20.06,75760200,2024-08-09T23:25:57Z
INTC,2008-03-04,12.27,12.3,11.92,12.05,202329448,20,20.05,19.44,19.65,124101800,2024-08-09T23:25:57Z
INTC,2008-03-05,12.39,12.41,12.17,12.29,101462043,20.2,20.23,19.84,20.04,62233400,2024-08-09T23:25:57Z
INTC,2008-03-06,12.19,12.4,12.16,12.33,106881769,19.87,20.22,19.83,20.1,65557200,2024-08-09T23:25:57Z
INTC,2008-03-07,12.31,12.51,12.11,12.15,120190122,20.07,20.39,19.75,19.81,73720200,2024-08-09T23:25:57Z
INTC,2008-03-10,12.34,12.57,12.25,12.34,109175815,20.12,20.5,19.97,20.11,66964600,2024-08-09T23:25:57Z
INTC,2008-03-11,13,13.02,12.54,12.56,127449122,21.2,21.22,20.45,20.48,78172600,2024-08-09T23:25:57Z
INTC,2008-03-12,12.95,13.18,12.87,12.98,86471816,21.12,21.49,20.98,21.17,53038500,2024-08-09T23:25:57Z
INTC,2008-03-13,13.05,13.18,12.72,12.77,108876024,21.28,21.49,20.74,20.82,66780700,2024-08-09T23:25:57Z
INTC,2008-03-14,12.67,13.15,12.59,13.03,130511242,20.66,21.44,20.53,21.24,80050896,2024-08-09T23:25:57Z
INTC,2008-03-17,12.79,12.97,12.36,12.37,110004683,20.85,21.15,20.15,20.17,67472704,2024-08-09T23:25:57Z
INTC,2008-03-18,13.34,13.34,13,13.06,118004020,21.75,21.75,21.19,21.3,72379600,2024-08-09T23:25:57Z
INTC,2008-03-19,12.94,13.33,12.93,13.21,113584671,21.09,21.73,21.08,21.53,69668496,2024-08-09T23:25:57Z
INTC,2008-03-20,13.34,13.35,12.94,13.17,109844775,21.75,21.76,21.09,21.47,67375000,2024-08-09T23:25:57Z
INTC,2008-03-24,13.57,13.77,13.34,13.35,87723241,22.13,22.45,21.75,21.76,53806100,2024-08-09T23:25:57Z
INTC,2008-03-25,13.66,13.74,13.51,13.69,78647684,22.27,22.4,22.03,22.32,48239600,2024-08-09T23:25:57Z
INTC,2008-03-26,13.41,13.54,13.32,13.51,84570079,21.86,22.07,21.71,22.03,51872100,2024-08-09T23:25:57Z
INTC,2008-03-27,12.94,13.44,12.94,13.42,116619750,21.09,21.91,21.09,21.88,71530096,2024-08-09T23:25:57Z
INTC,2008-03-28,12.75,13.14,12.71,13,96893818,20.79,21.43,20.73,21.2,59431000,2024-08-09T23:25:57Z
INTC,2008-03-31,12.99,13.08,12.68,12.7,78378274,21.18,21.33,20.67,20.71,48074600,2024-08-09T23:25:57Z
INTC,2008-04-01,13.48,13.49,13.13,13.19,90496385,21.97,22,21.4,21.51,55507200,2024-08-09T23:25:57Z
INTC,2008-04-02,13.4,13.51,13.28,13.51,71376066,21.85,22.03,21.65,22.03,43779500,2024-08-09T23:25:57Z
INTC,2008-04-03,13.45,13.55,13.21,13.31,73858765,21.93,22.1,21.53,21.7,45302400,2024-08-09T23:25:57Z
INTC,2008-04-04,13.41,13.6,13.29,13.46,67478055,21.87,22.18,21.67,21.94,41388700,2024-08-09T23:25:57Z
INTC,2008-04-07,13.34,13.55,13.29,13.45,64698939,21.75,22.09,21.66,21.92,39684100,2024-08-09T23:25:57Z
INTC,2008-04-08,12.93,13.21,12.9,13.12,90063088,21.08,21.54,21.04,21.39,55241400,2024-08-09T23:25:57Z
INTC,2008-04-09,13.14,13.14,12.74,12.92,103456663,21.42,21.43,20.77,21.06,63456800,2024-08-09T23:25:57Z
INTC,2008-04-10,13.54,13.76,13.22,13.23,117488763,22.08,22.44,21.55,21.57,72063504,2024-08-09T23:25:57Z
INTC,2008-04-11,13.03,13.44,12.95,13.38,109114247,21.24,21.91,21.11,21.81,66927000,2024-08-09T23:25:57Z
INTC,2008-04-14,12.69,13.06,12.66,12.95,97958482,20.69,21.3,20.64,21.12,60084200,2024-08-09T23:25:57Z
INTC,2008-04-15,12.83,12.84,12.57,12.82,152401504,20.91,20.94,20.5,20.91,93477296,2024-08-09T23:25:57Z
INTC,2008-04-16,13.57,13.79,13.41,13.76,177756852,22.13,22.48,21.86,22.43,109029296,2024-08-09T23:25:57Z
INTC,2008-04-17,13.56,13.68,13.45,13.6,94159271,22.11,22.3,21.92,22.17,57754000,2024-08-09T23:25:57Z
INTC,2008-04-18,13.83,13.88,13.63,13.84,111333875,22.55,22.63,22.23,22.57,68288400,2024-08-09T23:25:57Z
INTC,2008-04-21,13.78,13.85,13.7,13.79,77947586,22.46,22.58,22.33,22.48,47810400,2024-08-09T23:25:57Z
INTC,2008-04-22,13.49,13.74,13.41,13.67,91794912,21.99,22.41,21.87,22.28,56303800,2024-08-09T23:25:57Z
INTC,2008-04-23,13.84,13.84,13.49,13.62,101045649,22.56,22.57,22,22.2,61977800,2024-08-09T23:25:57Z
INTC,2008-04-24,13.92,14.12,13.7,13.85,83645781,22.69,23.02,22.34,22.58,51305200,2024-08-09T23:25:57Z
INTC,2008-04-25,13.84,13.89,13.53,13.88,77611783,22.56,22.64,22.06,22.63,47604300,2024-08-09T23:25:57Z
INTC,2008-04-28,13.93,14.01,13.7,13.76,77763914,22.71,22.84,22.33,22.43,47697600,2024-08-09T23:25:57Z
INTC,2008-04-29,13.87,13.98,13.77,13.88,66301385,22.62,22.8,22.45,22.63,40666900,2024-08-09T23:25:57Z
INTC,2008-04-30,13.65,13.96,13.58,13.94,92124134,22.26,22.76,22.14,22.73,56505700,2024-08-09T23:25:57Z
INTC,2008-05-01,14.29,14.36,13.71,13.71,116580273,23.29,23.41,22.36,22.36,71505904,2024-08-09T23:25:57Z
INTC,2008-05-02,14.46,14.51,14.19,14.48,96319468,23.58,23.66,23.13,23.61,59078800,2024-08-09T23:25:57Z
INTC,2008-05-05,14.35,14.74,14.3,14.43,62614021,23.25,23.89,23.18,23.38,38634600,2024-08-09T23:25:57Z
INTC,2008-05-06,14.55,14.63,14.24,14.24,74557008,23.58,23.71,23.08,23.08,46003700,2024-08-09T23:25:57Z
INTC,2008-05-07,14.3,14.65,14.28,14.56,87894137,23.17,23.74,23.14,23.6,54233000,2024-08-09T23:25:57Z
INTC,2008-05-08,14.44,14.57,14.26,14.43,81211860,23.4,23.61,23.11,23.38,50109800,2024-08-09T23:25:57Z
INTC,2008-05-09,14.42,14.54,14.27,14.27,64911842,23.37,23.57,23.13,23.13,40052300,2024-08-09T23:25:57Z
INTC,2008-05-12,14.59,14.63,14.31,14.41,55802975,23.64,23.71,23.2,23.36,34431900,2024-08-09T23:25:57Z
INTC,2008-05-13,14.66,14.77,14.56,14.59,63978396,23.76,23.93,23.6,23.64,39476500,2024-08-09T23:25:57Z
INTC,2008-05-14,14.71,14.99,14.66,14.72,96263851,23.84,24.29,23.76,23.85,59397300,2024-08-09T23:25:57Z
INTC,2008-05-15,15.41,15.42,14.72,14.76,125526144,24.97,24.99,23.85,23.92,77453200,2024-08-09T23:25:57Z
INTC,2008-05-16,15.43,15.43,15.13,15.42,97217955,25,25,24.52,24.99,59986200,2024-08-09T23:25:57Z
INTC,2008-05-19,15.35,15.61,15.3,15.55,99266846,24.88,25.29,24.79,25.2,61250200,2024-08-09T23:25:57Z
INTC,2008-05-20,14.86,15.19,14.69,15.15,119815518,24.09,24.62,23.8,24.55,73929504,2024-08-09T23:25:57Z
INTC,2008-05-21,14.6,14.93,14.51,14.73,104458019,23.66,24.2,23.52,23.88,64453600,2024-08-09T23:25:57Z
INTC,2008-05-22,14.73,14.89,14.64,14.7,66729514,23.88,24.13,23.73,23.82,41173900,2024-08-09T23:25:57Z
INTC,2008-05-23,14.44,14.7,14.24,14.65,95738932,23.41,23.82,23.08,23.74,59073500,2024-08-09T23:25:57Z
INTC,2008-05-27,14.56,14.64,14.36,14.37,85617380,23.6,23.72,23.27,23.29,52828100,2024-08-09T23:25:57Z
INTC,2008-05-28,14.48,14.69,14.28,14.69,81506451,23.47,23.81,23.14,23.8,50291600,2024-08-09T23:25:57Z
INTC,2008-05-29,14.28,14.39,14.07,14.36,89035520,23.14,23.32,22.8,23.27,54937300,2024-08-09T23:25:57Z
INTC,2008-05-30,14.3,14.53,14.23,14.36,89930177,23.18,23.55,23.07,23.28,55489400,2024-08-09T23:25:57Z
INTC,2008-06-02,14.31,14.43,14.08,14.22,81953623,23.2,23.38,22.82,23.05,50567500,2024-08-09T23:25:57Z
INTC,2008-06-03,14.15,14.62,14.1,14.38,107207138,22.94,23.69,22.85,23.3,66149700,2024-08-09T23:25:57Z
INTC,2008-06-04,14.49,14.61,14.07,14.07,93219542,23.48,23.68,22.81,22.81,57519000,2024-08-09T23:25:57Z
INTC,2008-06-05,14.73,14.81,14.41,14.58,84211586,23.87,24,23.35,23.63,51960700,2024-08-09T23:25:57Z
INTC,2008-06-06,14.13,14.62,14.13,14.62,113226956,22.9,23.7,22.9,23.7,69864000,2024-08-09T23:25:57Z
INTC,2008-06-09,14.04,14.25,13.78,14.24,92747714,22.76,23.1,22.34,23.08,57227700,2024-08-09T23:25:57Z
INTC,2008-06-10,13.99,14.13,13.77,13.77,91690943,22.68,22.9,22.31,22.31,56575900,2024-08-09T23:25:57Z
INTC,2008-06-11,13.46,13.97,13.45,13.91,96924790,21.81,22.64,21.79,22.54,59805400,2024-08-09T23:25:57Z
INTC,2008-06-12,13.61,13.95,13.5,13.61,97650916,22.05,22.61,21.88,22.05,60253500,2024-08-09T23:25:57Z
INTC,2008-06-13,13.98,14.01,13.69,13.72,69710234,22.66,22.7,22.19,22.24,43013000,2024-08-09T23:25:57Z
INTC,2008-06-16,14.11,14.24,13.83,13.85,72569468,22.86,23.08,22.41,22.45,44777200,2024-08-09T23:25:57Z
INTC,2008-06-17,13.93,14.2,13.93,14.15,65623080,22.58,23.01,22.57,22.94,40491300,2024-08-09T23:25:57Z
INTC,2008-06-18,13.75,13.99,13.7,13.79,67314531,22.28,22.68,22.21,22.35,41535000,2024-08-09T23:25:57Z
INTC,2008-06-19,14.1,14.25,13.66,13.7,78643053,22.85,23.1,22.14,22.21,48525000,2024-08-09T23:25:57Z
INTC,2008-06-20,13.8,14.03,13.77,14.03,115109989,22.37,22.74,22.31,22.73,71026000,2024-08-09T23:25:57Z
INTC,2008-06-23,13.8,14.01,13.77,13.89,75009656,22.36,22.71,22.31,22.51,46282900,2024-08-09T23:25:57Z
INTC,2008-06-24,13.83,14.07,13.69,13.73,74760131,22.41,22.81,22.18,22.26,46129100,2024-08-09T23:25:57Z
INTC,2008-06-25,13.98,14.19,13.83,13.83,88777065,22.65,23,22.42,22.42,54778000,2024-08-09T23:25:57Z
INTC,2008-06-26,13.32,13.9,13.32,13.8,91544703,21.59,22.52,21.59,22.36,56485500,2024-08-09T23:25:57Z
INTC,2008-06-27,13.26,13.48,13.09,13.33,97351886,21.49,21.84,21.22,21.6,60068700,2024-08-09T23:25:57Z
INTC,2008-06-30,13.25,13.51,13.17,13.21,81310003,21.48,21.9,21.34,21.41,50170700,2024-08-09T23:25:57Z
INTC,2008-07-01,13.31,13.47,13.03,13.14,108356127,21.57,21.83,21.12,21.29,66858800,2024-08-09T23:25:57Z
INTC,2008-07-02,12.91,13.46,12.88,13.35,77633732,20.93,21.81,20.87,21.63,47902200,2024-08-09T23:25:57Z
INTC,2008-07-03,12.75,12.83,12.5,12.72,67038928,20.66,20.8,20.26,20.62,41364900,2024-08-09T23:25:57Z
INTC,2008-07-07,12.78,13.12,12.52,12.82,76699733,20.71,21.26,20.29,20.78,47325700,2024-08-09T23:25:57Z
INTC,2008-07-08,12.91,13.04,12.53,12.77,94724896,20.92,21.13,20.31,20.7,58447800,2024-08-09T23:25:57Z
INTC,2008-07-09,12.22,12.9,12.19,12.87,110780773,19.81,20.9,19.76,20.86,68354704,2024-08-09T23:25:57Z
INTC,2008-07-10,12.72,12.82,12.16,12.25,151749727,20.62,20.77,19.71,19.85,93633696,2024-08-09T23:25:57Z
INTC,2008-07-11,12.74,13.07,12.33,12.51,120510791,20.64,21.18,19.99,20.27,74358200,2024-08-09T23:25:57Z
INTC,2008-07-14,12.63,13.05,12.54,12.97,79537321,20.47,21.15,20.32,21.02,49076900,2024-08-09T23:25:57Z
INTC,2008-07-15,12.78,13.07,12.48,12.49,162144328,20.71,21.18,20.22,20.25,100047200,2024-08-09T23:25:57Z
INTC,2008-07-16,12.9,13.05,12.48,12.98,141502775,20.91,21.15,20.23,21.03,87310800,2024-08-09T23:25:57Z
INTC,2008-07-17,13.57,13.82,12.98,13.11,152400719,21.99,22.4,21.04,21.25,94035200,2024-08-09T23:25:57Z
INTC,2008-07-18,13.63,13.68,13.25,13.51,88708118,22.09,22.17,21.47,21.89,54735200,2024-08-09T23:25:57Z
INTC,2008-07-21,13.63,13.73,13.54,13.7,78918096,22.09,22.25,21.95,22.2,48694500,2024-08-09T23:25:57Z
INTC,2008-07-22,13.63,13.65,13.35,13.4,120459942,22.09,22.12,21.63,21.72,74326896,2024-08-09T23:25:57Z
INTC,2008-07-23,13.76,13.96,13.59,13.69,91905716,22.3,22.62,22.02,22.19,56708300,2024-08-09T23:25:57Z
INTC,2008-07-24,13.37,13.66,13.34,13.61,99535491,21.67,22.14,21.62,22.05,61416200,2024-08-09T23:25:57Z
INTC,2008-07-25,13.58,13.62,13.3,13.45,65206861,22.01,22.08,21.56,21.8,40234500,2024-08-09T23:25:57Z
INTC,2008-07-28,13.37,13.57,13.33,13.49,80821597,21.67,22,21.61,21.87,49869200,2024-08-09T23:25:57Z
INTC,2008-07-29,13.72,13.73,13.35,13.37,76971564,22.23,22.25,21.64,21.67,47493500,2024-08-09T23:25:57Z
INTC,2008-07-30,13.72,13.85,13.13,13.76,85278989,22.23,22.45,21.28,22.3,52619400,2024-08-09T23:25:57Z
INTC,2008-07-31,13.69,13.95,13.53,13.56,105782148,22.19,22.6,21.92,21.98,65270300,2024-08-09T23:25:57Z
INTC,2008-08-01,13.79,13.9,13.56,13.83,68268907,22.35,22.52,21.98,22.42,42123900,2024-08-09T23:25:57Z
INTC,2008-08-04,13.9,13.98,13.68,13.82,67416895,22.52,22.65,22.17,22.4,41598200,2024-08-09T23:25:57Z
INTC,2008-08-05,14.29,14.31,13.95,14.12,87918853,23.02,23.05,22.46,22.75,54587600,2024-08-09T23:25:57Z
INTC,2008-08-06,14.16,14.3,13.95,14.23,80419436,22.8,23.03,22.46,22.92,49931300,2024-08-09T23:25:57Z
INTC,2008-08-07,14.7,14.93,14.09,14.11,182633822,23.67,24.05,22.7,22.72,113395000,2024-08-09T23:25:57Z
INTC,2008-08-08,15.04,15.09,14.65,14.74,111872789,24.23,24.3,23.6,23.74,69460400,2024-08-09T23:25:57Z
INTC,2008-08-11,15.14,15.36,14.86,14.96,83245068,24.38,24.74,23.93,24.1,51685700,2024-08-09T23:25:57Z
INTC,2008-08-12,15.22,15.27,14.93,15.09,83602532,24.52,24.59,24.05,24.3,51907900,2024-08-09T23:25:57Z
INTC,2008-08-13,14.98,15.37,14.92,15.1,74635939,24.12,24.75,24.03,24.32,46340500,2024-08-09T23:25:57Z
INTC,2008-08-14,15.12,15.21,14.75,14.85,81226092,24.36,24.49,23.76,23.91,50432200,2024-08-09T23:25:57Z
INTC,2008-08-15,15.06,15.21,15.01,15.12,69449114,24.26,24.5,24.18,24.35,43120000,2024-08-09T23:25:57Z
INTC,2008-08-18,14.91,15.14,14.83,15.09,73829042,24.01,24.38,23.88,24.3,45839500,2024-08-09T23:25:57Z
INTC,2008-08-19,14.65,14.95,14.58,14.78,106558700,23.59,24.08,23.48,23.81,66160800,2024-08-09T23:25:57Z
INTC,2008-08-20,14.52,14.78,14.37,14.74,87217315,23.39,23.8,23.15,23.74,54152300,2024-08-09T23:25:57Z
INTC,2008-08-21,14.31,14.45,14.16,14.36,88545566,23.05,23.27,22.8,23.13,54977000,2024-08-09T23:25:57Z
INTC,2008-08-22,14.58,14.6,14.23,14.4,73047120,23.49,23.52,22.92,23.2,45353900,2024-08-09T23:25:57Z
INTC,2008-08-25,14.26,14.5,14.24,14.45,68180881,22.97,23.36,22.93,23.27,42332700,2024-08-09T23:25:57Z
INTC,2008-08-26,14.37,14.39,14.06,14.24,63654083,23.15,23.18,22.65,22.93,39521900,2024-08-09T23:25:57Z
INTC,2008-08-27,14.54,14.64,14.29,14.34,63060435,23.41,23.58,23.02,23.1,39153500,2024-08-09T23:25:57Z
INTC,2008-08-28,14.65,14.72,14.57,14.65,48824584,23.59,23.71,23.46,23.59,30314500,2024-08-09T23:25:57Z
INTC,2008-08-29,14.2,14.53,14.19,14.45,86261020,22.87,23.4,22.85,23.28,53558400,2024-08-09T23:25:57Z
INTC,2008-09-02,14.02,14.58,13.95,14.48,71058808,22.58,23.48,22.47,23.33,44119400,2024-08-09T23:25:57Z
INTC,2008-09-03,13.37,14.03,13.36,14.03,118922178,21.54,22.59,21.51,22.59,73837200,2024-08-09T23:25:57Z
INTC,2008-09-04,12.74,13.36,12.73,13.34,141538973,20.52,21.51,20.5,21.48,87879696,2024-08-09T23:25:57Z
INTC,2008-09-05,12.8,12.94,12.51,12.63,108510559,20.61,20.84,20.15,20.35,67372896,2024-08-09T23:25:57Z
INTC,2008-09-08,13.02,13.1,12.74,13,101919504,20.97,21.1,20.52,20.94,63280500,2024-08-09T23:25:57Z
INTC,2008-09-09,12.62,12.98,12.55,12.92,114738406,20.33,20.9,20.22,20.81,71239400,2024-08-09T23:25:57Z
INTC,2008-09-10,12.52,12.87,12.51,12.86,106605556,20.16,20.72,20.14,20.71,66190100,2024-08-09T23:25:57Z
INTC,2008-09-11,12.54,12.54,12.21,12.39,137878486,20.19,20.2,19.67,19.96,85606896,2024-08-09T23:25:57Z
INTC,2008-09-12,12.52,12.55,12.16,12.33,98374436,20.16,20.21,19.58,19.86,61079500,2024-08-09T23:25:57Z
INTC,2008-09-15,12.02,12.53,12,12.09,121633776,19.36,20.18,19.33,19.47,75521000,2024-08-09T23:25:57Z
INTC,2008-09-16,12.09,12.32,11.52,11.67,167118677,19.48,19.85,18.55,18.79,103762000,2024-08-09T23:25:57Z
INTC,2008-09-17,11.52,12.11,11.52,11.97,150004142,18.55,19.5,18.55,19.28,93136000,2024-08-09T23:25:57Z
INTC,2008-09-18,11.96,12.22,11.12,11.66,203793179,19.26,19.69,17.91,18.78,126532704,2024-08-09T23:25:57Z
INTC,2008-09-19,11.94,12.55,11.4,12.52,173456534,19.23,20.22,18.36,20.16,107697296,2024-08-09T23:25:57Z
INTC,2008-09-22,11.49,12.11,11.47,11.91,78757071,18.5,19.51,18.47,19.18,48899200,2024-08-09T23:25:57Z
INTC,2008-09-23,11.57,11.93,11.49,11.58,104181984,18.63,19.21,18.5,18.65,64685100,2024-08-09T23:25:57Z
INTC,2008-09-24,11.61,11.81,11.5,11.65,109346508,18.7,19.02,18.52,18.77,67891904,2024-08-09T23:25:57Z
INTC,2008-09-25,11.53,11.8,11.5,11.77,112267346,18.57,19,18.52,18.95,69705504,2024-08-09T23:25:57Z
INTC,2008-09-26,11.92,12.04,11.29,11.32,110090526,19.2,19.4,18.19,18.23,68353600,2024-08-09T23:25:57Z
INTC,2008-09-29,10.72,11.8,10.72,11.65,149894997,17.27,19,17.27,18.76,93067696,2024-08-09T23:25:57Z
INTC,2008-09-30,11.63,11.67,11.05,11.2,135512245,18.73,18.8,17.8,18.04,84137696,2024-08-09T23:25:57Z
INTC,2008-10-01,11.5,11.6,11.21,11.49,119928387,18.52,18.69,18.06,18.5,74461800,2024-08-09T23:25:57Z
INTC,2008-10-02,10.68,11.34,10.64,11.32,129975136,17.2,18.26,17.13,18.24,80700200,2024-08-09T23:25:57Z
INTC,2008-10-03,10.75,11.12,10.68,10.85,134345137,17.31,17.91,17.2,17.48,83413504,2024-08-09T23:25:57Z
INTC,2008-10-06,10.51,10.82,10.05,10.54,178966525,16.93,17.42,16.19,16.98,111117800,2024-08-09T23:25:57Z
INTC,2008-10-07,9.95,10.8,9.93,10.61,145195967,16.02,17.4,16,17.08,90150200,2024-08-09T23:25:57Z
INTC,2008-10-08,10.09,10.45,9.62,9.67,200194663,16.25,16.83,15.49,15.58,124298096,2024-08-09T23:25:57Z
INTC,2008-10-09,9.69,10.59,9.65,10.34,170784077,15.6,17.05,15.54,16.65,106037200,2024-08-09T23:25:57Z
INTC,2008-10-10,9.43,9.87,8.85,9.32,268727196,15.19,15.89,14.26,15.01,166849696,2024-08-09T23:25:57Z
INTC,2008-10-13,10.55,10.61,9.74,10.05,159935100,16.99,17.08,15.69,16.18,99301904,2024-08-09T23:25:57Z
INTC,2008-10-14,9.89,10.84,9.7,10.8,201011590,15.93,17.46,15.63,17.4,124805104,2024-08-09T23:25:57Z
INTC,2008-10-15,9.31,10.2,9.3,10.02,227305512,14.99,16.42,14.98,16.14,141131104,2024-08-09T23:25:57Z
INTC,2008-10-16,9.86,9.92,8.99,9.46,194707602,15.88,15.97,14.48,15.23,120891600,2024-08-09T23:25:57Z
INTC,2008-10-17,9.62,10.13,9.48,9.54,151227836,15.5,16.31,15.27,15.36,93895904,2024-08-09T23:25:57Z
INTC,2008-10-20,9.96,10,9.59,9.62,119284848,16.04,16.11,15.44,15.5,74062200,2024-08-09T23:25:57Z
INTC,2008-10-21,9.47,9.87,9.44,9.75,126760148,15.25,15.89,15.21,15.71,78703504,2024-08-09T23:25:57Z
INTC,2008-10-22,9.05,9.43,8.85,9.43,126458092,14.58,15.19,14.25,15.18,78515904,2024-08-09T23:25:57Z
INTC,2008-10-23,9.01,9.28,8.63,9.07,137230319,14.51,14.95,13.9,14.61,85204800,2024-08-09T23:25:57Z
INTC,2008-10-24,8.87,9.22,8.3,8.35,154636733,14.28,14.85,13.37,13.44,96012304,2024-08-09T23:25:57Z
INTC,2008-10-27,8.85,9.23,8.61,8.73,129765099,14.25,14.86,13.86,14.06,80569104,2024-08-09T23:25:57Z
INTC,2008-10-28,9.85,9.88,8.92,9.06,164891155,15.86,15.91,14.36,14.59,102379104,2024-08-09T23:25:57Z
INTC,2008-10-29,9.28,9.79,9.26,9.66,160298536,14.94,15.77,14.91,15.56,99527800,2024-08-09T23:25:57Z
INTC,2008-10-30,10.04,10.2,9.49,9.62,217201667,16.17,16.43,15.28,15.49,134857104,2024-08-09T23:25:57Z
INTC,2008-10-31,9.95,10.24,9.7,9.92,152867251,16.03,16.49,15.62,15.97,94913104,2024-08-09T23:25:57Z
INTC,2008-11-03,9.71,10.14,9.69,10.02,87091288,15.64,16.34,15.6,16.13,54074000,2024-08-09T23:25:57Z
INTC,2008-11-04,10.1,10.18,9.82,10.05,115123786,16.26,16.39,15.81,16.18,71478704,2024-08-09T23:25:57Z
INTC,2008-11-05,9.43,10.1,9.36,10.05,110111187,15.06,16.12,14.95,16.04,68960600,2024-08-09T23:25:57Z
INTC,2008-11-06,8.69,9.26,8.63,9.15,173628806,13.87,14.78,13.78,14.61,108740200,2024-08-09T23:25:57Z
INTC,2008-11-07,9.16,9.24,8.78,8.82,117270877,14.63,14.76,14.02,14.08,73444600,2024-08-09T23:25:57Z
INTC,2008-11-10,8.99,9.43,8.91,9.39,84952431,14.35,15.06,14.23,15,53203900,2024-08-09T23:25:57Z
INTC,2008-11-11,8.72,8.88,8.43,8.79,135543856,13.93,14.18,13.46,14.03,84888600,2024-08-09T23:25:57Z
INTC,2008-11-12,8.47,8.75,8.46,8.49,116037784,13.52,13.97,13.51,13.55,72672096,2024-08-09T23:25:57Z
INTC,2008-11-13,9.04,9.04,8.06,8.17,229122620,14.43,14.44,12.87,13.04,143494592,2024-08-09T23:25:57Z
INTC,2008-11-14,8.34,8.84,8.29,8.81,119555222,13.32,14.12,13.24,14.07,74874600,2024-08-09T23:25:57Z
INTC,2008-11-17,8.14,8.44,8.14,8.27,96159060,13,13.48,13,13.21,60222200,2024-08-09T23:25:57Z
INTC,2008-11-18,8.21,8.29,7.83,8.2,154757562,13.11,13.23,12.51,13.1,96921200,2024-08-09T23:25:57Z
INTC,2008-11-19,7.82,8.3,7.81,8.15,117741822,12.49,13.26,12.47,13.01,73739000,2024-08-09T23:25:57Z
INTC,2008-11-20,7.66,8.24,7.62,7.69,182122790,12.23,13.15,12.17,12.28,114059800,2024-08-09T23:25:57Z
INTC,2008-11-21,8.21,8.25,7.55,7.8,166261240,13.11,13.17,12.06,12.45,104125696,2024-08-09T23:25:57Z
INTC,2008-11-24,8.49,8.58,8.22,8.35,156706593,13.56,13.7,13.12,13.33,98142704,2024-08-09T23:25:57Z
INTC,2008-11-25,8.22,8.67,8.21,8.65,134478752,13.13,13.85,13.11,13.81,84221800,2024-08-09T23:25:57Z
INTC,2008-11-26,8.75,8.76,8.15,8.19,114131795,13.97,13.99,13.01,13.08,71478200,2024-08-09T23:25:57Z
INTC,2008-11-28,8.64,8.79,8.57,8.64,45282751,13.8,14.03,13.68,13.79,28359800,2024-08-09T23:25:57Z
INTC,2008-12-01,7.87,8.5,7.86,8.43,97208794,12.56,13.57,12.55,13.46,60880100,2024-08-09T23:25:57Z
INTC,2008-12-02,8.32,8.35,7.9,8.09,101942553,13.28,13.33,12.62,12.92,63844600,2024-08-09T23:25:57Z
INTC,2008-12-03,8.55,8.56,7.97,7.98,123345561,13.66,13.67,12.72,12.74,77249000,2024-08-09T23:25:57Z
INTC,2008-12-04,8,8.45,7.97,8.37,125212146,12.77,13.49,12.72,13.36,78417904,2024-08-09T23:25:57Z
INTC,2008-12-05,8.32,8.36,7.75,7.96,136024288,13.29,13.35,12.38,12.71,85189696,2024-08-09T23:25:57Z
INTC,2008-12-08,8.73,8.77,8.42,8.49,124628570,13.94,14.01,13.45,13.56,78052000,2024-08-09T23:25:57Z
INTC,2008-12-09,8.96,9.2,8.45,8.54,140719075,14.3,14.69,13.49,13.64,88129504,2024-08-09T23:25:57Z
INTC,2008-12-10,8.94,9.27,8.61,8.93,119632961,14.27,14.8,13.75,14.26,74923600,2024-08-09T23:25:57Z
INTC,2008-12-11,8.77,9.14,8.76,8.92,117950202,14.01,14.6,13.98,14.24,73870000,2024-08-09T23:25:57Z
INTC,2008-12-12,9.24,9.29,8.57,8.58,111640837,14.75,14.83,13.69,13.7,69918200,2024-08-09T23:25:57Z
INTC,2008-12-15,9.14,9.36,8.97,9.24,96837948,14.59,14.94,14.32,14.75,60647500,2024-08-09T23:25:57Z
INTC,2008-12-16,9.79,9.82,9.16,9.22,160759870,15.64,15.68,14.62,14.72,100680496,2024-08-09T23:25:57Z
INTC,2008-12-17,9.56,9.72,9.41,9.65,107080429,15.26,15.52,15.02,15.41,67062100,2024-08-09T23:25:57Z
INTC,2008-12-18,8.93,9.51,8.82,9.43,118425687,14.26,15.19,14.09,15.06,74167200,2024-08-09T23:25:57Z
INTC,2008-12-19,9.04,9.28,8.93,9.04,117364047,14.44,14.82,14.26,14.43,73502896,2024-08-09T23:25:57Z
INTC,2008-12-22,8.98,9.13,8.77,9.07,67687442,14.34,14.58,14,14.48,42391500,2024-08-09T23:25:57Z
INTC,2008-12-23,8.81,9.07,8.78,9.04,53988221,14.07,14.49,14.02,14.44,33811900,2024-08-09T23:25:57Z
INTC,2008-12-24,8.91,8.97,8.8,8.81,18235541,14.23,14.33,14.05,14.06,11420600,2024-08-09T23:25:57Z
INTC,2008-12-26,8.88,8.96,8.81,8.9,23660478,14.18,14.31,14.06,14.21,14818000,2024-08-09T23:25:57Z
INTC,2008-12-29,8.85,8.99,8.71,8.92,51005986,14.13,14.35,13.91,14.24,31943900,2024-08-09T23:25:57Z
INTC,2008-12-30,9.2,9.27,8.96,8.97,59253392,14.69,14.8,14.31,14.32,37109000,2024-08-09T23:25:57Z
INTC,2008-12-31,9.18,9.34,9.12,9.21,54395109,14.66,14.92,14.56,14.71,34066700,2024-08-09T23:25:57Z
INTC,2009-01-02,9.52,9.55,9.06,9.2,83415018,15.2,15.25,14.47,14.69,52241400,2024-08-09T23:25:57Z
INTC,2009-01-05,9.34,9.58,9.28,9.44,91552521,14.91,15.29,14.81,15.07,57337300,2024-08-09T23:25:57Z
INTC,2009-01-06,9.63,9.71,9.44,9.45,98461469,15.37,15.51,15.08,15.09,61664300,2024-08-09T23:25:57Z
INTC,2009-01-07,9.04,9.43,8.98,9.26,209899336,14.44,15.06,14.34,14.79,131456000,2024-08-09T23:25:57Z
INTC,2009-01-08,9.11,9.12,8.93,9.05,100760394,14.55,14.57,14.25,14.45,63104400,2024-08-09T23:25:57Z
INTC,2009-01-09,8.86,9.14,8.78,9.14,72738551,14.15,14.6,14.02,14.59,45554900,2024-08-09T23:25:57Z
INTC,2009-01-12,8.64,8.96,8.53,8.87,86365212,13.79,14.3,13.62,14.16,54088800,2024-08-09T23:25:57Z
INTC,2009-01-13,8.56,8.88,8.42,8.51,104707420,13.67,14.18,13.45,13.59,65575800,2024-08-09T23:25:57Z
INTC,2009-01-14,8.19,8.54,8.12,8.43,111081880,13.08,13.63,12.97,13.46,69568000,2024-08-09T23:25:57Z
INTC,2009-01-15,8.32,8.42,7.96,8.15,117741186,13.29,13.45,12.71,13.01,73739296,2024-08-09T23:25:57Z
INTC,2009-01-16,8.61,8.74,8.31,8.69,134115537,13.74,13.96,13.27,13.88,83994000,2024-08-09T23:25:57Z
INTC,2009-01-20,8.05,8.61,8.02,8.52,114327220,12.86,13.74,12.81,13.61,71601200,2024-08-09T23:25:57Z
INTC,2009-01-21,8.3,8.3,7.83,8.15,90443598,13.26,13.26,12.5,13.01,56643200,2024-08-09T23:25:57Z
INTC,2009-01-22,8.03,8.19,7.86,8.04,116087503,12.82,13.07,12.55,12.83,72703200,2024-08-09T23:25:57Z
INTC,2009-01-23,8.22,8.39,7.88,8.05,100852734,13.12,13.39,12.58,12.85,63162100,2024-08-09T23:25:57Z
INTC,2009-01-26,8.38,8.51,8.16,8.19,79173623,13.38,13.58,13.03,13.08,49584700,2024-08-09T23:25:57Z
INTC,2009-01-27,8.65,8.74,8.46,8.47,72857579,13.81,13.95,13.5,13.53,45629100,2024-08-09T23:25:57Z
INTC,2009-01-28,8.77,8.94,8.64,8.85,91157448,14.01,14.27,13.79,14.13,57090200,2024-08-09T23:25:57Z
INTC,2009-01-29,8.37,8.67,8.34,8.67,82043303,13.37,13.85,13.31,13.85,51382300,2024-08-09T23:25:57Z
INTC,2009-01-30,8.08,8.46,8.08,8.42,75060619,12.9,13.5,12.9,13.45,47008900,2024-08-09T23:25:57Z
INTC,2009-02-02,8.54,8.59,7.99,8.03,111630859,13.63,13.71,12.75,12.82,69912200,2024-08-09T23:25:57Z
INTC,2009-02-03,8.6,8.64,8.32,8.56,90530052,13.73,13.79,13.29,13.67,56697000,2024-08-09T23:25:57Z
INTC,2009-02-04,8.78,9.21,8.68,8.72,122802666,13.88,14.56,13.71,13.78,77701000,2024-08-09T23:25:57Z
INTC,2009-02-05,9.02,9.11,8.56,8.64,96450801,14.25,14.4,13.53,13.65,61027300,2024-08-09T23:25:57Z
INTC,2009-02-06,9.32,9.41,8.99,9.14,99058502,14.73,14.88,14.21,14.44,62677200,2024-08-09T23:25:57Z
INTC,2009-02-09,9.43,9.52,9.2,9.26,102311299,14.91,15.05,14.54,14.64,64735400,2024-08-09T23:25:57Z
INTC,2009-02-10,8.91,9.59,8.88,9.35,148563284,14.08,15.15,14.04,14.78,94001104,2024-08-09T23:25:57Z
INTC,2009-02-11,8.91,9.06,8.69,9.02,90684496,14.08,14.32,13.73,14.26,57379200,2024-08-09T23:25:57Z
INTC,2009-02-12,8.86,8.86,8.54,8.74,120702140,14,14,13.49,13.81,76371696,2024-08-09T23:25:57Z
INTC,2009-02-13,8.78,9.02,8.76,8.8,88441437,13.88,14.26,13.85,13.91,55959600,2024-08-09T23:25:57Z
INTC,2009-02-17,8.36,8.69,8.36,8.58,95916948,13.21,13.73,13.21,13.56,60689800,2024-08-09T23:25:57Z
INTC,2009-02-18,8.45,8.67,8.28,8.43,81085662,13.36,13.7,13.09,13.32,51305500,2024-08-09T23:25:57Z
INTC,2009-02-19,8.02,8.47,8.02,8.43,88787817,12.68,13.38,12.67,13.33,56178600,2024-08-09T23:25:57Z
INTC,2009-02-20,8.09,8.24,7.93,7.93,116345524,12.78,13.02,12.53,12.53,73615400,2024-08-09T23:25:57Z
INTC,2009-02-23,7.64,8.17,7.62,8.16,139736930,12.08,12.91,12.05,12.9,88416000,2024-08-09T23:25:57Z
INTC,2009-02-24,8.05,8.11,7.65,7.7,117970951,12.73,12.81,12.09,12.17,74644200,2024-08-09T23:25:57Z
INTC,2009-02-25,8.24,8.53,7.96,8.05,171043938,13.03,13.48,12.58,12.72,108225000,2024-08-09T23:25:57Z
INTC,2009-02-26,8.04,8.61,8.01,8.43,109086951,12.71,13.6,12.66,13.32,69022600,2024-08-09T23:25:57Z
INTC,2009-02-27,8.06,8.31,7.9,7.91,110261132,12.74,13.14,12.49,12.5,69765696,2024-08-09T23:25:57Z
INTC,2009-03-02,7.79,8.24,7.79,7.92,101933137,12.31,13.02,12.31,12.51,64496100,2024-08-09T23:25:57Z
INTC,2009-03-03,7.77,7.99,7.68,7.9,121064191,12.28,12.63,12.14,12.48,76600704,2024-08-09T23:25:57Z
INTC,2009-03-04,8.07,8.26,7.82,8.04,133412553,12.76,13.05,12.36,12.7,84414800,2024-08-09T23:25:57Z
INTC,2009-03-05,7.79,8.14,7.78,7.95,121131708,12.31,12.86,12.3,12.56,76643600,2024-08-09T23:25:57Z
INTC,2009-03-06,7.85,8.18,7.64,7.87,125158584,12.41,12.92,12.07,12.43,79191800,2024-08-09T23:25:57Z
INTC,2009-03-09,7.94,8.23,7.78,7.81,137597046,12.55,13,12.3,12.35,87062200,2024-08-09T23:25:57Z
INTC,2009-03-10,8.81,8.83,8.07,8.1,146157002,13.92,13.95,12.75,12.8,92477904,2024-08-09T23:25:57Z
INTC,2009-03-11,8.83,8.92,8.63,8.89,129773528,13.96,14.1,13.64,14.05,82111504,2024-08-09T23:25:57Z
INTC,2009-03-12,9.19,9.24,8.78,9.01,134122682,14.52,14.6,13.88,14.24,84864000,2024-08-09T23:25:57Z
INTC,2009-03-13,9.3,9.3,8.99,9.22,105315230,14.7,14.7,14.21,14.57,66636600,2024-08-09T23:25:57Z
INTC,2009-03-16,9.02,9.4,8.95,9.36,114828938,14.25,14.85,14.14,14.79,72655696,2024-08-09T23:25:57Z
INTC,2009-03-17,9.43,9.43,9.02,9.06,102659809,14.9,14.9,14.25,14.32,64956100,2024-08-09T23:25:57Z
INTC,2009-03-18,9.64,9.75,9.31,9.43,144406369,15.24,15.41,14.72,14.9,91370200,2024-08-09T23:25:57Z
INTC,2009-03-19,9.59,9.74,9.31,9.74,105199868,15.15,15.39,14.72,15.39,66563400,2024-08-09T23:25:57Z
INTC,2009-03-20,9.27,9.74,9.08,9.61,133770408,14.65,15.4,14.35,15.19,84640600,2024-08-09T23:25:57Z
INTC,2009-03-23,9.82,9.83,9.45,9.5,101420992,15.52,15.54,14.94,15.02,64172300,2024-08-09T23:25:57Z
INTC,2009-03-24,9.49,9.75,9.49,9.66,97205876,15,15.41,15,15.26,61505400,2024-08-09T23:25:57Z
INTC,2009-03-25,9.45,9.94,9.31,9.54,149415321,14.94,15.71,14.71,15.08,94539696,2024-08-09T23:25:57Z
INTC,2009-03-26,10.01,10.05,9.61,9.64,122583893,15.82,15.89,15.18,15.23,77562600,2024-08-09T23:25:57Z
INTC,2009-03-27,9.76,9.91,9.66,9.8,72229520,15.42,15.66,15.26,15.49,45701800,2024-08-09T23:25:57Z
INTC,2009-03-30,9.31,9.55,9.16,9.55,87608956,14.72,15.1,14.48,15.09,55432900,2024-08-09T23:25:57Z
INTC,2009-03-31,9.51,9.72,9.43,9.43,98065454,15.03,15.37,14.9,14.91,62049400,2024-08-09T23:25:57Z
INTC,2009-04-01,9.51,9.69,9.25,9.35,118627166,15.03,15.32,14.62,14.77,75059504,2024-08-09T23:25:57Z
INTC,2009-04-02,9.93,10.12,9.66,9.73,122785694,15.7,16,15.26,15.38,77690496,2024-08-09T23:25:57Z
INTC,2009-04-03,10.09,10.1,9.71,9.89,80828179,15.95,15.96,15.35,15.63,51142700,2024-08-09T23:25:57Z
INTC,2009-04-06,10.04,10.04,9.78,9.9,75318365,15.86,15.87,15.45,15.65,47656200,2024-08-09T23:25:57Z
INTC,2009-04-07,9.78,9.98,9.66,9.87,83355595,15.45,15.78,15.26,15.6,52741700,2024-08-09T23:25:57Z
INTC,2009-04-08,9.66,9.95,9.59,9.71,107995680,15.27,15.73,15.15,15.35,68332200,2024-08-09T23:25:57Z
INTC,2009-04-09,10.11,10.17,9.87,9.88,92558981,15.98,16.07,15.6,15.62,58564700,2024-08-09T23:25:57Z
INTC,2009-04-13,10.11,10.18,9.85,10,71789250,15.98,16.09,15.56,15.81,45423100,2024-08-09T23:25:57Z
INTC,2009-04-14,10.13,10.37,10,10.11,145533749,16.01,16.39,15.8,15.98,92083504,2024-08-09T23:25:57Z
INTC,2009-04-15,9.88,9.92,9.56,9.72,241377053,15.62,15.68,15.11,15.36,152727392,2024-08-09T23:25:57Z
INTC,2009-04-16,10.05,10.08,9.74,10.02,108695438,15.89,15.93,15.4,15.83,68775000,2024-08-09T23:25:57Z
INTC,2009-04-17,9.87,10.05,9.78,10.05,106363728,15.6,15.89,15.45,15.88,67299600,2024-08-09T23:25:57Z
INTC,2009-04-20,9.49,9.72,9.49,9.72,105082023,15,15.37,15,15.36,66488900,2024-08-09T23:25:57Z
INTC,2009-04-21,9.72,9.82,9.47,9.48,134660133,15.36,15.52,14.96,14.98,85204096,2024-08-09T23:25:57Z
INTC,2009-04-22,9.91,10.19,9.54,9.61,150606579,15.67,16.11,15.08,15.19,95293504,2024-08-09T23:25:57Z
INTC,2009-04-23,9.83,9.99,9.55,9.92,117771050,15.53,15.79,15.1,15.68,74517296,2024-08-09T23:25:57Z
INTC,2009-04-24,9.88,9.96,9.68,9.88,106875300,15.62,15.74,15.3,15.61,67623600,2024-08-09T23:25:57Z
INTC,2009-04-27,9.67,9.89,9.62,9.69,102100096,15.28,15.63,15.21,15.31,64601700,2024-08-09T23:25:57Z
INTC,2009-04-28,9.52,9.75,9.52,9.57,87752630,15.05,15.41,15.04,15.12,55523800,2024-08-09T23:25:57Z
INTC,2009-04-29,9.71,9.84,9.54,9.62,96179309,15.35,15.55,15.07,15.2,60855500,2024-08-09T23:25:57Z
INTC,2009-04-30,9.98,10.22,9.81,9.88,122919639,15.78,16.16,15.5,15.61,77775104,2024-08-09T23:25:57Z
INTC,2009-05-01,10,10.03,9.79,9.97,80383897,15.81,15.85,15.48,15.76,50861500,2024-08-09T23:25:57Z
INTC,2009-05-04,10.54,10.59,10.21,10.31,139231661,16.66,16.74,16.14,16.29,88096200,2024-08-09T23:25:57Z
INTC,2009-05-05,10.31,10.55,10.16,10.55,106424587,16.16,16.53,15.93,16.53,67908896,2024-08-09T23:25:57Z
INTC,2009-05-06,10.29,10.49,10.19,10.48,103947286,16.12,16.44,15.97,16.43,66328300,2024-08-09T23:25:57Z
INTC,2009-05-07,10.06,10.45,9.88,10.41,141575663,15.77,16.37,15.48,16.31,90338200,2024-08-09T23:25:57Z
INTC,2009-05-08,9.76,10.16,9.7,10.13,147468018,15.29,15.93,15.2,15.87,94097904,2024-08-09T23:25:57Z
INTC,2009-05-11,9.81,9.97,9.57,9.63,108917860,15.37,15.63,15,15.09,69499800,2024-08-09T23:25:57Z
INTC,2009-05-12,9.71,9.91,9.57,9.88,115522124,15.21,15.53,15,15.49,73713904,2024-08-09T23:25:57Z
INTC,2009-05-13,9.65,9.87,9.63,9.8,118904277,15.13,15.47,15.09,15.36,75872400,2024-08-09T23:25:57Z
INTC,2009-05-14,9.92,10.01,9.67,9.67,111624399,15.54,15.69,15.15,15.16,71227000,2024-08-09T23:25:57Z
INTC,2009-05-15,9.69,9.96,9.67,9.92,96872092,15.19,15.61,15.15,15.54,61813200,2024-08-09T23:25:57Z
INTC,2009-05-18,9.9,9.92,9.69,9.78,70053605,15.52,15.55,15.18,15.32,44700700,2024-08-09T23:25:57Z
INTC,2009-05-19,9.99,10.15,9.74,9.87,92537971,15.65,15.91,15.27,15.47,59048100,2024-08-09T23:25:57Z
INTC,2009-05-20,9.94,10.24,9.88,10.09,94563226,15.58,16.05,15.49,15.81,60340200,2024-08-09T23:25:57Z
INTC,2009-05-21,9.69,9.85,9.6,9.8,93321978,15.18,15.43,15.05,15.36,59548400,2024-08-09T23:25:57Z
INTC,2009-05-22,9.6,9.74,9.58,9.72,69495823,15.05,15.26,15.01,15.23,44344800,2024-08-09T23:25:57Z
INTC,2009-05-26,9.88,9.9,9.57,9.58,100838854,15.48,15.51,15,15.01,64344700,2024-08-09T23:25:57Z
INTC,2009-05-27,9.86,10.12,9.79,9.89,94799834,15.46,15.86,15.34,15.5,60491000,2024-08-09T23:25:57Z
INTC,2009-05-28,10.03,10.03,9.67,9.93,92638737,15.72,15.72,15.15,15.56,59112000,2024-08-09T23:25:57Z
INTC,2009-05-29,10.03,10.07,9.72,10.05,121133393,15.72,15.79,15.24,15.75,77294200,2024-08-09T23:25:57Z
INTC,2009-06-01,10.53,10.59,10.19,10.24,118273742,16.5,16.59,15.97,16.05,75469400,2024-08-09T23:25:57Z
INTC,2009-06-02,10.33,10.55,10.24,10.37,91523878,16.19,16.54,16.05,16.25,58400600,2024-08-09T23:25:57Z
INTC,2009-06-03,10.17,10.23,10.03,10.16,78043342,15.94,16.04,15.72,15.93,49798900,2024-08-09T23:25:57Z
INTC,2009-06-04,10.29,10.37,10.13,10.2,76921214,16.13,16.25,15.88,15.98,49082700,2024-08-09T23:25:57Z
INTC,2009-06-05,10.16,10.5,10.07,10.4,98472090,15.92,16.45,15.79,16.3,62834100,2024-08-09T23:25:57Z
INTC,2009-06-08,10.16,10.27,9.96,10.12,69065291,15.92,16.1,15.61,15.86,44069900,2024-08-09T23:25:57Z
INTC,2009-06-09,10.48,10.6,10.29,10.34,100378974,16.42,16.61,16.13,16.21,64051200,2024-08-09T23:25:57Z
INTC,2009-06-10,10.5,10.6,10.3,10.58,76454917,16.46,16.61,16.15,16.58,48785300,2024-08-09T23:25:57Z
INTC,2009-06-11,10.43,10.66,10.4,10.52,83417784,16.35,16.7,16.3,16.49,53228200,2024-08-09T23:25:57Z
INTC,2009-06-12,10.41,10.41,10.22,10.36,74637216,16.31,16.31,16.02,16.24,47625500,2024-08-09T23:25:57Z
INTC,2009-06-15,10.2,10.32,10.03,10.24,94689256,15.98,16.17,15.72,16.05,60420400,2024-08-09T23:25:57Z
INTC,2009-06-16,10.12,10.33,10.08,10.24,84759518,15.86,16.19,15.8,16.05,54084700,2024-08-09T23:25:57Z
INTC,2009-06-17,10.3,10.39,10.09,10.1,93013581,16.14,16.29,15.81,15.83,59351200,2024-08-09T23:25:57Z
INTC,2009-06-18,10.13,10.35,10.11,10.31,90881117,15.87,16.22,15.84,16.16,57990400,2024-08-09T23:25:57Z
INTC,2009-06-19,10.22,10.32,10.11,10.24,112069364,16.01,16.18,15.85,16.05,71510896,2024-08-09T23:25:57Z
INTC,2009-06-22,10.01,10.32,9.97,10.15,111022366,15.68,16.17,15.63,15.9,70842600,2024-08-09T23:25:57Z
INTC,2009-06-23,10.09,10.2,9.96,10.13,110734892,15.81,15.99,15.61,15.88,70659504,2024-08-09T23:25:57Z
INTC,2009-06-24,10.27,10.41,10.2,10.23,83577608,16.1,16.32,15.99,16.04,53330300,2024-08-09T23:25:57Z
INTC,2009-06-25,10.41,10.43,10.15,10.24,86986978,16.31,16.35,15.91,16.05,55505800,2024-08-09T23:25:57Z
INTC,2009-06-26,10.39,10.48,10.3,10.32,110105960,16.29,16.43,16.14,16.18,70257600,2024-08-09T23:25:57Z
INTC,2009-06-29,10.45,10.63,10.38,10.5,92960260,16.38,16.66,16.27,16.45,59317500,2024-08-09T23:25:57Z
INTC,2009-06-30,10.56,10.62,10.36,10.46,105770078,16.55,16.64,16.24,16.39,67490896,2024-08-09T23:25:57Z
INTC,2009-07-01,10.87,11.04,10.64,10.64,144986604,17.04,17.31,16.67,16.67,92514896,2024-08-09T23:25:57Z
INTC,2009-07-02,10.67,10.82,10.64,10.77,86108884,16.72,16.95,16.68,16.87,54945400,2024-08-09T23:25:57Z
INTC,2009-07-06,10.55,10.74,10.45,10.6,74164763,16.54,16.84,16.37,16.61,47324200,2024-08-09T23:25:57Z
INTC,2009-07-07,10.37,10.8,10.34,10.74,108452325,16.25,16.93,16.2,16.83,69202600,2024-08-09T23:25:57Z
INTC,2009-07-08,10.17,10.44,10.07,10.41,126779351,15.94,16.36,15.78,16.31,80897000,2024-08-09T23:25:57Z
INTC,2009-07-09,10.22,10.39,10.18,10.27,102896888,16.02,16.28,15.96,16.09,65658100,2024-08-09T23:25:57Z
INTC,2009-07-10,10.23,10.35,10.12,10.2,80158480,16.04,16.22,15.86,15.98,51148500,2024-08-09T23:25:57Z
INTC,2009-07-13,10.52,10.55,10.15,10.3,96847528,16.49,16.54,15.9,16.15,61798000,2024-08-09T23:25:57Z
INTC,2009-07-14,10.74,10.78,10.5,10.53,149740935,16.83,16.89,16.46,16.5,95548600,2024-08-09T23:25:57Z
INTC,2009-07-15,11.52,11.61,11.31,11.48,291708948,18.05,18.19,17.72,17.99,186137792,2024-08-09T23:25:57Z
INTC,2009-07-16,11.8,11.86,11.45,11.45,141128266,18.5,18.59,17.94,17.94,90052800,2024-08-09T23:25:57Z
INTC,2009-07-17,11.99,12,11.64,11.8,131974616,18.79,18.81,18.25,18.5,84212304,2024-08-09T23:25:57Z
INTC,2009-07-20,12.06,12.08,11.82,12.03,122028487,18.9,18.93,18.52,18.86,77865800,2024-08-09T23:25:57Z
INTC,2009-07-21,12.06,12.07,11.81,12.06,99954198,18.9,18.92,18.51,18.9,63780300,2024-08-09T23:25:57Z
INTC,2009-07-22,12.21,12.3,12.02,12.04,221121498,19.14,19.28,18.84,18.87,141096096,2024-08-09T23:25:57Z
INTC,2009-07-23,12.43,12.49,12.12,12.18,237336258,19.48,19.58,18.99,19.09,151443200,2024-08-09T23:25:57Z
INTC,2009-07-24,12.35,12.38,12.13,12.21,81006870,19.36,19.4,19.01,19.13,51690000,2024-08-09T23:25:57Z
INTC,2009-07-27,12.42,12.44,12.22,12.31,66331861,19.47,19.49,19.15,19.29,42326000,2024-08-09T23:25:57Z
INTC,2009-07-28,12.36,12.42,12.16,12.31,94087872,19.37,19.46,19.05,19.29,60037000,2024-08-09T23:25:57Z
INTC,2009-07-29,12.38,12.4,12.19,12.31,78879751,19.4,19.44,19.11,19.29,50332600,2024-08-09T23:25:57Z
INTC,2009-07-30,12.33,12.63,12.31,12.49,95034709,19.33,19.8,19.3,19.57,60640800,2024-08-09T23:25:57Z
INTC,2009-07-31,12.28,12.48,12.28,12.34,74530608,19.25,19.56,19.25,19.34,47557500,2024-08-09T23:25:57Z
INTC,2009-08-03,12.36,12.48,12.24,12.43,69473512,19.37,19.56,19.18,19.48,44330700,2024-08-09T23:25:57Z
INTC,2009-08-04,12.33,12.37,12.22,12.26,73469751,19.32,19.38,19.15,19.21,46880700,2024-08-09T23:25:57Z
INTC,2009-08-05,12.12,12.4,12.12,12.39,93402926,18.86,19.3,18.86,19.27,60034900,2024-08-09T23:25:57Z
INTC,2009-08-06,12.02,12.33,11.93,12.17,104025119,18.7,19.18,18.56,18.93,66862000,2024-08-09T23:25:57Z
INTC,2009-08-07,11.89,12.21,11.89,12.15,92480247,18.5,19,18.5,18.91,59441800,2024-08-09T23:25:57Z
INTC,2009-08-10,12.06,12.1,11.93,11.96,72976992,18.76,18.83,18.56,18.6,46906000,2024-08-09T23:25:57Z
INTC,2009-08-11,11.98,12.18,11.97,12.02,50992903,18.64,18.95,18.62,18.7,32775800,2024-08-09T23:25:57Z
INTC,2009-08-12,12.09,12.27,11.99,12.01,82376845,18.81,19.09,18.66,18.69,52947600,2024-08-09T23:25:57Z
INTC,2009-08-13,12.24,12.26,12.07,12.19,68605293,19.05,19.08,18.78,18.97,44096100,2024-08-09T23:25:57Z
INTC,2009-08-14,12.06,12.21,11.94,12.19,67819158,18.77,19,18.58,18.97,43590700,2024-08-09T23:25:57Z
INTC,2009-08-17,11.86,11.94,11.83,11.85,75239435,18.45,18.58,18.41,18.43,48360400,2024-08-09T23:25:57Z
INTC,2009-08-18,12.06,12.13,11.87,11.89,66095003,18.77,18.87,18.46,18.5,42482500,2024-08-09T23:25:57Z
INTC,2009-08-19,12.08,12.14,11.9,11.92,74941574,18.8,18.89,18.51,18.55,48168700,2024-08-09T23:25:57Z
INTC,2009-08-20,12.03,12.09,11.93,12.04,69793267,18.71,18.81,18.56,18.73,44859800,2024-08-09T23:25:57Z
INTC,2009-08-21,12.14,12.16,11.92,12.14,85823356,18.89,18.92,18.55,18.89,55163200,2024-08-09T23:25:57Z
INTC,2009-08-24,12.06,12.21,11.99,12.19,60224766,18.76,19,18.66,18.97,38709500,2024-08-09T23:25:57Z
INTC,2009-08-25,12.28,12.37,12.04,12.06,96554072,19.1,19.25,18.74,18.76,62060000,2024-08-09T23:25:57Z
INTC,2009-08-26,12.49,12.53,12.3,12.35,95818229,19.43,19.49,19.13,19.21,61587500,2024-08-09T23:25:57Z
INTC,2009-08-27,12.51,12.55,12.31,12.44,79987964,19.47,19.53,19.16,19.35,51412500,2024-08-09T23:25:57Z
INTC,2009-08-28,13.02,13.27,12.96,13.02,163533254,20.25,20.65,20.17,20.26,105111104,2024-08-09T23:25:57Z
INTC,2009-08-31,13.06,13.1,12.84,12.91,83214335,20.32,20.38,19.97,20.09,53486100,2024-08-09T23:25:57Z
INTC,2009-09-01,12.68,13.23,12.64,13,115873640,19.72,20.58,19.66,20.22,74478200,2024-08-09T23:25:57Z
INTC,2009-09-02,12.51,12.75,12.51,12.61,64684418,19.47,19.83,19.47,19.62,41576100,2024-08-09T23:25:57Z
INTC,2009-09-03,12.48,12.62,12.36,12.6,73912751,19.42,19.63,19.23,19.61,47507400,2024-08-09T23:25:57Z
INTC,2009-09-04,12.62,12.66,12.39,12.49,73555405,19.64,19.69,19.28,19.43,47277700,2024-08-09T23:25:57Z
INTC,2009-09-08,12.73,12.85,12.57,12.78,70925117,19.8,19.99,19.55,19.88,45587300,2024-08-09T23:25:57Z
INTC,2009-09-09,12.81,12.95,12.6,12.73,75930966,19.93,20.15,19.61,19.8,48804600,2024-08-09T23:25:57Z
INTC,2009-09-10,12.7,12.91,12.63,12.78,76963930,19.76,20.08,19.65,19.88,49468800,2024-08-09T23:25:57Z
INTC,2009-09-11,12.54,12.82,12.45,12.79,92435431,19.51,19.94,19.37,19.9,59413100,2024-08-09T23:25:57Z
INTC,2009-09-14,12.44,12.53,12.39,12.41,81550444,19.36,19.49,19.28,19.31,52416800,2024-08-09T23:25:57Z
INTC,2009-09-15,12.57,12.66,12.44,12.56,75119804,19.55,19.7,19.36,19.54,48283400,2024-08-09T23:25:57Z
INTC,2009-09-16,12.63,12.69,12.49,12.66,77096463,19.65,19.75,19.44,19.7,49554000,2024-08-09T23:25:57Z
INTC,2009-09-17,12.48,12.78,12.35,12.62,100507797,19.41,19.89,19.22,19.63,64601500,2024-08-09T23:25:57Z
INTC,2009-09-18,12.57,12.66,12.45,12.55,83226227,19.56,19.7,19.37,19.53,53493700,2024-08-09T23:25:57Z
INTC,2009-09-21,12.56,12.69,12.48,12.51,56259377,19.54,19.75,19.42,19.47,36160900,2024-08-09T23:25:57Z
INTC,2009-09-22,12.55,12.68,12.5,12.62,59390778,19.53,19.73,19.45,19.63,38173400,2024-08-09T23:25:57Z
INTC,2009-09-23,12.78,13.01,12.6,12.62,112241043,19.88,20.24,19.6,19.63,72143104,2024-08-09T23:25:57Z
INTC,2009-09-24,12.56,12.86,12.5,12.77,81465163,19.54,20,19.45,19.87,52362000,2024-08-09T23:25:57Z
INTC,2009-09-25,12.45,12.59,12.4,12.5,61421237,19.37,19.59,19.3,19.45,39478600,2024-08-09T23:25:57Z
INTC,2009-09-28,12.69,12.81,12.47,12.48,58838982,19.74,19.93,19.4,19.41,37818800,2024-08-09T23:25:57Z
INTC,2009-09-29,12.52,12.71,12.49,12.64,65398675,19.48,19.78,19.44,19.67,42035100,2024-08-09T23:25:57Z
INTC,2009-09-30,12.58,12.72,12.37,12.6,100714099,19.57,19.79,19.25,19.61,64733900,2024-08-09T23:25:57Z
INTC,2009-10-01,12.15,12.55,12.14,12.52,109916071,18.9,19.53,18.89,19.48,70648704,2024-08-09T23:25:57Z
INTC,2009-10-02,12.19,12.35,12.18,12.18,90516755,18.97,19.22,18.95,18.95,58179800,2024-08-09T23:25:57Z
INTC,2009-10-05,12.28,12.39,12.18,12.29,88115153,19.1,19.27,18.95,19.12,56635900,2024-08-09T23:25:57Z
INTC,2009-10-06,12.62,12.71,12.39,12.4,115418420,19.63,19.78,19.28,19.3,74185296,2024-08-09T23:25:57Z
INTC,2009-10-07,12.69,12.77,12.51,12.62,77053832,19.75,19.87,19.47,19.63,49526300,2024-08-09T23:25:57Z
INTC,2009-10-08,12.78,12.84,12.53,12.69,115440096,19.88,19.98,19.5,19.74,74199296,2024-08-09T23:25:57Z
INTC,2009-10-09,12.96,13.06,12.73,12.75,87039534,20.17,20.32,19.81,19.84,55944800,2024-08-09T23:25:57Z
INTC,2009-10-12,13.11,13.27,13.01,13.1,101263630,20.4,20.65,20.24,20.38,65087200,2024-08-09T23:25:57Z
INTC,2009-10-13,13.17,13.3,13.08,13.18,181489128,20.49,20.69,20.35,20.51,116652600,2024-08-09T23:25:57Z
INTC,2009-10-14,13.39,13.67,13.36,13.66,256666014,20.83,21.27,20.78,21.26,164972304,2024-08-09T23:25:57Z
INTC,2009-10-15,13.29,13.45,13.2,13.38,125293587,20.67,20.93,20.54,20.81,80532800,2024-08-09T23:25:57Z
INTC,2009-10-16,12.97,13.22,12.87,13.16,117869586,20.18,20.57,20.02,20.47,75760704,2024-08-09T23:25:57Z
INTC,2009-10-19,13.12,13.16,12.89,13.04,106024309,20.41,20.48,20.05,20.29,68147504,2024-08-09T23:25:57Z
INTC,2009-10-20,12.97,13.23,12.93,13.16,105529325,20.18,20.58,20.11,20.47,67829000,2024-08-09T23:25:57Z
INTC,2009-10-21,12.77,13.12,12.64,12.96,137178995,19.86,20.42,19.66,20.17,88171696,2024-08-09T23:25:57Z
INTC,2009-10-22,12.93,12.97,12.61,12.77,103708343,20.12,20.18,19.62,19.87,66658900,2024-08-09T23:25:57Z
INTC,2009-10-23,12.71,13.11,12.6,13.11,128636122,19.78,20.4,19.61,20.4,82680896,2024-08-09T23:25:57Z
INTC,2009-10-26,12.75,12.88,12.57,12.71,98024532,19.83,20.04,19.56,19.78,63005600,2024-08-09T23:25:57Z
INTC,2009-10-27,12.69,12.94,12.64,12.86,106061954,19.74,20.13,19.67,20.01,68171400,2024-08-09T23:25:57Z
INTC,2009-10-28,12.23,12.69,12.22,12.6,136281021,19.03,19.75,19.02,19.6,87595104,2024-08-09T23:25:57Z
INTC,2009-10-29,12.35,12.48,12.28,12.32,120222669,19.22,19.41,19.1,19.17,77273400,2024-08-09T23:25:57Z
INTC,2009-10-30,12.28,12.43,12.04,12.41,143564135,19.11,19.34,18.74,19.31,92276200,2024-08-09T23:25:57Z
INTC,2009-11-02,12.22,12.31,12.05,12.24,99004870,19.01,19.15,18.75,19.05,63635500,2024-08-09T23:25:57Z
INTC,2009-11-03,11.89,11.99,11.77,11.97,158098933,18.5,18.65,18.31,18.63,101618304,2024-08-09T23:25:57Z
INTC,2009-11-04,12.04,12.2,11.98,12.05,132535141,18.59,18.83,18.5,18.61,85837000,2024-08-09T23:25:57Z
INTC,2009-11-05,12.23,12.37,12.06,12.12,102132332,18.89,19.1,18.62,18.72,66146500,2024-08-09T23:25:57Z
INTC,2009-11-06,12.26,12.38,12.14,12.18,68197622,18.93,19.11,18.74,18.81,44168500,2024-08-09T23:25:57Z
