ticker,tradeDate,clsPx,hiPx,loPx,open,stockVolume,unadjClsPx,unadjHiPx,unadjLoPx,unadjOpen,unadjStockVolume,updatedAt
INTU,2006-01-03,23.82,23.97,22.85,23.38,4660562,54.08,54.41,51.87,53.07,2053000,2026-01-13T03:44:29Z
INTU,2006-01-04,23.86,23.86,23.6,23.63,3692799,54.16,54.16,53.57,53.65,1626700,2026-01-13T03:44:29Z
INTU,2006-01-05,23.51,23.86,23.43,23.83,3639905,53.36,54.16,53.2,54.1,1603400,2026-01-13T03:44:29Z
INTU,2006-01-06,23.77,23.77,23.3,23.59,4345910,53.95,53.95,52.89,53.54,1914400,2026-01-13T03:44:29Z
INTU,2006-01-09,23.41,23.7,23.32,23.68,3375449,53.14,53.79,52.93,53.75,1486900,2026-01-13T03:44:29Z
INTU,2006-01-10,23.36,23.62,23.15,23.25,3292353,53.02,53.62,52.56,52.77,1450300,2026-01-13T03:44:29Z
INTU,2006-01-11,23.17,23.35,22.99,23.35,4462144,52.6,53,52.2,53,1965600,2026-01-13T03:44:29Z
INTU,2006-01-12,23.06,23.28,22.89,23.22,2863297,52.36,52.84,51.97,52.71,1261300,2026-01-13T03:44:29Z
INTU,2006-01-13,22.82,23.08,22.55,23.08,4747725,51.81,52.4,51.2,52.4,2091400,2026-01-13T03:44:29Z
INTU,2006-01-17,22.91,23.16,22.48,22.71,3487582,52,52.58,51.03,51.56,1536300,2026-01-13T03:44:29Z
INTU,2006-01-18,23.14,23.26,22.77,22.88,3774081,52.52,52.8,51.7,51.93,1662500,2026-01-13T03:44:29Z
INTU,2006-01-19,23.38,23.54,23.04,23.11,2725962,53.07,53.44,52.3,52.46,1200800,2026-01-13T03:44:29Z
INTU,2006-01-20,22.71,23.46,22.69,23.26,3979757,51.56,53.25,51.51,52.8,1753100,2026-01-13T03:44:29Z
INTU,2006-01-23,22.51,22.85,22.47,22.66,3278284,51.11,51.87,51.01,51.45,1444100,2026-01-13T03:44:29Z
INTU,2006-01-24,22.69,22.77,22.3,22.56,2922328,51.5,51.68,50.63,51.21,1287300,2026-01-13T03:44:29Z
INTU,2006-01-25,22.62,22.84,22.42,22.58,3043556,51.35,51.86,50.89,51.25,1340700,2026-01-13T03:44:29Z
INTU,2006-01-26,23.02,23.17,22.74,22.86,3187930,52.25,52.6,51.63,51.9,1404300,2026-01-13T03:44:29Z
INTU,2006-01-27,23.01,23.5,23,23.03,2819942,52.23,53.34,52.22,52.29,1242200,2026-01-13T03:44:29Z
INTU,2006-01-30,23.02,23.47,23.02,23.17,2172732,52.25,53.27,52.25,52.6,957100,2026-01-13T03:44:29Z
INTU,2006-01-31,23.05,23.4,22.73,23.16,3451497,52.33,53.13,51.61,52.57,1520400,2026-01-13T03:44:29Z
INTU,2006-02-01,23.24,23.31,22.79,22.97,2255587,52.75,52.92,51.74,52.14,993600,2026-01-13T03:44:29Z
INTU,2006-02-02,23.01,23.25,22.64,23.16,2656947,52.23,52.79,51.39,52.58,1170400,2026-01-13T03:44:29Z
INTU,2006-02-03,22.51,22.99,22.48,22.99,2913929,51.1,52.18,51.02,52.18,1283600,2026-01-13T03:44:29Z
INTU,2006-02-06,22.7,22.88,22.45,22.47,2213825,51.53,51.95,50.96,51,975200,2026-01-13T03:44:29Z
INTU,2006-02-07,22.46,22.83,22.36,22.67,3893477,50.99,51.83,50.75,51.47,1715100,2026-01-13T03:44:29Z
INTU,2006-02-08,22.5,22.65,22.27,22.62,3456713,51.07,51.42,50.56,51.36,1522700,2026-01-13T03:44:29Z
INTU,2006-02-09,22.72,23.13,22.63,22.64,4212881,51.58,52.51,51.37,51.4,1855800,2026-01-13T03:44:29Z
INTU,2006-02-10,23.11,23.23,22.55,22.72,4284625,52.46,52.73,51.18,51.58,1887400,2026-01-13T03:44:29Z
INTU,2006-02-13,23.38,23.39,23.03,23.11,3571129,53.08,53.1,52.28,52.45,1573100,2026-01-13T03:44:29Z
INTU,2006-02-14,23.57,24.32,23.48,23.53,6517978,53.5,55.22,53.3,53.41,2871200,2026-01-13T03:44:29Z
INTU,2006-02-15,23.76,23.82,23.42,23.43,3731616,53.94,54.07,53.17,53.19,1643800,2026-01-13T03:44:29Z
INTU,2006-02-16,24.14,24.19,23.59,23.83,4429683,54.8,54.92,53.56,54.09,1951300,2026-01-13T03:44:29Z
INTU,2006-02-17,21.69,22.95,21.54,22.91,15543957,49.25,52.09,48.9,52,6847200,2026-01-13T03:44:29Z
INTU,2006-02-21,21.41,22.02,21.38,21.8,3809709,48.61,49.98,48.53,49.49,1678200,2026-01-13T03:44:29Z
INTU,2006-02-22,21.62,21.77,21.28,21.47,3637413,49.08,49.41,48.31,48.74,1602300,2026-01-13T03:44:29Z
INTU,2006-02-23,21.4,21.66,21.36,21.59,3060809,48.57,49.18,48.5,49,1348300,2026-01-13T03:44:29Z
INTU,2006-02-24,21.4,21.54,21.25,21.43,2550032,48.59,48.89,48.25,48.65,1123300,2026-01-13T03:44:29Z
INTU,2006-02-27,21.79,22.49,21.28,21.35,5648511,49.46,51.05,48.3,48.47,2488200,2026-01-13T03:44:29Z
INTU,2006-02-28,21.41,21.78,21.24,21.75,3329352,48.61,49.45,48.22,49.37,1466600,2026-01-13T03:44:29Z
INTU,2006-03-01,21.56,21.76,21.31,21.4,3364323,48.95,49.39,48.37,48.59,1482000,2026-01-13T03:44:29Z
INTU,2006-03-02,21.33,21.62,21.21,21.53,3497795,48.42,49.07,48.15,48.87,1540800,2026-01-13T03:44:29Z
INTU,2006-03-03,21.4,21.78,21.14,21.22,3499171,48.59,49.45,47.98,48.18,1541400,2026-01-13T03:44:29Z
INTU,2006-03-06,21.4,21.51,21.27,21.42,4606765,48.59,48.82,48.29,48.63,2029300,2026-01-13T03:44:29Z
INTU,2006-03-07,21.53,21.61,21.32,21.37,4133207,48.88,49.05,48.4,48.51,1820700,2026-01-13T03:44:29Z
INTU,2006-03-08,21.37,21.78,21.36,21.56,3725496,48.51,49.45,48.49,48.95,1641100,2026-01-13T03:44:29Z
INTU,2006-03-09,22.79,23.24,22.16,22.26,8737707,51.73,52.75,50.31,50.54,3849000,2026-01-13T03:44:29Z
INTU,2006-03-10,23.24,23.31,22.73,22.88,5732270,52.76,52.91,51.6,51.95,2525100,2026-01-13T03:44:29Z
INTU,2006-03-13,23.21,23.36,23.12,23.14,4343650,52.68,53.02,52.48,52.53,1913400,2026-01-13T03:44:29Z
INTU,2006-03-14,23.09,23.29,22.73,23.23,5552028,52.41,52.87,51.59,52.74,2445700,2026-01-13T03:44:29Z
INTU,2006-03-15,23.3,23.35,23.02,23.13,4059207,52.9,53,52.27,52.5,1788100,2026-01-13T03:44:29Z
INTU,2006-03-16,23.48,23.72,23.22,23.46,4098252,53.3,53.85,52.71,53.25,1805300,2026-01-13T03:44:29Z
INTU,2006-03-17,23.4,23.61,23.39,23.59,3897803,53.12,53.6,53.09,53.54,1717000,2026-01-13T03:44:29Z
INTU,2006-03-20,23.26,23.57,23.18,23.31,3356143,52.81,53.5,52.61,52.92,1478400,2026-01-13T03:44:29Z
INTU,2006-03-21,23.68,23.89,23.33,23.52,5521604,53.75,54.23,52.96,53.39,2432300,2026-01-13T03:44:29Z
INTU,2006-03-22,23.63,23.78,23.25,23.41,3471014,53.64,53.99,52.78,53.15,1529000,2026-01-13T03:44:29Z
INTU,2006-03-23,23.25,23.54,23.15,23.5,3587692,52.77,53.44,52.56,53.34,1580400,2026-01-13T03:44:29Z
INTU,2006-03-24,23.06,23.34,22.9,23.32,3529590,52.35,52.99,51.99,52.95,1554800,2026-01-13T03:44:29Z
INTU,2006-03-27,22.85,22.99,22.74,22.98,4204945,51.87,52.19,51.63,52.16,1852300,2026-01-13T03:44:29Z
INTU,2006-03-28,22.69,23.01,22.59,22.86,4052395,51.5,52.23,51.27,51.89,1785100,2026-01-13T03:44:29Z
INTU,2006-03-29,23.36,23.53,22.62,22.69,3999042,53.04,53.41,51.36,51.5,1761600,2026-01-13T03:44:29Z
INTU,2006-03-30,23.27,23.47,23.04,23.21,2342763,52.82,53.28,52.31,52.68,1032000,2026-01-13T03:44:29Z
INTU,2006-03-31,23.43,23.53,23.21,23.27,2925728,53.19,53.42,52.7,52.82,1288800,2026-01-13T03:44:29Z
INTU,2006-04-03,23.57,23.64,23.32,23.47,2831298,53.51,53.66,52.95,53.27,1247200,2026-01-13T03:44:29Z
INTU,2006-04-04,23.67,23.88,23.58,23.59,2645139,53.74,54.2,53.52,53.56,1165200,2026-01-13T03:44:29Z
INTU,2006-04-05,23.87,24.02,23.48,23.64,2512340,54.19,54.53,53.3,53.67,1106700,2026-01-13T03:44:29Z
INTU,2006-04-06,23.92,24.07,23.68,23.77,2401109,54.3,54.64,53.75,53.95,1057700,2026-01-13T03:44:29Z
INTU,2006-04-07,23.73,24.18,23.68,23.92,2296683,53.88,54.9,53.76,54.3,1011700,2026-01-13T03:44:29Z
INTU,2006-04-10,23.71,24,23.61,23.81,1238577,53.82,54.49,53.6,54.05,545600,2026-01-13T03:44:29Z
INTU,2006-04-11,23.65,23.89,23.52,23.78,1499416,53.69,54.24,53.4,53.98,660500,2026-01-13T03:44:29Z
INTU,2006-04-12,23.74,23.87,23.55,23.56,1414060,53.9,54.19,53.45,53.48,622900,2026-01-13T03:44:29Z
INTU,2006-04-13,23.75,23.89,23.55,23.66,1240622,53.92,54.23,53.46,53.71,546500,2026-01-13T03:44:29Z
INTU,2006-04-17,23.39,23.76,23.26,23.66,1517123,53.09,53.93,52.81,53.72,668300,2026-01-13T03:44:29Z
INTU,2006-04-18,24.02,24.1,23.32,23.46,2518703,54.52,54.72,52.93,53.25,1109500,2026-01-13T03:44:29Z
INTU,2006-04-19,24.23,24.23,23.88,24.01,1896230,55,55,54.22,54.51,835300,2026-01-13T03:44:29Z
INTU,2006-04-20,25.05,25.54,24.84,24.96,7841230,56.86,57.97,56.39,56.66,3454100,2026-01-13T03:44:29Z
INTU,2006-04-21,24.24,25.25,24.08,25.16,5234898,55.03,57.33,54.67,57.11,2306000,2026-01-13T03:44:29Z
INTU,2006-04-24,24.42,24.51,24.12,24.29,2548891,55.43,55.65,54.75,55.15,1122800,2026-01-13T03:44:29Z
INTU,2006-04-25,24.14,24.44,23.85,24.42,3178167,54.8,55.48,54.14,55.44,1400000,2026-01-13T03:44:29Z
INTU,2006-04-26,24.43,24.79,24.02,24.02,2824033,55.47,56.28,54.52,54.54,1244000,2026-01-13T03:44:29Z
INTU,2006-04-27,24.2,24.45,23.79,24.44,3365447,54.93,55.5,54,55.49,1482500,2026-01-13T03:44:29Z
INTU,2006-04-28,23.86,24.26,23.72,24.25,2658534,54.17,55.08,53.85,55.06,1171100,2026-01-13T03:44:29Z
INTU,2006-05-01,24.36,24.81,23.87,23.95,4921403,55.31,56.32,54.18,54.36,2167900,2026-01-13T03:44:29Z
INTU,2006-05-02,24.45,24.75,24.29,24.63,2785669,55.5,56.18,55.15,55.92,1227100,2026-01-13T03:44:29Z
INTU,2006-05-03,24.3,24.53,24.24,24.4,2578853,55.16,55.69,55.03,55.4,1136000,2026-01-13T03:44:29Z
INTU,2006-05-04,24.61,24.67,24.28,24.34,2293505,55.86,56,55.11,55.25,1010300,2026-01-13T03:44:29Z
INTU,2006-05-05,24.69,24.78,24.44,24.71,2040385,56.04,56.25,55.48,56.09,898800,2026-01-13T03:44:29Z
INTU,2006-05-08,24.89,24.98,24.35,24.71,2954794,56.5,56.7,55.27,56.09,1301600,2026-01-13T03:44:29Z
INTU,2006-05-09,24.62,24.97,24.53,24.89,2001795,55.9,56.69,55.68,56.5,881800,2026-01-13T03:44:29Z
INTU,2006-05-10,24.2,24.77,24.1,24.55,3402223,54.94,56.23,54.72,55.72,1498700,2026-01-13T03:44:29Z
INTU,2006-05-11,24.03,24.23,23.89,24.12,2567956,54.56,55.01,54.24,54.75,1131200,2026-01-13T03:44:29Z
INTU,2006-05-12,23.64,24.21,23.62,23.98,2491685,53.67,54.96,53.62,54.45,1097600,2026-01-13T03:44:29Z
INTU,2006-05-15,23.44,23.61,23.14,23.55,2634246,53.21,53.59,52.52,53.47,1160400,2026-01-13T03:44:29Z
INTU,2006-05-16,22.94,23.42,22.82,23.39,4443081,52.07,53.17,51.81,53.1,1957200,2026-01-13T03:44:29Z
INTU,2006-05-17,22.58,22.97,22.5,22.86,4286442,51.27,52.14,51.07,51.89,1888200,2026-01-13T03:44:29Z
INTU,2006-05-18,23.03,23.6,22.7,22.75,8185832,52.28,53.58,51.52,51.64,3605900,2026-01-13T03:44:29Z
INTU,2006-05-19,22.76,23.17,22.64,22.93,5806514,51.66,52.6,51.39,52.05,2557800,2026-01-13T03:44:29Z
INTU,2006-05-22,23.4,23.52,22.62,22.64,5166120,53.11,53.4,51.36,51.4,2275700,2026-01-13T03:44:29Z
INTU,2006-05-23,22.8,23.56,22.8,23.3,3909381,51.76,53.48,51.75,52.9,1722100,2026-01-13T03:44:29Z
INTU,2006-05-24,23.46,23.6,22.47,22.67,4491662,53.26,53.57,51,51.47,1978600,2026-01-13T03:44:29Z
INTU,2006-05-25,23.66,23.71,23.37,23.44,3297355,53.71,53.82,53.06,53.22,1452500,2026-01-13T03:44:29Z
INTU,2006-05-26,23.73,23.86,23.55,23.75,2651503,53.88,54.17,53.46,53.91,1168000,2026-01-13T03:44:29Z
INTU,2006-05-30,23.86,24,23.64,23.76,4291429,54.16,54.49,53.67,53.94,1890400,2026-01-13T03:44:29Z
INTU,2006-05-31,24.36,24.36,23.81,23.94,5350454,55.29,55.29,54.05,54.35,2356900,2026-01-13T03:44:29Z
INTU,2006-06-01,24.56,24.61,24.21,24.35,3679180,55.76,55.86,54.97,55.28,1620700,2026-01-13T03:44:29Z
INTU,2006-06-02,24.51,24.66,24.07,24.65,2594521,55.63,55.98,54.63,55.95,1142900,2026-01-13T03:44:29Z
INTU,2006-06-05,24.23,24.88,24.19,24.45,3790872,55,56.49,54.91,55.5,1669900,2026-01-13T03:44:29Z
INTU,2006-06-06,23.94,24.2,23.71,24.18,3575433,54.35,54.93,53.83,54.89,1575000,2026-01-13T03:44:29Z
INTU,2006-06-07,23.92,24.11,23.6,23.77,3849675,54.3,54.73,53.57,53.96,1695800,2026-01-13T03:44:29Z
INTU,2006-06-08,23.59,23.92,23.16,23.92,4257150,53.56,54.3,52.58,54.3,1875300,2026-01-13T03:44:29Z
INTU,2006-06-09,22.88,24.07,22.79,23.58,8693214,51.94,54.65,51.74,53.53,3829400,2026-01-13T03:44:29Z
INTU,2006-06-12,22.66,23.25,22.58,22.99,6183578,51.44,52.77,51.25,52.2,2723900,2026-01-13T03:44:29Z
INTU,2006-06-13,23.21,23.65,22.67,22.67,6484832,52.69,53.68,51.46,51.46,2856600,2026-01-13T03:44:29Z
INTU,2006-06-14,23.29,23.38,23.06,23.2,3420847,52.88,53.08,52.35,52.66,1506900,2026-01-13T03:44:29Z
INTU,2006-06-15,24.14,24.22,23.26,23.28,5290285,54.79,54.99,52.8,52.85,2330400,2026-01-13T03:44:29Z
INTU,2006-06-16,24.03,24.67,23.98,24.09,5488915,54.55,56,54.43,54.68,2417900,2026-01-13T03:44:29Z
INTU,2006-06-19,24.3,24.82,23.8,24.02,4663049,55.17,56.35,54.02,54.52,2054100,2026-01-13T03:44:29Z
INTU,2006-06-20,24.45,24.67,24.14,24.34,2769778,55.5,56,54.8,55.26,1220100,2026-01-13T03:44:29Z
INTU,2006-06-21,25,25.3,24.47,24.54,4021060,56.75,57.44,55.55,55.7,1771300,2026-01-13T03:44:29Z
INTU,2006-06-22,25,25.1,24.71,25,3192694,56.75,56.99,56.1,56.75,1406400,2026-01-13T03:44:29Z
INTU,2006-06-23,25.08,25.4,24.86,25.03,2419491,56.93,57.66,56.43,56.83,1065800,2026-01-13T03:44:29Z
INTU,2006-06-26,25.1,25.25,24.85,25.01,2119157,56.99,57.32,56.42,56.77,933500,2026-01-13T03:44:29Z
INTU,2006-06-27,25.55,25.59,24.98,25.07,6414455,58.01,58.09,56.72,56.9,2825600,2026-01-13T03:44:29Z
INTU,2006-06-28,26.06,26.09,25.25,25.55,5793800,59.17,59.22,57.32,58.01,2552200,2026-01-13T03:44:29Z
INTU,2006-06-29,26.43,26.47,25.8,26.12,5330246,60,60.1,58.57,59.29,2348000,2026-01-13T03:44:29Z
INTU,2006-06-30,26.67,26.87,26.12,26.27,5657365,60.54,61,59.3,59.64,2492100,2026-01-13T03:44:29Z
INTU,2006-07-03,26.52,26.76,26.38,26.67,2073983,60.2,60.74,59.89,60.54,913600,2026-01-13T03:44:29Z
INTU,2006-07-05,26.61,26.67,26.18,26.38,4028785,60.41,60.55,59.42,59.89,1774700,2026-01-13T03:44:29Z
INTU,2006-07-06,26.26,26.83,25.9,26.67,3989059,59.62,60.91,58.79,60.54,1757200,2026-01-13T03:44:29Z
INTU,2006-07-07,25.75,26.36,25.64,26.18,2818812,29.23,29.92,29.1,29.72,2483400,2026-01-13T03:44:29Z
INTU,2006-07-10,25.82,26.06,25.4,25.77,3720730,29.31,29.58,28.83,29.25,3278000,2026-01-13T03:44:29Z
INTU,2006-07-11,26.13,26.17,25.43,25.85,3144567,29.66,29.7,28.86,29.34,2770400,2026-01-13T03:44:29Z
INTU,2006-07-12,26.02,26.4,25.88,26.2,2585445,29.54,29.97,29.38,29.74,2277800,2026-01-13T03:44:29Z
INTU,2006-07-13,25.24,26.08,25.21,26.08,3058312,28.65,29.6,28.62,29.6,2694400,2026-01-13T03:44:29Z
INTU,2006-07-14,25.04,25.36,24.79,25.24,2249123,28.42,28.78,28.14,28.65,1981500,2026-01-13T03:44:29Z
INTU,2006-07-17,25.2,25.35,24.8,25,2300426,28.6,28.77,28.15,28.38,2026700,2026-01-13T03:44:29Z
INTU,2006-07-18,25.23,25.66,24.93,25.3,2189988,28.64,29.13,28.3,28.72,1929400,2026-01-13T03:44:29Z
INTU,2006-07-19,26.4,26.54,25.34,25.42,4566002,29.96,30.12,28.76,28.85,4022700,2026-01-13T03:44:29Z
INTU,2006-07-20,25.68,26.2,25.3,26.2,2967950,29.15,29.74,28.72,29.74,2614800,2026-01-13T03:44:29Z
INTU,2006-07-21,25.83,26.12,25.37,25.44,2934587,29.32,29.65,28.8,28.88,2585400,2026-01-13T03:44:29Z
INTU,2006-07-24,26.91,27.03,25.87,25.95,2662280,30.55,30.68,29.36,29.46,2345500,2026-01-13T03:44:29Z
INTU,2006-07-25,27.62,27.75,26.88,27.01,4181331,31.35,31.5,30.51,30.66,3683800,2026-01-13T03:44:29Z
INTU,2006-07-26,27.57,27.65,26.97,27.65,3415398,31.29,31.38,30.61,31.38,3009000,2026-01-13T03:44:29Z
INTU,2006-07-27,27.33,28.05,27.27,27.43,2865464,31.02,31.84,30.95,31.13,2524500,2026-01-13T03:44:29Z
INTU,2006-07-28,27.44,27.82,27.21,27.6,2547073,31.15,31.58,30.89,31.33,2244000,2026-01-13T03:44:29Z
INTU,2006-07-31,27.2,27.21,26.52,26.57,3446382,30.87,30.88,30.1,30.16,3036300,2026-01-13T03:44:29Z
INTU,2006-08-01,26.36,27.3,25.84,27.04,5387002,29.92,30.99,29.33,30.69,4746000,2026-01-13T03:44:29Z
INTU,2006-08-02,26.57,26.77,26.06,26.37,3426857,30.16,30.39,29.58,29.93,3019100,2026-01-13T03:44:29Z
INTU,2006-08-03,27.03,27.19,26.27,26.64,2333343,30.68,30.86,29.82,30.24,2055700,2026-01-13T03:44:29Z
INTU,2006-08-04,26.6,27.52,26.46,27.22,2119158,30.19,31.24,30.03,30.9,1867000,2026-01-13T03:44:29Z
INTU,2006-08-07,26.24,26.71,26.03,26.61,2749796,29.78,30.32,29.55,30.2,2422600,2026-01-13T03:44:29Z
INTU,2006-08-08,26.02,26.56,25.68,26.56,2730391,29.53,30.15,29.15,30.15,2405500,2026-01-13T03:44:29Z
INTU,2006-08-09,26.42,27.08,25.99,26.18,2615860,29.99,30.74,29.5,29.71,2304600,2026-01-13T03:44:29Z
INTU,2006-08-10,26.69,26.79,25.76,26.41,2495091,30.3,30.41,29.24,29.98,2198200,2026-01-13T03:44:29Z
INTU,2006-08-11,26.7,26.87,26.22,26.5,1624953,30.31,30.5,29.76,30.08,1431600,2026-01-13T03:44:29Z
INTU,2006-08-14,26.78,27.31,26.35,26.87,2271824,30.4,31,29.91,30.5,2001500,2026-01-13T03:44:29Z
INTU,2006-08-15,27.41,27.49,26.71,27.18,2555478,31.11,31.2,30.32,30.85,2251400,2026-01-13T03:44:29Z
INTU,2006-08-16,27.78,27.93,27.21,27.58,2942753,31.53,31.7,30.89,31.3,2592600,2026-01-13T03:44:29Z
INTU,2006-08-17,27.64,27.79,27.33,27.77,2641512,31.37,31.54,31.02,31.52,2327200,2026-01-13T03:44:29Z
INTU,2006-08-18,27.64,27.75,27.29,27.64,2346623,31.37,31.5,30.97,31.37,2067400,2026-01-13T03:44:29Z
INTU,2006-08-21,27.4,27.65,27,27.04,2393503,31.1,31.38,30.65,30.69,2108700,2026-01-13T03:44:29Z
INTU,2006-08-22,27.39,27.88,27,27.44,3534920,31.09,31.65,30.65,31.15,3114300,2026-01-13T03:44:29Z
INTU,2006-08-23,27.04,27.95,26.7,27.82,5139101,30.69,31.73,30.31,31.58,4527600,2026-01-13T03:44:29Z
INTU,2006-08-24,27.15,27.31,26.86,26.96,1940729,30.82,31,30.49,30.6,1709800,2026-01-13T03:44:29Z
INTU,2006-08-25,27.15,27.3,26.77,26.97,2172054,30.82,30.99,30.38,30.61,1913600,2026-01-13T03:44:29Z
INTU,2006-08-28,27.22,27.32,26.75,27,1672739,30.9,31.01,30.36,30.65,1473700,2026-01-13T03:44:29Z
INTU,2006-08-29,26.99,27.3,26.55,27.3,3848756,30.64,30.99,30.14,30.99,3390800,2026-01-13T03:44:29Z
INTU,2006-08-30,27.09,27.15,26.74,27.05,1944923,30.75,30.82,30.35,30.7,1713500,2026-01-13T03:44:29Z
INTU,2006-08-31,26.66,27.09,26.61,27.03,1953777,30.26,30.75,30.21,30.68,1721300,2026-01-13T03:44:29Z
INTU,2006-09-01,27.14,27.39,26.72,27.03,2560357,30.8,31.09,30.33,30.68,2255700,2026-01-13T03:44:29Z
INTU,2006-09-05,27.6,27.8,26.88,27.27,3396662,31.33,31.56,30.51,30.95,2992500,2026-01-13T03:44:29Z
INTU,2006-09-06,27.74,28.11,27.34,27.35,4115163,31.49,31.91,31.03,31.04,3625500,2026-01-13T03:44:29Z
INTU,2006-09-07,26.98,27.84,26.95,27.84,2500087,30.62,31.6,30.59,31.6,2202600,2026-01-13T03:44:29Z
INTU,2006-09-08,27.45,27.73,26.8,26.97,2582374,31.16,31.47,30.42,30.61,2275100,2026-01-13T03:44:29Z
INTU,2006-09-11,27.5,27.53,26.74,27.41,2255935,31.21,31.25,30.35,31.11,1987500,2026-01-13T03:44:29Z
INTU,2006-09-12,28.28,28.32,26.8,27.38,4379068,32.1,32.14,30.42,31.08,3858000,2026-01-13T03:44:29Z
INTU,2006-09-13,28.44,28.8,27.68,28.19,3291450,32.28,32.69,31.42,32,2899800,2026-01-13T03:44:29Z
INTU,2006-09-14,28.75,28.82,28.08,28.22,2260810,32.63,32.71,31.87,32.03,1991800,2026-01-13T03:44:29Z
INTU,2006-09-15,29.1,29.48,28.79,28.89,6603661,33.03,33.46,32.68,32.79,5817900,2026-01-13T03:44:29Z
INTU,2006-09-18,29,29.27,28.83,29.24,2201446,32.92,33.22,32.72,33.19,1939500,2026-01-13T03:44:29Z
INTU,2006-09-19,29.19,29.58,28.89,29.15,2956602,33.13,33.57,32.79,33.09,2604800,2026-01-13T03:44:29Z
INTU,2006-09-20,29.21,29.54,28.78,29.03,3118804,33.15,33.53,32.67,32.95,2747700,2026-01-13T03:44:29Z
INTU,2006-09-21,28.62,29.16,28.16,29.08,4076459,32.49,33.1,31.96,33.01,3591400,2026-01-13T03:44:29Z
INTU,2006-09-22,28.47,28.81,28.24,28.67,1946625,32.32,32.7,32.05,32.54,1715000,2026-01-13T03:44:29Z
INTU,2006-09-25,28.76,28.84,27.95,28.76,2740033,32.64,32.74,31.73,32.64,2414000,2026-01-13T03:44:29Z
INTU,2006-09-26,28.51,28.83,28.27,28.83,2744916,32.36,32.72,32.09,32.72,2418300,2026-01-13T03:44:29Z
INTU,2006-09-27,28.82,29.07,28.33,28.63,2591792,32.71,33,32.16,32.5,2283400,2026-01-13T03:44:29Z
INTU,2006-09-28,28.96,28.98,28.51,28.84,1565702,32.87,32.9,32.36,32.73,1379400,2026-01-13T03:44:29Z
INTU,2006-09-29,28.27,28.98,28.22,28.98,2428577,32.09,32.9,32.03,32.9,2139600,2026-01-13T03:44:29Z
INTU,2006-10-02,28.19,28.95,28.16,28.41,2278295,32,32.86,31.96,32.25,2007200,2026-01-13T03:44:29Z
INTU,2006-10-03,28.92,29.08,28.15,28.35,3311535,32.83,33.01,31.95,32.18,2917500,2026-01-13T03:44:29Z
INTU,2006-10-04,30.2,30.2,28.61,28.83,6142954,34.28,34.28,32.47,32.72,5412000,2026-01-13T03:44:29Z
INTU,2006-10-05,30.13,30.19,30,30.02,5451573,34.2,34.27,34.05,34.07,4802900,2026-01-13T03:44:29Z
INTU,2006-10-06,30.25,30.46,29.88,30.07,2680784,34.33,34.58,33.92,34.13,2361800,2026-01-13T03:44:29Z
INTU,2006-10-09,30.22,30.54,29.98,30.11,1961835,34.3,34.66,34.03,34.18,1728400,2026-01-13T03:44:29Z
INTU,2006-10-10,29.89,29.99,29.6,29.87,3859089,33.93,34.04,33.6,33.9,3399900,2026-01-13T03:44:29Z
INTU,2006-10-11,30.13,30.35,29.82,29.99,3426401,34.2,34.45,33.85,34.04,3018700,2026-01-13T03:44:29Z
INTU,2006-10-12,30.88,30.92,30.18,30.39,2794065,35.05,35.1,34.25,34.5,2461600,2026-01-13T03:44:29Z
INTU,2006-10-13,31.13,31.25,30.69,30.69,2669775,35.33,35.47,34.83,34.83,2352100,2026-01-13T03:44:29Z
INTU,2006-10-16,31.07,31.43,30.91,31.14,2573639,35.27,35.67,35.09,35.35,2267400,2026-01-13T03:44:29Z
INTU,2006-10-17,31.12,31.36,30.82,31.17,1576711,35.32,35.6,34.98,35.38,1389100,2026-01-13T03:44:29Z
INTU,2006-10-18,31.52,31.7,31.36,31.5,3593027,35.78,35.98,35.59,35.76,3165500,2026-01-13T03:44:29Z
INTU,2006-10-19,31.21,31.5,30.99,31.19,2603486,35.42,35.76,35.18,35.4,2293700,2026-01-13T03:44:29Z
INTU,2006-10-20,31.07,31.49,30.96,31.49,3436739,35.27,35.74,35.14,35.74,3027800,2026-01-13T03:44:29Z
INTU,2006-10-23,30.7,30.96,30,30.05,3660684,34.85,35.14,34.05,34.11,3225100,2026-01-13T03:44:29Z
INTU,2006-10-24,30.47,30.92,30.18,30.79,4410737,34.58,35.1,34.26,34.95,3885900,2026-01-13T03:44:29Z
INTU,2006-10-25,30.54,30.62,30.09,30.38,2618585,34.66,34.76,34.15,34.48,2307000,2026-01-13T03:44:29Z
INTU,2006-10-26,30.85,31.01,29.76,30.6,3442522,35.02,35.2,33.78,34.73,3032900,2026-01-13T03:44:29Z
INTU,2006-10-27,30.33,30.96,29.99,30.7,2706209,34.43,35.14,34.04,34.85,2384200,2026-01-13T03:44:29Z
INTU,2006-10-30,30.9,31.03,30.01,30.43,3402233,35.07,35.22,34.06,34.54,2997400,2026-01-13T03:44:29Z
INTU,2006-10-31,31.1,31.2,30.58,31.04,2285668,35.3,35.42,34.71,35.23,2013700,2026-01-13T03:44:29Z
INTU,2006-11-01,30.43,31.22,30.25,31.2,2178975,34.54,35.44,34.33,35.41,1919700,2026-01-13T03:44:29Z
INTU,2006-11-02,30.4,30.68,30.25,30.46,1946399,34.51,34.82,34.33,34.57,1714800,2026-01-13T03:44:29Z
INTU,2006-11-03,30.07,30.84,29.95,30.32,2531069,34.13,35,33.99,34.42,2229900,2026-01-13T03:44:29Z
INTU,2006-11-06,30.99,31.09,30.23,30.25,2437886,35.18,35.29,34.31,34.34,2147800,2026-01-13T03:44:29Z
INTU,2006-11-07,30.27,30.99,30.13,30.95,2989523,34.36,35.18,34.2,35.13,2633800,2026-01-13T03:44:29Z
INTU,2006-11-08,30.34,30.55,29.95,30.46,2756380,34.44,34.68,34,34.57,2428400,2026-01-13T03:44:29Z
INTU,2006-11-09,29.84,30.48,29.8,30.42,2471709,33.87,34.6,33.83,34.53,2177600,2026-01-13T03:44:29Z
INTU,2006-11-10,30.2,30.26,29.76,30.03,2111214,34.28,34.35,33.78,34.09,1860000,2026-01-13T03:44:29Z
INTU,2006-11-13,30.13,30.47,29.87,30.27,2407119,34.2,34.59,33.9,34.36,2120700,2026-01-13T03:44:29Z
INTU,2006-11-14,30.4,30.55,29.71,30.04,2708251,34.51,34.68,33.72,34.1,2386000,2026-01-13T03:44:29Z
INTU,2006-11-15,30.32,30.61,30.15,30.46,2856376,34.41,34.74,34.22,34.58,2516500,2026-01-13T03:44:29Z
INTU,2006-11-16,30.67,30.78,30.24,30.56,2824822,34.81,34.94,34.32,34.69,2488700,2026-01-13T03:44:29Z
INTU,2006-11-17,28.6,29.92,28.23,29.72,8004444,32.46,33.96,32.04,33.73,7052000,2026-01-13T03:44:29Z
INTU,2006-11-20,28.13,28.45,27.77,28.41,4385186,31.93,32.29,31.52,32.25,3863400,2026-01-13T03:44:29Z
INTU,2006-11-21,27.97,28.32,27.7,28.1,3648989,31.75,32.15,31.44,31.9,3214800,2026-01-13T03:44:29Z
INTU,2006-11-22,27.8,27.91,27.27,27.84,3758522,31.55,31.68,30.95,31.6,3311300,2026-01-13T03:44:29Z
INTU,2006-11-24,28.01,28.36,27.54,27.66,1035743,31.79,32.19,31.26,31.4,912500,2026-01-13T03:44:29Z
INTU,2006-11-27,28.04,28.38,27.79,27.87,3941377,31.83,32.21,31.54,31.63,3472400,2026-01-13T03:44:29Z
INTU,2006-11-28,27.86,28.11,27.81,28.11,3517091,31.62,31.91,31.57,31.91,3098600,2026-01-13T03:44:29Z
INTU,2006-11-29,28.1,28.16,27.59,28.09,2211439,31.89,31.96,31.32,31.89,1948300,2026-01-13T03:44:29Z
INTU,2006-11-30,27.77,28.15,27.55,27.55,3680766,31.52,31.95,31.27,31.27,3242800,2026-01-13T03:44:29Z
INTU,2006-12-01,27.15,27.9,26.64,27.83,4013125,30.82,31.67,30.24,31.59,3535600,2026-01-13T03:44:29Z
INTU,2006-12-04,27.63,27.79,27.06,27.29,3108020,31.36,31.54,30.71,30.98,2738200,2026-01-13T03:44:29Z
INTU,2006-12-05,27.41,27.64,27.21,27.58,3292019,31.11,31.37,30.88,31.3,2900300,2026-01-13T03:44:29Z
INTU,2006-12-06,27.59,27.72,27.26,27.36,2602130,31.32,31.46,30.94,31.05,2292500,2026-01-13T03:44:29Z
INTU,2006-12-07,27.16,27.92,27.01,27.58,4708562,30.83,31.69,30.66,31.31,4148300,2026-01-13T03:44:29Z
INTU,2006-12-08,27.18,27.49,26.65,26.95,3478843,30.85,31.2,30.25,30.59,3064900,2026-01-13T03:44:29Z
INTU,2006-12-11,27.18,27.6,26.98,27.18,2574427,30.85,31.33,30.63,30.85,2268100,2026-01-13T03:44:29Z
INTU,2006-12-12,26.95,27.29,26.73,27.17,2900874,30.59,30.98,30.34,30.84,2555700,2026-01-13T03:44:29Z
INTU,2006-12-13,27.34,27.39,26.91,27.14,2974988,31.03,31.09,30.55,30.81,2621000,2026-01-13T03:44:29Z
INTU,2006-12-14,27.71,28.05,27.42,27.48,2946160,31.45,31.84,31.12,31.19,2595600,2026-01-13T03:44:29Z
INTU,2006-12-15,27.76,28.29,27.64,27.88,5454426,31.51,32.11,31.37,31.64,4805400,2026-01-13T03:44:29Z
INTU,2006-12-18,27.11,27.88,26.98,27.77,3359891,30.77,31.65,30.62,31.52,2960100,2026-01-13T03:44:29Z
INTU,2006-12-19,27.04,27.11,26.34,26.98,3387021,30.69,30.77,29.9,30.63,2984000,2026-01-13T03:44:29Z
INTU,2006-12-20,26.91,27.29,26.79,27,2466596,30.55,30.97,30.41,30.65,2173100,2026-01-13T03:44:29Z
INTU,2006-12-21,26.99,27.12,26.8,26.9,2640373,30.64,30.78,30.42,30.53,2326200,2026-01-13T03:44:29Z
INTU,2006-12-22,26.69,27.07,26.53,27.07,2032553,30.3,30.73,30.11,30.73,1790700,2026-01-13T03:44:29Z
INTU,2006-12-26,26.71,26.75,26.45,26.58,1809969,30.32,30.36,30.02,30.17,1594600,2026-01-13T03:44:29Z
INTU,2006-12-27,27.12,27.3,26.89,27.07,1682613,30.78,30.99,30.52,30.73,1482400,2026-01-13T03:44:29Z
INTU,2006-12-28,26.82,27.09,26.7,27.06,1601227,30.44,30.75,30.3,30.71,1410700,2026-01-13T03:44:29Z
INTU,2006-12-29,26.88,27.27,26.7,26.7,1813941,30.51,30.95,30.3,30.3,1598100,2026-01-13T03:44:29Z
INTU,2007-01-03,25.98,27.36,25.64,27.03,4941598,29.49,31.06,29.1,30.68,4353600,2026-01-13T03:44:29Z
INTU,2007-01-04,26.34,26.55,25.71,26.08,3952736,29.9,30.14,29.18,29.6,3482400,2026-01-13T03:44:29Z
INTU,2007-01-05,26.28,26.46,25.98,26.39,3108594,29.83,30.03,29.49,29.95,2738700,2026-01-13T03:44:29Z
INTU,2007-01-08,25.4,26.27,25.25,26.09,7606729,28.83,29.82,28.66,29.61,6701600,2026-01-13T03:44:29Z
INTU,2007-01-09,25.49,25.87,25.23,25.35,5546479,28.93,29.36,28.64,28.77,4886500,2026-01-13T03:44:29Z
INTU,2007-01-10,25.89,25.98,25.14,25.17,4304602,29.39,29.49,28.54,28.57,3792400,2026-01-13T03:44:29Z
INTU,2007-01-11,26.14,26.36,25.95,26.07,4015953,29.67,29.92,29.46,29.59,3538100,2026-01-13T03:44:29Z
INTU,2007-01-12,26.69,27.29,26.35,26.35,6105604,30.29,30.97,29.91,29.91,5379100,2026-01-13T03:44:29Z
INTU,2007-01-16,26.62,26.77,26.43,26.7,4758292,30.22,30.38,30,30.3,4192100,2026-01-13T03:44:29Z
INTU,2007-01-17,26.94,27.12,26.52,26.62,6218768,30.58,30.78,30.1,30.22,5478800,2026-01-13T03:44:29Z
INTU,2007-01-18,27.47,27.61,27.07,27.5,7217282,31.18,31.34,30.72,31.22,6358500,2026-01-13T03:44:29Z
INTU,2007-01-19,27.63,27.78,27.21,27.21,6076429,31.36,31.53,30.89,30.89,5353400,2026-01-13T03:44:29Z
INTU,2007-01-22,27.34,27.71,26.93,27.53,4151249,31.03,31.45,30.57,31.25,3657300,2026-01-13T03:44:29Z
INTU,2007-01-23,28,28.3,27.61,27.7,4708913,31.78,32.12,31.34,31.44,4148600,2026-01-13T03:44:29Z
INTU,2007-01-24,28.17,28.39,28.04,28.14,2827549,31.97,32.23,31.83,31.94,2491100,2026-01-13T03:44:29Z
INTU,2007-01-25,27.65,28.23,27.5,28.02,3944903,31.38,32.04,31.22,31.8,3475500,2026-01-13T03:44:29Z
INTU,2007-01-26,27.42,27.78,27.21,27.57,3616648,31.12,31.53,30.88,31.29,3186300,2026-01-13T03:44:29Z
INTU,2007-01-29,27.51,27.75,27.19,27.3,3315175,31.22,31.5,30.86,30.99,2920700,2026-01-13T03:44:29Z
INTU,2007-01-30,27.24,27.58,26.97,27.45,4237413,30.92,31.3,30.61,31.16,3733200,2026-01-13T03:44:29Z
INTU,2007-01-31,27.71,27.92,26.84,27.29,2835037,31.45,31.69,30.47,30.98,2497700,2026-01-13T03:44:29Z
INTU,2007-02-01,27.6,27.91,27.36,27.66,2198721,31.33,31.68,31.05,31.4,1937100,2026-01-13T03:44:29Z
INTU,2007-02-02,27.47,27.79,27.28,27.57,2274661,31.18,31.54,30.96,31.29,2004000,2026-01-13T03:44:29Z
INTU,2007-02-05,27.81,27.92,27.5,27.5,2680331,31.57,31.69,31.22,31.22,2361400,2026-01-13T03:44:29Z
INTU,2007-02-06,27.58,27.89,27.47,27.82,3083508,31.31,31.66,31.18,31.58,2716600,2026-01-13T03:44:29Z
INTU,2007-02-07,27.9,27.96,27.5,27.79,2660922,31.67,31.74,31.21,31.54,2344300,2026-01-13T03:44:29Z
INTU,2007-02-08,28.06,28.28,27.93,27.95,4554426,31.85,32.1,31.7,31.72,4012500,2026-01-13T03:44:29Z
INTU,2007-02-09,27.7,28.18,27.54,28.05,2834015,31.44,31.99,31.26,31.84,2496800,2026-01-13T03:44:29Z
INTU,2007-02-12,27.31,27.92,27.26,27.71,3336285,31,31.69,30.94,31.45,2939300,2026-01-13T03:44:29Z
INTU,2007-02-13,27.37,27.58,27.21,27.41,2207351,31.07,31.3,30.89,31.11,1944700,2026-01-13T03:44:29Z
INTU,2007-02-14,27.74,27.79,27.3,27.4,1933803,31.49,31.54,30.99,31.1,1703700,2026-01-13T03:44:29Z
INTU,2007-02-15,27.52,27.87,27.46,27.69,2566368,31.24,31.63,31.17,31.43,2261000,2026-01-13T03:44:29Z
INTU,2007-02-16,27.28,27.61,27.25,27.57,3495075,30.96,31.34,30.93,31.29,3079200,2026-01-13T03:44:29Z
INTU,2007-02-20,27.36,27.43,27.1,27.2,3581792,31.05,31.14,30.76,30.87,3155600,2026-01-13T03:44:29Z
INTU,2007-02-21,27.53,27.82,27.25,27.28,3192921,31.25,31.58,30.93,30.96,2813000,2026-01-13T03:44:29Z
INTU,2007-02-22,27.19,28.03,27.13,27.48,4940573,30.86,31.82,30.79,31.19,4352700,2026-01-13T03:44:29Z
INTU,2007-02-23,27.56,27.66,25.9,26.43,6803326,31.28,31.4,29.4,30,5993800,2026-01-13T03:44:29Z
INTU,2007-02-26,27.21,27.73,27.12,27.73,4962030,30.88,31.47,30.78,31.47,4371600,2026-01-13T03:44:29Z
INTU,2007-02-27,25.97,27.22,25.72,27.09,6099697,29.48,30.9,29.19,30.75,5373900,2026-01-13T03:44:29Z
INTU,2007-02-28,26,26.18,25.49,25.55,5205617,29.51,29.71,28.93,29,4586200,2026-01-13T03:44:29Z
INTU,2007-03-01,25.6,25.8,24.71,25.27,6472104,29.06,29.28,28.05,28.68,5702000,2026-01-13T03:44:29Z
INTU,2007-03-02,25.66,26.28,25.59,25.59,5879163,29.12,29.83,29.05,29.05,5179600,2026-01-13T03:44:29Z
INTU,2007-03-05,25.15,25.73,25.14,25.55,4224588,28.55,29.2,28.54,29,3721900,2026-01-13T03:44:29Z
INTU,2007-03-06,25.29,25.47,24.86,25.14,5944083,28.7,28.91,28.22,28.54,5236800,2026-01-13T03:44:29Z
INTU,2007-03-07,24.87,25.3,24.84,25.16,5767701,28.23,28.72,28.19,28.56,5081400,2026-01-13T03:44:29Z
INTU,2007-03-08,24.65,24.99,24.59,24.91,4670313,27.98,28.37,27.91,28.27,4114600,2026-01-13T03:44:29Z
INTU,2007-03-09,24.86,25.27,24.72,25.17,4716518,28.22,28.68,28.06,28.57,4155300,2026-01-13T03:44:29Z
INTU,2007-03-12,24.77,24.83,24.62,24.69,4340473,28.12,28.18,27.95,28.02,3824000,2026-01-13T03:44:29Z
INTU,2007-03-13,24.32,24.68,24.32,24.53,4353521,27.6,28.01,27.6,27.84,3835500,2026-01-13T03:44:29Z
INTU,2007-03-14,24.8,24.81,24.32,24.32,5297449,28.15,28.16,27.6,27.61,4667100,2026-01-13T03:44:29Z
INTU,2007-03-15,25.5,25.53,24.84,25.33,6879611,28.94,28.98,28.19,28.75,6061000,2026-01-13T03:44:29Z
INTU,2007-03-16,25.31,25.56,25.14,25.55,6415028,28.73,29.01,28.54,29,5651700,2026-01-13T03:44:29Z
INTU,2007-03-19,25.55,25.58,25.21,25.35,3283275,29,29.03,28.61,28.77,2892600,2026-01-13T03:44:29Z
INTU,2007-03-20,25.82,25.91,25.55,25.72,3919365,29.31,29.41,29,29.19,3453000,2026-01-13T03:44:29Z
INTU,2007-03-21,26.43,26.54,25.58,25.77,5192108,30,30.12,29.03,29.25,4574300,2026-01-13T03:44:29Z
INTU,2007-03-22,24.26,25.37,24.11,24.83,13010756,27.54,28.8,27.37,28.18,11462600,2026-01-13T03:44:29Z
INTU,2007-03-23,24.13,24.37,24.01,24.18,6067459,27.39,27.66,27.25,27.45,5345500,2026-01-13T03:44:29Z
INTU,2007-03-26,24.11,24.16,23.8,24.07,5326941,27.37,27.42,27.01,27.32,4693100,2026-01-13T03:44:29Z
INTU,2007-03-27,24.27,24.43,23.82,23.85,4816976,27.55,27.73,27.04,27.07,4243800,2026-01-13T03:44:29Z
INTU,2007-03-28,23.77,24.25,23.77,24.14,6392762,26.98,27.52,26.98,27.4,5632100,2026-01-13T03:44:29Z
INTU,2007-03-29,23.83,23.95,23.56,23.85,4098027,27.05,27.18,26.74,27.07,3610400,2026-01-13T03:44:29Z
INTU,2007-03-30,24.1,24.12,23.69,23.88,3627773,27.36,27.38,26.89,27.1,3196100,2026-01-13T03:44:29Z
INTU,2007-04-02,23.89,24.18,23.74,24,3949897,27.12,27.45,26.95,27.24,3479900,2026-01-13T03:44:29Z
INTU,2007-04-03,24.17,24.43,23.83,24.01,3156605,27.43,27.73,27.05,27.25,2781000,2026-01-13T03:44:29Z
INTU,2007-04-04,24.09,24.37,24,24.07,3723569,27.34,27.66,27.24,27.32,3280500,2026-01-13T03:44:29Z
INTU,2007-04-05,24.38,24.38,23.95,24.07,4094155,27.67,27.67,27.19,27.32,3607000,2026-01-13T03:44:29Z
INTU,2007-04-09,24.81,24.84,24.25,24.32,5352594,28.16,28.2,27.53,27.6,4715700,2026-01-13T03:44:29Z
INTU,2007-04-10,24.97,24.99,24.62,24.68,5625253,28.34,28.37,27.95,28.01,4955900,2026-01-13T03:44:29Z
INTU,2007-04-11,24.99,25.07,24.78,24.93,6843269,28.37,28.46,28.13,28.3,6029000,2026-01-13T03:44:29Z
INTU,2007-04-12,25.18,25.19,24.9,25.01,4502553,28.58,28.59,28.26,28.39,3966800,2026-01-13T03:44:29Z
INTU,2007-04-13,25.22,25.23,25,25.11,4813228,28.63,28.64,28.38,28.5,4240500,2026-01-13T03:44:29Z
INTU,2007-04-16,25.73,25.8,25.31,25.33,5967809,29.21,29.28,28.73,28.75,5257700,2026-01-13T03:44:29Z
INTU,2007-04-17,25.9,25.94,25.58,25.75,4515952,29.4,29.44,29.04,29.23,3978600,2026-01-13T03:44:29Z
INTU,2007-04-18,25.95,26.02,25.45,25.45,4569858,29.45,29.53,28.89,28.89,4026100,2026-01-13T03:44:29Z
INTU,2007-04-19,26.02,26.02,25.61,25.77,4020049,29.53,29.53,29.07,29.25,3541700,2026-01-13T03:44:29Z
INTU,2007-04-20,26.06,26.14,25.39,25.64,6637716,29.58,29.67,28.82,29.1,5847900,2026-01-13T03:44:29Z
INTU,2007-04-23,26.14,26.21,25.77,25.88,4447957,29.67,29.75,29.25,29.38,3918700,2026-01-13T03:44:29Z
INTU,2007-04-24,25.66,26.17,25.65,26.13,4959766,29.13,29.7,29.11,29.66,4369600,2026-01-13T03:44:29Z
INTU,2007-04-25,25.88,25.88,25.39,25.6,4324916,29.37,29.38,28.82,29.06,3810300,2026-01-13T03:44:29Z
INTU,2007-04-26,25.69,25.77,25.51,25.51,4315266,29.16,29.25,28.96,28.96,3801800,2026-01-13T03:44:29Z
INTU,2007-04-27,25.65,25.68,25.29,25.55,6908321,29.11,29.15,28.7,29,6086300,2026-01-13T03:44:29Z
INTU,2007-04-30,25.06,25.68,25.05,25.67,4625266,28.45,29.15,28.43,29.14,4074900,2026-01-13T03:44:29Z
INTU,2007-05-01,24.86,25.2,24.82,25.19,4262267,28.22,28.6,28.17,28.59,3755100,2026-01-13T03:44:29Z
INTU,2007-05-02,25.05,25.15,24.9,25.01,2966256,28.43,28.55,28.26,28.39,2613300,2026-01-13T03:44:29Z
INTU,2007-05-03,25.14,25.33,24.93,25.26,2605308,28.54,28.75,28.3,28.67,2295300,2026-01-13T03:44:29Z
INTU,2007-05-04,24.91,25.32,24.79,25.3,3288834,28.28,28.74,28.14,28.72,2897500,2026-01-13T03:44:29Z
INTU,2007-05-07,24.98,25.29,24.91,25,2321429,28.35,28.71,28.27,28.38,2045200,2026-01-13T03:44:29Z
INTU,2007-05-08,24.89,24.9,24.69,24.84,4684969,28.25,28.26,28.02,28.2,4127500,2026-01-13T03:44:29Z
INTU,2007-05-09,24.77,24.92,24.64,24.89,3271813,28.12,28.29,27.97,28.25,2882500,2026-01-13T03:44:29Z
INTU,2007-05-10,24.64,24.84,24.43,24.75,3622539,27.97,28.19,27.73,28.09,3191500,2026-01-13T03:44:29Z
INTU,2007-05-11,24.57,24.66,24.37,24.55,3177599,27.89,27.99,27.66,27.87,2799500,2026-01-13T03:44:29Z
INTU,2007-05-14,24.49,24.65,24.37,24.63,5135805,27.8,27.98,27.66,27.96,4524700,2026-01-13T03:44:29Z
INTU,2007-05-15,24.15,24.75,24.13,24.47,3791781,27.41,28.09,27.39,27.78,3340600,2026-01-13T03:44:29Z
INTU,2007-05-16,24.67,24.7,24.16,24.36,4728092,28,28.03,27.42,27.65,4165500,2026-01-13T03:44:29Z
INTU,2007-05-17,24.42,24.67,24.31,24.58,4767368,27.72,28,27.59,27.9,4200100,2026-01-13T03:44:29Z
INTU,2007-05-18,27.8,28.04,26.87,26.89,13383717,31.56,31.83,30.5,30.52,11791200,2026-01-13T03:44:29Z
INTU,2007-05-21,27.5,27.84,27.27,27.38,7232613,31.21,31.6,30.95,31.08,6372000,2026-01-13T03:44:29Z
INTU,2007-05-22,27.28,27.35,27.09,27.13,4844776,30.97,31.04,30.75,30.79,4268300,2026-01-13T03:44:29Z
INTU,2007-05-23,27.15,27.45,27.07,27.3,3136403,30.82,31.16,30.72,30.99,2763200,2026-01-13T03:44:29Z
INTU,2007-05-24,26.75,27.28,26.68,27.21,4558398,30.36,30.96,30.28,30.88,4016000,2026-01-13T03:44:29Z
INTU,2007-05-25,26.68,26.91,26.55,26.77,3342979,30.28,30.54,30.13,30.38,2945200,2026-01-13T03:44:29Z
INTU,2007-05-29,26.69,27.14,26.63,26.65,3884631,30.29,30.81,30.23,30.25,3422400,2026-01-13T03:44:29Z
INTU,2007-05-30,26.9,26.9,26.23,26.61,5172686,30.53,30.53,29.77,30.2,4557200,2026-01-13T03:44:29Z
INTU,2007-05-31,26.87,26.95,26.66,26.8,2935608,30.5,30.59,30.26,30.42,2586300,2026-01-13T03:44:29Z
INTU,2007-06-01,27.11,27.29,26.81,27.29,2756266,30.77,30.98,30.43,30.97,2428300,2026-01-13T03:44:29Z
INTU,2007-06-04,26.66,26.92,26.61,26.9,3603813,30.26,30.56,30.2,30.53,3175000,2026-01-13T03:44:29Z
INTU,2007-06-05,26.38,26.64,26.21,26.62,3517659,29.94,30.24,29.75,30.22,3099100,2026-01-13T03:44:29Z
INTU,2007-06-06,26.23,26.4,26.04,26.4,3618796,29.77,29.97,29.56,29.97,3188200,2026-01-13T03:44:29Z
INTU,2007-06-07,25.62,26.04,25.61,25.7,3743539,29.08,29.56,29.07,29.17,3298100,2026-01-13T03:44:29Z
INTU,2007-06-08,25.99,26,25.46,25.5,3421186,29.5,29.51,28.9,28.95,3014100,2026-01-13T03:44:29Z
INTU,2007-06-11,26.29,26.49,25.79,25.97,4095403,29.84,30.07,29.27,29.48,3608100,2026-01-13T03:44:29Z
INTU,2007-06-12,25.92,26.33,25.58,25.93,3496557,29.42,29.89,29.04,29.43,3080500,2026-01-13T03:44:29Z
INTU,2007-06-13,26.18,26.18,25.65,25.92,3351496,29.72,29.72,29.11,29.42,2952700,2026-01-13T03:44:29Z
INTU,2007-06-14,26.34,26.43,26.12,26.14,4062382,29.9,30,29.65,29.67,3579000,2026-01-13T03:44:29Z
INTU,2007-06-15,26.28,26.66,26.01,26.65,5579397,29.83,30.26,29.52,30.25,4915500,2026-01-13T03:44:29Z
INTU,2007-06-18,25.88,26.27,25.7,26.1,3515505,29.37,29.82,29.17,29.62,3097200,2026-01-13T03:44:29Z
INTU,2007-06-19,25.91,26.02,25.63,25.75,2973746,29.41,29.53,29.09,29.23,2619900,2026-01-13T03:44:29Z
INTU,2007-06-20,25.84,26.04,25.7,25.92,3382711,29.33,29.56,29.17,29.42,2980200,2026-01-13T03:44:29Z
INTU,2007-06-21,26.38,26.41,25.65,25.78,4588246,29.94,29.98,29.11,29.26,4042300,2026-01-13T03:44:29Z
INTU,2007-06-22,26.29,26.43,25.98,26.39,5057365,29.84,30,29.49,29.95,4455600,2026-01-13T03:44:29Z
INTU,2007-06-25,26.32,26.55,26.08,26.3,5078485,29.88,30.13,29.6,29.85,4474200,2026-01-13T03:44:29Z
INTU,2007-06-26,26.47,26.87,26.4,26.54,4568271,30.05,30.5,29.97,30.12,4024700,2026-01-13T03:44:29Z
INTU,2007-06-27,26.74,26.76,26.18,26.25,4100513,30.35,30.37,29.72,29.79,3612600,2026-01-13T03:44:29Z
INTU,2007-06-28,26.79,27.01,26.53,26.57,3517328,30.41,30.66,30.11,30.16,3098800,2026-01-13T03:44:29Z
INTU,2007-06-29,26.5,26.9,26.3,26.89,3377484,30.08,30.53,29.85,30.52,2975600,2026-01-13T03:44:29Z
INTU,2007-07-02,26.09,26.61,26,26.52,5138535,29.61,30.2,29.51,30.1,4527100,2026-01-13T03:44:29Z
INTU,2007-07-03,26.21,26.21,25.98,26.08,2561032,29.75,29.75,29.49,29.6,2256300,2026-01-13T03:44:29Z
INTU,2007-07-05,26.31,26.4,26.13,26.14,4652721,29.86,29.97,29.66,29.67,4099100,2026-01-13T03:44:29Z
INTU,2007-07-06,26.04,26.41,25.91,26.28,3834002,29.56,29.98,29.41,29.83,3377800,2026-01-13T03:44:29Z
INTU,2007-07-09,25.95,26.1,25.7,26.04,4951467,29.46,29.63,29.17,29.56,4362300,2026-01-13T03:44:29Z
INTU,2007-07-10,26.07,26.33,25.73,25.95,4968499,29.59,29.89,29.21,29.46,4377300,2026-01-13T03:44:29Z
INTU,2007-07-11,26.22,26.23,25.9,26.08,4380646,29.76,29.77,29.4,29.6,3859400,2026-01-13T03:44:29Z
INTU,2007-07-12,26.83,26.83,26.2,26.28,4085417,30.45,30.45,29.74,29.83,3599300,2026-01-13T03:44:29Z
INTU,2007-07-13,26.59,26.89,26.49,26.7,3346611,30.18,30.52,30.07,30.31,2948400,2026-01-13T03:44:29Z
INTU,2007-07-16,26.49,26.6,26.37,26.47,2655244,30.07,30.19,29.93,30.05,2339300,2026-01-13T03:44:29Z
INTU,2007-07-17,26.38,26.55,26.14,26.38,4691990,29.94,30.14,29.67,29.94,4133700,2026-01-13T03:44:29Z
INTU,2007-07-18,26.26,26.64,26,26.24,3190997,29.81,30.24,29.51,29.78,2811300,2026-01-13T03:44:29Z
INTU,2007-07-19,26.3,26.41,26.03,26.39,3779631,29.85,29.98,29.55,29.96,3329900,2026-01-13T03:44:29Z
INTU,2007-07-20,26.47,26.59,26.06,26.43,5247147,30.04,30.18,29.58,30,4622800,2026-01-13T03:44:29Z
INTU,2007-07-23,26.66,26.95,26.46,26.65,2731406,30.26,30.59,30.03,30.25,2406400,2026-01-13T03:44:29Z
INTU,2007-07-24,26.4,27.18,26.29,26.64,4721053,29.97,30.85,29.84,30.24,4159300,2026-01-13T03:44:29Z
INTU,2007-07-25,26.49,26.76,26.34,26.52,3755571,30.07,30.37,29.9,30.1,3308700,2026-01-13T03:44:29Z
INTU,2007-07-26,25.95,26.86,25.7,26.33,4959866,29.46,30.49,29.17,29.89,4369700,2026-01-13T03:44:29Z
INTU,2007-07-27,25.54,26.32,25.54,26.01,3482591,28.99,29.88,28.99,29.52,3068200,2026-01-13T03:44:29Z
INTU,2007-07-30,25.56,25.73,25.33,25.5,3711535,29.01,29.2,28.75,28.94,3269900,2026-01-13T03:44:29Z
INTU,2007-07-31,25.23,25.92,25.23,25.64,4372145,28.64,29.42,28.64,29.1,3851900,2026-01-13T03:44:29Z
INTU,2007-08-01,25.34,25.55,25.02,25.23,5013440,28.76,29,28.4,28.64,4416900,2026-01-13T03:44:29Z
INTU,2007-08-02,25.36,25.7,24.99,25.35,3478617,28.78,29.17,28.37,28.77,3064700,2026-01-13T03:44:29Z
INTU,2007-08-03,24.76,25.62,24.76,25.36,4376337,28.1,29.08,28.1,28.78,3855600,2026-01-13T03:44:29Z
INTU,2007-08-06,26.66,26.67,25.12,25.21,6248160,30.26,30.27,28.51,28.62,5504700,2026-01-13T03:44:29Z
INTU,2007-08-07,26.09,26.55,25.71,26.4,5529564,29.61,30.14,29.18,29.97,4871600,2026-01-13T03:44:29Z
INTU,2007-08-08,24.96,26.28,24.72,26.26,4598928,28.33,29.83,28.06,29.81,4051700,2026-01-13T03:44:29Z
INTU,2007-08-09,23.38,25,23.03,24.91,8447806,26.54,28.38,26.14,28.27,7442600,2026-01-13T03:44:29Z
INTU,2007-08-10,24.87,25.12,23.04,23.32,5839210,28.23,28.51,26.15,26.47,5144400,2026-01-13T03:44:29Z
INTU,2007-08-13,24.77,25.19,24.47,24.89,3990760,28.12,28.59,27.78,28.25,3515900,2026-01-13T03:44:29Z
INTU,2007-08-14,24.49,25.06,24.48,24.92,3800634,27.8,28.44,27.79,28.29,3348400,2026-01-13T03:44:29Z
INTU,2007-08-15,24.85,25.17,24.48,24.48,4336839,28.21,28.57,27.79,27.79,3820800,2026-01-13T03:44:29Z
INTU,2007-08-16,25.59,25.96,24.7,24.83,5587324,29.05,29.47,28.03,28.18,4922500,2026-01-13T03:44:29Z
INTU,2007-08-17,25.24,25.73,24.89,25.55,4438321,28.65,29.2,28.25,29,3910200,2026-01-13T03:44:29Z
INTU,2007-08-20,24.65,25.2,24.24,25.13,4009255,27.98,28.6,27.51,28.52,3532200,2026-01-13T03:44:29Z
INTU,2007-08-21,25.11,25.15,24.54,24.56,2929930,28.5,28.55,27.85,27.88,2581300,2026-01-13T03:44:29Z
INTU,2007-08-22,25.5,25.55,24.84,25.34,3984976,28.94,29,28.2,28.76,3510800,2026-01-13T03:44:29Z
INTU,2007-08-23,24.68,25.71,24.32,25.21,5677913,28.01,29.18,27.61,28.62,5002300,2026-01-13T03:44:29Z
INTU,2007-08-24,24.58,24.77,24.39,24.43,3266816,27.9,28.12,27.69,27.73,2878100,2026-01-13T03:44:29Z
INTU,2007-08-27,24.1,24.54,24.04,24.54,3870561,27.35,27.85,27.29,27.85,3410000,2026-01-13T03:44:29Z
INTU,2007-08-28,23.46,24.1,23.45,23.92,3109158,26.63,27.35,26.62,27.15,2739200,2026-01-13T03:44:29Z
INTU,2007-08-29,23.89,23.94,23.21,23.57,4197567,27.12,27.17,26.34,26.75,3698100,2026-01-13T03:44:29Z
INTU,2007-08-30,23.94,24.1,23.7,23.7,2448774,27.17,27.36,26.9,26.9,2157400,2026-01-13T03:44:29Z
INTU,2007-08-31,24.06,24.2,23.95,24.15,2755698,27.31,27.47,27.18,27.41,2427800,2026-01-13T03:44:29Z
INTU,2007-09-04,24.47,24.61,23.93,24,3884851,27.77,27.94,27.16,27.24,3422600,2026-01-13T03:44:29Z
INTU,2007-09-05,23.97,24.45,23.89,24.39,3438210,27.21,27.75,27.12,27.68,3029100,2026-01-13T03:44:29Z
INTU,2007-09-06,23.99,24.36,23.9,24.13,2252187,27.23,27.65,27.13,27.39,1984200,2026-01-13T03:44:29Z
INTU,2007-09-07,23.5,23.95,23.21,23.75,2615865,26.67,27.19,26.35,26.96,2304600,2026-01-13T03:44:29Z
INTU,2007-09-10,23.55,23.88,23.43,23.61,2681353,26.73,27.1,26.59,26.8,2362300,2026-01-13T03:44:29Z
INTU,2007-09-11,24.07,24.11,23.6,23.7,2413365,27.32,27.37,26.79,26.9,2126200,2026-01-13T03:44:29Z
INTU,2007-09-12,24.71,24.81,23.99,24.08,4729236,28.05,28.16,27.23,27.33,4166500,2026-01-13T03:44:29Z
INTU,2007-09-13,25.12,25.15,24.74,24.89,5763724,28.51,28.55,28.08,28.25,5077900,2026-01-13T03:44:29Z
INTU,2007-09-14,25.07,25.16,24.78,25.05,5493000,28.46,28.56,28.13,28.43,4839400,2026-01-13T03:44:29Z
INTU,2007-09-17,25,25.08,24.88,24.91,3792119,28.38,28.47,28.24,28.28,3340900,2026-01-13T03:44:29Z
INTU,2007-09-18,25.9,25.9,25.04,25.11,4476225,29.4,29.4,28.42,28.5,3943600,2026-01-13T03:44:29Z
INTU,2007-09-19,26.22,26.25,25.86,25.99,4273043,29.76,29.8,29.35,29.5,3764600,2026-01-13T03:44:29Z
INTU,2007-09-20,26.33,26.4,26.04,26.13,4380651,29.89,29.97,29.56,29.66,3859400,2026-01-13T03:44:29Z
INTU,2007-09-21,26.17,26.47,26.1,26.43,5322980,29.7,30.04,29.62,30,4689600,2026-01-13T03:44:29Z
INTU,2007-09-24,25.83,26.25,25.8,26.09,3147411,29.32,29.79,29.29,29.61,2772900,2026-01-13T03:44:29Z
INTU,2007-09-25,25.89,26.04,25.69,25.69,4261923,29.39,29.56,29.16,29.16,3754800,2026-01-13T03:44:29Z
INTU,2007-09-26,25.89,26.07,25.65,26,3016422,29.39,29.59,29.11,29.51,2657500,2026-01-13T03:44:29Z
INTU,2007-09-27,25.99,26.07,25.83,25.99,2237772,29.5,29.59,29.32,29.5,1971500,2026-01-13T03:44:29Z
INTU,2007-09-28,26.69,26.73,25.96,26.05,4130941,30.3,30.34,29.47,29.57,3639400,2026-01-13T03:44:29Z
INTU,2007-10-01,27.44,27.62,26.68,26.82,5463948,31.15,31.35,30.28,30.44,4813800,2026-01-13T03:44:29Z
INTU,2007-10-02,27.35,27.51,27.14,27.44,3080776,31.04,31.23,30.81,31.15,2714200,2026-01-13T03:44:29Z
INTU,2007-10-03,27.43,27.66,27.14,27.32,2704277,31.14,31.39,30.81,31.01,2382500,2026-01-13T03:44:29Z
INTU,2007-10-04,27.5,27.7,27.26,27.47,2322903,31.21,31.44,30.94,31.18,2046500,2026-01-13T03:44:29Z
INTU,2007-10-05,27.96,27.99,27.27,27.73,2631293,31.74,31.77,30.95,31.47,2318200,2026-01-13T03:44:29Z
INTU,2007-10-08,28.13,28.14,27.69,27.82,1774891,31.93,31.94,31.43,31.58,1563700,2026-01-13T03:44:29Z
INTU,2007-10-09,28.39,28.44,27.82,28.01,3345926,32.23,32.28,31.58,31.79,2947800,2026-01-13T03:44:29Z
INTU,2007-10-10,28.65,28.67,28.3,28.42,2576242,32.52,32.54,32.12,32.26,2269700,2026-01-13T03:44:29Z
INTU,2007-10-11,28.53,29.02,28.49,28.59,3474422,32.38,32.94,32.34,32.45,3061000,2026-01-13T03:44:29Z
INTU,2007-10-12,28.81,29.07,28.54,28.66,2812456,32.7,33,32.39,32.53,2477800,2026-01-13T03:44:29Z
INTU,2007-10-15,28.05,29.16,27.81,28.61,3776115,31.84,33.1,31.57,32.48,3326800,2026-01-13T03:44:29Z
INTU,2007-10-16,28.09,28.18,27.83,28.17,3183845,31.88,31.99,31.59,31.97,2805000,2026-01-13T03:44:29Z
INTU,2007-10-17,28.25,28.45,27.78,28.13,2644237,32.07,32.29,31.53,31.93,2329600,2026-01-13T03:44:29Z
INTU,2007-10-18,28.8,28.89,28.15,28.25,2433458,32.69,32.79,31.95,32.07,2143900,2026-01-13T03:44:29Z
INTU,2007-10-19,27.62,28.9,27.59,28.8,4763277,31.35,32.8,31.32,32.69,4196500,2026-01-13T03:44:29Z
INTU,2007-10-22,27.87,27.93,27.53,27.58,3766692,31.63,31.7,31.25,31.3,3318500,2026-01-13T03:44:29Z
INTU,2007-10-23,27.7,27.8,27.29,27.49,2574654,31.44,31.55,30.98,31.2,2268300,2026-01-13T03:44:29Z
INTU,2007-10-24,27.65,27.76,27.15,27.57,2773066,31.38,31.51,30.82,31.29,2443100,2026-01-13T03:44:29Z
INTU,2007-10-25,27.64,28.37,27.28,28.37,3002120,31.37,32.2,30.96,32.2,2644900,2026-01-13T03:44:29Z
INTU,2007-10-26,27.6,27.97,27.44,27.72,2175112,31.33,31.75,31.15,31.46,1916300,2026-01-13T03:44:29Z
INTU,2007-10-29,27.55,27.94,27.45,27.66,1870011,31.27,31.71,31.16,31.39,1647500,2026-01-13T03:44:29Z
INTU,2007-10-30,27.45,27.58,27.23,27.49,4045239,31.16,31.31,30.91,31.2,3563900,2026-01-13T03:44:29Z
INTU,2007-10-31,28.34,28.34,27.49,27.49,3926514,32.17,32.17,31.2,31.2,3459300,2026-01-13T03:44:29Z
INTU,2007-11-01,28.04,28.46,27.98,27.98,3008359,31.83,32.3,31.76,31.76,2650400,2026-01-13T03:44:29Z
INTU,2007-11-02,28.67,28.8,28.08,28.2,2973288,32.54,32.69,31.87,32.01,2619500,2026-01-13T03:44:29Z
INTU,2007-11-05,28.51,28.71,28.11,28.43,2083289,32.36,32.59,31.91,32.27,1835400,2026-01-13T03:44:29Z
INTU,2007-11-06,28.33,29.09,27.94,28.53,3368745,32.16,33.02,31.71,32.38,2967900,2026-01-13T03:44:29Z
INTU,2007-11-07,27.28,28.14,27.29,28.05,3616301,30.97,31.94,30.97,31.84,3186000,2026-01-13T03:44:29Z
INTU,2007-11-08,26.8,27.54,26.47,27.51,5013114,30.42,31.26,30.04,31.23,4416600,2026-01-13T03:44:29Z
INTU,2007-11-09,26.19,26.78,26.16,26.47,3737305,29.73,30.4,29.69,30.05,3292600,2026-01-13T03:44:29Z
INTU,2007-11-12,26.95,27.58,26.16,26.36,4452389,30.59,31.3,29.69,29.92,3922600,2026-01-13T03:44:29Z
INTU,2007-11-13,26.91,27.08,26.06,26.96,4167821,30.54,30.74,29.58,30.6,3671900,2026-01-13T03:44:29Z
INTU,2007-11-14,25.91,26.91,25.83,26.82,3554897,29.41,30.54,29.32,30.44,3131900,2026-01-13T03:44:29Z
INTU,2007-11-15,25.78,26.44,25.65,25.91,3162954,29.26,30.01,29.11,29.41,2786600,2026-01-13T03:44:29Z
INTU,2007-11-16,26.67,27.31,25.96,26.19,6091638,30.27,31,29.47,29.73,5366800,2026-01-13T03:44:29Z
INTU,2007-11-19,26.2,26.77,26.11,26.61,2975782,29.74,30.39,29.64,30.2,2621700,2026-01-13T03:44:29Z
INTU,2007-11-20,25.83,26.36,25.25,26.3,5812876,29.32,29.92,28.66,29.85,5121200,2026-01-13T03:44:29Z
INTU,2007-11-21,25.56,25.91,25.4,25.7,2680559,29.01,29.41,28.83,29.17,2361600,2026-01-13T03:44:29Z
INTU,2007-11-23,25.7,25.81,25.43,25.55,1022688,29.17,29.3,28.87,29,901000,2026-01-13T03:44:29Z
INTU,2007-11-26,25.02,25.69,24.99,25.47,2678401,28.4,29.16,28.37,28.91,2359700,2026-01-13T03:44:29Z
INTU,2007-11-27,25.72,26.22,25.13,25.21,3455236,29.19,29.76,28.52,28.61,3044100,2026-01-13T03:44:29Z
INTU,2007-11-28,26.44,26.51,25.55,25.58,3530835,30.01,30.09,29,29.04,3110700,2026-01-13T03:44:29Z
INTU,2007-11-29,26.3,26.52,25.93,26.27,2044127,29.85,30.1,29.43,29.82,1800900,2026-01-13T03:44:29Z
INTU,2007-11-30,25.83,26.43,25.78,26.43,3917664,29.32,30,29.26,30,3451500,2026-01-13T03:44:29Z
INTU,2007-12-03,25.75,26.11,25.69,25.73,3364550,29.23,29.64,29.16,29.2,2964200,2026-01-13T03:44:29Z
INTU,2007-12-04,25.66,25.95,25.5,25.51,2835497,29.13,29.46,28.94,28.96,2498100,2026-01-13T03:44:29Z
INTU,2007-12-05,26.16,26.27,25.92,25.92,2812338,29.69,29.82,29.42,29.42,2477700,2026-01-13T03:44:29Z
INTU,2007-12-06,26.21,26.26,25.84,26.26,2789747,29.75,29.81,29.33,29.81,2457800,2026-01-13T03:44:29Z
INTU,2007-12-07,26.17,26.22,25.94,26.17,2461380,29.71,29.76,29.44,29.7,2168500,2026-01-13T03:44:29Z
INTU,2007-12-10,26.54,26.58,26.1,26.15,2430054,30.13,30.17,29.62,29.68,2140900,2026-01-13T03:44:29Z
INTU,2007-12-11,26.11,26.74,25.99,26.5,2884080,29.64,30.35,29.5,30.08,2540900,2026-01-13T03:44:29Z
INTU,2007-12-12,26.3,26.58,25.92,26.44,2936850,29.85,30.17,29.42,30.01,2587400,2026-01-13T03:44:29Z
INTU,2007-12-13,26.67,26.91,25.93,25.97,2238110,30.27,30.54,29.43,29.48,1971800,2026-01-13T03:44:29Z
INTU,2007-12-14,26.24,26.57,26.2,26.25,2123356,29.78,30.16,29.74,29.8,1870700,2026-01-13T03:44:29Z
INTU,2007-12-17,25.88,26.4,25.85,26.03,2939236,29.37,29.97,29.34,29.55,2589500,2026-01-13T03:44:29Z
INTU,2007-12-18,26.23,26.42,26.02,26.08,2604167,29.77,29.99,29.54,29.6,2294300,2026-01-13T03:44:29Z
INTU,2007-12-19,26.51,26.64,26.2,26.22,2612228,30.09,30.24,29.74,29.76,2301400,2026-01-13T03:44:29Z
INTU,2007-12-20,26.81,26.91,26.4,26.78,2466036,30.43,30.54,29.97,30.4,2172600,2026-01-13T03:44:29Z
INTU,2007-12-21,27.92,27.92,26.84,27,6658382,31.69,31.69,30.47,30.65,5866100,2026-01-13T03:44:29Z
INTU,2007-12-24,27.93,27.99,27.61,27.61,1233584,31.7,31.77,31.34,31.34,1086800,2026-01-13T03:44:29Z
INTU,2007-12-26,28.28,28.33,27.68,27.68,2151395,32.1,32.16,31.42,31.42,1895400,2026-01-13T03:44:29Z
INTU,2007-12-27,27.84,28.19,27.81,28.19,2298499,31.6,32,31.57,32,2025000,2026-01-13T03:44:29Z
INTU,2007-12-28,28.03,28.19,27.81,27.97,2098382,31.82,32,31.57,31.75,1848700,2026-01-13T03:44:29Z
INTU,2007-12-31,27.85,28.09,27.71,27.71,2257865,31.61,31.88,31.45,31.45,1989200,2026-01-13T03:44:29Z
INTU,2008-01-02,27.43,28.14,27.28,27.76,4252155,31.13,31.94,30.96,31.51,3746200,2026-01-13T03:44:29Z
INTU,2008-01-03,27.28,27.84,27.14,27.36,3847399,30.97,31.6,30.8,31.06,3389600,2026-01-13T03:44:29Z
INTU,2008-01-04,26.54,27.36,26.43,27.19,3426071,30.13,31.06,30,30.86,3018400,2026-01-13T03:44:29Z
INTU,2008-01-07,27.65,28.19,26.56,26.65,4796879,31.38,32,30.15,30.25,4226100,2026-01-13T03:44:29Z
INTU,2008-01-08,26.91,27.75,26.87,27.75,4755556,30.55,31.5,30.5,31.5,4189700,2026-01-13T03:44:29Z
INTU,2008-01-09,27.06,27.51,26.7,26.9,4557045,30.71,31.23,30.3,30.53,4014800,2026-01-13T03:44:29Z
INTU,2008-01-10,27.21,27.41,26.73,27.07,2942531,30.89,31.11,30.34,30.72,2592400,2026-01-13T03:44:29Z
INTU,2008-01-11,26.69,27.29,26.63,26.95,3193721,30.3,30.98,30.23,30.59,2813700,2026-01-13T03:44:29Z
INTU,2008-01-14,26.88,27.07,26.56,26.99,1968196,30.51,30.73,30.15,30.64,1734000,2026-01-13T03:44:29Z
INTU,2008-01-15,26.96,27.25,26.68,26.68,3334242,30.6,30.93,30.28,30.28,2937500,2026-01-13T03:44:29Z
INTU,2008-01-16,28,28.19,26.68,26.68,6438178,31.78,32,30.28,30.28,5672100,2026-01-13T03:44:29Z
INTU,2008-01-17,26.89,28.18,26.78,28.15,6058052,30.52,31.99,30.4,31.95,5337200,2026-01-13T03:44:29Z
INTU,2008-01-18,26.95,27.66,26.58,26.66,6543852,30.59,31.4,30.17,30.26,5765200,2026-01-13T03:44:29Z
INTU,2008-01-22,25.48,27.01,25.35,26.55,6454412,28.92,30.66,28.77,30.13,5686400,2026-01-13T03:44:29Z
INTU,2008-01-23,25.95,25.96,24.45,24.83,6501504,29.46,29.47,27.75,28.18,5727900,2026-01-13T03:44:29Z
INTU,2008-01-24,26.02,26.05,25.26,25.84,4008246,29.54,29.57,28.67,29.33,3531300,2026-01-13T03:44:29Z
INTU,2008-01-25,26.09,26.79,26.01,26.18,5029455,29.61,30.41,29.52,29.71,4431000,2026-01-13T03:44:29Z
INTU,2008-01-28,26.08,26.53,25.65,26.16,2522785,29.6,30.11,29.11,29.69,2222600,2026-01-13T03:44:29Z
INTU,2008-01-29,26.52,26.64,25.95,26.26,3249225,30.1,30.24,29.46,29.81,2862600,2026-01-13T03:44:29Z
INTU,2008-01-30,26.83,27.31,26.08,26.09,3306540,30.45,31,29.6,29.61,2913100,2026-01-13T03:44:29Z
INTU,2008-01-31,27.04,27.27,26.39,26.48,3107115,30.69,30.95,29.95,30.06,2737400,2026-01-13T03:44:29Z
INTU,2008-02-01,27.45,27.61,26.52,27.22,2892699,31.16,31.34,30.1,30.9,2548500,2026-01-13T03:44:29Z
INTU,2008-02-04,27.41,27.66,27.26,27.26,2286128,31.11,31.39,30.94,30.94,2014100,2026-01-13T03:44:29Z
INTU,2008-02-05,26.32,27.12,26.28,26.94,3109495,29.87,30.78,29.83,30.58,2739500,2026-01-13T03:44:29Z
INTU,2008-02-06,25.83,26.73,25.78,26.55,2799061,29.32,30.34,29.26,30.14,2466000,2026-01-13T03:44:29Z
INTU,2008-02-07,25.78,26.15,25.39,25.87,3751709,29.26,29.68,28.82,29.36,3305300,2026-01-13T03:44:29Z
INTU,2008-02-08,26.21,26.26,25.56,25.59,2976691,29.75,29.81,29.01,29.05,2622500,2026-01-13T03:44:29Z
INTU,2008-02-11,26.43,26.65,26.19,26.29,2419155,30,30.25,29.73,29.84,2131300,2026-01-13T03:44:29Z
INTU,2008-02-12,26.48,26.84,26.43,26.68,2679307,30.06,30.46,30,30.28,2360500,2026-01-13T03:44:29Z
INTU,2008-02-13,27.74,27.75,26.61,26.76,3904837,31.49,31.5,30.21,30.37,3440200,2026-01-13T03:44:29Z
INTU,2008-02-14,26.84,27.74,26.81,27.74,3407222,30.47,31.49,30.43,31.49,3001800,2026-01-13T03:44:29Z
INTU,2008-02-15,26.77,26.89,26.55,26.65,2930611,30.38,30.52,30.13,30.25,2581900,2026-01-13T03:44:29Z
INTU,2008-02-19,26.63,27.31,26.56,27.1,3318467,30.23,31,30.15,30.76,2923600,2026-01-13T03:44:29Z
INTU,2008-02-20,26.84,27.07,26.65,26.75,5180183,30.46,30.73,30.25,30.36,4563800,2026-01-13T03:44:29Z
INTU,2008-02-21,26.25,26.99,26.13,26.87,5637391,29.79,30.64,29.66,30.5,4966600,2026-01-13T03:44:29Z
INTU,2008-02-22,23.83,24.72,22.78,24.62,20312271,27.05,28.06,25.86,27.95,17895300,2026-01-13T03:44:29Z
INTU,2008-02-25,24.1,24.21,23.24,23.64,8492764,27.36,27.48,26.38,26.83,7482200,2026-01-13T03:44:29Z
INTU,2008-02-26,24.43,24.6,23.96,24.04,5629335,27.73,27.92,27.2,27.29,4959500,2026-01-13T03:44:29Z
INTU,2008-02-27,24.32,24.79,24.1,24.31,5470309,27.61,28.14,27.36,27.59,4819400,2026-01-13T03:44:29Z
INTU,2008-02-28,24.45,24.63,23.99,24.14,5137858,27.75,27.96,27.23,27.4,4526500,2026-01-13T03:44:29Z
INTU,2008-02-29,23.4,24.15,23.37,24.15,6113558,26.56,27.41,26.53,27.41,5386100,2026-01-13T03:44:29Z
INTU,2008-03-03,23.69,23.85,23.42,23.43,4872694,26.89,27.07,26.58,26.59,4292900,2026-01-13T03:44:29Z
INTU,2008-03-04,23.87,23.94,23.34,23.59,5378023,27.09,27.17,26.49,26.77,4738100,2026-01-13T03:44:29Z
INTU,2008-03-05,23.94,24.31,23.69,24.02,4452492,27.17,27.59,26.89,27.26,3922700,2026-01-13T03:44:29Z
INTU,2008-03-06,23.68,23.95,23.58,23.92,4575193,26.88,27.18,26.76,27.15,4030800,2026-01-13T03:44:29Z
INTU,2008-03-07,23.58,24.11,23.23,23.53,4564652,26.76,27.37,26.37,26.71,4021500,2026-01-13T03:44:29Z
INTU,2008-03-10,23.33,23.73,23.25,23.72,3821173,26.48,26.93,26.39,26.92,3366500,2026-01-13T03:44:29Z
INTU,2008-03-11,23.42,23.66,23.12,23.59,5004017,26.58,26.86,26.24,26.78,4408600,2026-01-13T03:44:29Z
INTU,2008-03-12,23.37,24.07,23.29,23.9,5359529,26.53,27.32,26.43,27.13,4721800,2026-01-13T03:44:29Z
INTU,2008-03-13,23.23,23.49,22.84,23.05,5173501,26.37,26.66,25.93,26.16,4557900,2026-01-13T03:44:29Z
INTU,2008-03-14,22.48,23.41,22.35,22.67,6652471,25.52,26.57,25.37,25.73,5860900,2026-01-13T03:44:29Z
INTU,2008-03-17,22.4,22.71,22.1,22.31,8119195,25.42,25.78,25.08,25.32,7153100,2026-01-13T03:44:29Z
INTU,2008-03-18,23.84,23.94,22.93,23.17,8185728,27.06,27.17,26.03,26.3,7211700,2026-01-13T03:44:29Z
INTU,2008-03-19,23.88,24.79,23.88,23.96,7923400,27.11,28.14,27.11,27.2,6980600,2026-01-13T03:44:29Z
INTU,2008-03-20,23.62,23.99,23.2,23.99,8259603,26.81,27.23,26.33,27.23,7276800,2026-01-13T03:44:29Z
INTU,2008-03-24,24.19,24.41,23.52,23.64,4635141,27.46,27.71,26.7,26.83,4083600,2026-01-13T03:44:29Z
INTU,2008-03-25,24.47,24.64,24.04,24.28,4558737,27.78,27.97,27.29,27.56,4016300,2026-01-13T03:44:29Z
INTU,2008-03-26,24.4,24.52,24.15,24.29,4516403,27.7,27.83,27.41,27.57,3979000,2026-01-13T03:44:29Z
INTU,2008-03-27,23.85,24.36,23.85,24.36,3599268,27.07,27.65,27.07,27.65,3171000,2026-01-13T03:44:29Z
INTU,2008-03-28,23.73,24.69,23.65,24.11,3529246,26.94,28.02,26.84,27.37,3109300,2026-01-13T03:44:29Z
INTU,2008-03-31,23.8,24.11,23.59,24.02,3625154,27.01,27.37,26.77,27.27,3193800,2026-01-13T03:44:29Z
INTU,2008-04-01,24.87,24.87,24.02,24.09,3375786,28.23,28.23,27.26,27.34,2974100,2026-01-13T03:44:29Z
INTU,2008-04-02,25.03,25.49,24.91,24.99,3402344,28.41,28.93,28.27,28.37,2997500,2026-01-13T03:44:29Z
INTU,2008-04-03,25.04,25.14,24.7,24.95,3967038,28.42,28.54,28.04,28.32,3495000,2026-01-13T03:44:29Z
INTU,2008-04-04,24.9,25.28,24.67,24.95,2466935,28.26,28.69,28,28.32,2173400,2026-01-13T03:44:29Z
INTU,2008-04-07,24.76,25.05,24.67,24.91,1926310,28.1,28.43,28,28.28,1697100,2026-01-13T03:44:29Z
INTU,2008-04-08,24.58,24.88,24.31,24.7,2631522,27.9,28.24,27.59,28.03,2318400,2026-01-13T03:44:29Z
INTU,2008-04-09,24.42,24.83,24.22,24.45,2276818,27.72,28.18,27.49,27.75,2005900,2026-01-13T03:44:29Z
INTU,2008-04-10,24.69,24.84,24.14,24.14,1998501,28.02,28.19,27.4,27.4,1760700,2026-01-13T03:44:29Z
INTU,2008-04-11,23.99,24.69,23.95,24.69,2206899,27.23,28.02,27.18,28.02,1944300,2026-01-13T03:44:29Z
INTU,2008-04-14,23.83,24.18,23.81,23.94,2130624,27.05,27.45,27.03,27.17,1877100,2026-01-13T03:44:29Z
INTU,2008-04-15,24.21,24.23,23.8,23.91,3265564,27.48,27.5,27.02,27.14,2877000,2026-01-13T03:44:29Z
INTU,2008-04-16,24.7,24.76,24.13,24.27,2530847,28.04,28.1,27.39,27.55,2229700,2026-01-13T03:44:29Z
INTU,2008-04-17,24.44,25.03,24.41,24.94,4046268,27.74,28.41,27.71,28.31,3564800,2026-01-13T03:44:29Z
INTU,2008-04-18,25.55,25.57,24.93,25.1,5660206,29,29.02,28.3,28.49,4986700,2026-01-13T03:44:29Z
INTU,2008-04-21,25.14,25.31,25.01,25.25,3061489,28.54,28.73,28.39,28.66,2697200,2026-01-13T03:44:29Z
INTU,2008-04-22,24.45,25.14,24.28,25.05,3273746,27.75,28.53,27.56,28.43,2884200,2026-01-13T03:44:29Z
INTU,2008-04-23,24.83,25.03,24.4,24.66,4074748,28.18,28.41,27.7,27.99,3589900,2026-01-13T03:44:29Z
INTU,2008-04-24,24.62,24.83,24.29,24.74,4330262,27.95,28.18,27.57,28.08,3815000,2026-01-13T03:44:29Z
INTU,2008-04-25,24.32,24.67,24.01,24.64,3094513,27.6,28,27.25,27.97,2726300,2026-01-13T03:44:29Z
INTU,2008-04-28,24.37,24.61,24.11,24.39,2547874,27.66,27.94,27.37,27.69,2244700,2026-01-13T03:44:29Z
INTU,2008-04-29,24.23,24.47,24.07,24.26,3216872,27.5,27.77,27.32,27.54,2834100,2026-01-13T03:44:29Z
INTU,2008-04-30,23.76,24.54,23.61,24.49,4804700,26.97,27.85,26.8,27.8,4233000,2026-01-13T03:44:29Z
INTU,2008-05-01,24.57,24.61,23.55,23.73,4364530,27.89,27.93,26.73,26.94,3845200,2026-01-13T03:44:29Z
INTU,2008-05-02,24.83,24.98,24.59,24.77,2911086,28.18,28.36,27.91,28.12,2564700,2026-01-13T03:44:29Z
INTU,2008-05-05,24.39,24.77,24.35,24.61,2557401,27.68,28.12,27.64,27.94,2253100,2026-01-13T03:44:29Z
INTU,2008-05-06,24.47,24.65,24.21,24.29,4378261,27.77,27.98,27.48,27.57,3857300,2026-01-13T03:44:29Z
INTU,2008-05-07,23.95,24.6,23.91,24.53,3598137,27.19,27.92,27.14,27.84,3170000,2026-01-13T03:44:29Z
INTU,2008-05-08,24.44,24.5,24.09,24.16,3940139,27.74,27.81,27.34,27.42,3471300,2026-01-13T03:44:29Z
INTU,2008-05-09,23.69,24.36,23.59,24.14,4577125,26.89,27.65,26.78,27.4,4032500,2026-01-13T03:44:29Z
INTU,2008-05-12,24.31,24.41,23.42,23.69,5098232,27.59,27.71,26.58,26.89,4491600,2026-01-13T03:44:29Z
INTU,2008-05-13,24.11,24.19,23.66,24.19,3828778,27.37,27.46,26.86,27.46,3373200,2026-01-13T03:44:29Z
INTU,2008-05-14,24.35,24.64,24.09,24.22,2940944,27.64,27.97,27.34,27.49,2591000,2026-01-13T03:44:29Z
INTU,2008-05-15,24.63,24.77,24.18,24.28,2768747,27.96,28.11,27.45,27.56,2439300,2026-01-13T03:44:29Z
INTU,2008-05-16,24.47,24.78,24.25,24.78,4600847,27.78,28.13,27.52,28.13,4053400,2026-01-13T03:44:29Z
INTU,2008-05-19,24.14,24.61,24.02,24.47,3862040,27.4,27.93,27.26,27.77,3402500,2026-01-13T03:44:29Z
INTU,2008-05-20,23.97,24.47,23.82,24.35,5142048,27.21,27.77,27.04,27.64,4530200,2026-01-13T03:44:29Z
INTU,2008-05-21,24.79,25.8,24.28,24.5,12844587,28.14,29.29,27.56,27.81,11316200,2026-01-13T03:44:29Z
INTU,2008-05-22,25.09,25.44,24.84,24.92,6015246,28.48,28.88,28.19,28.29,5299500,2026-01-13T03:44:29Z
INTU,2008-05-23,24.25,24.88,24.23,24.82,5747833,27.52,28.24,27.5,28.17,5063900,2026-01-13T03:44:29Z
INTU,2008-05-27,25.21,25.23,24.21,24.21,4648756,28.62,28.64,27.48,27.48,4095600,2026-01-13T03:44:29Z
INTU,2008-05-28,25.28,25.29,24.87,25.24,4220039,28.69,28.7,28.23,28.65,3717900,2026-01-13T03:44:29Z
INTU,2008-05-29,25.49,25.68,25.25,25.3,3735488,28.93,29.15,28.66,28.72,3291000,2026-01-13T03:44:29Z
INTU,2008-05-30,25.51,25.62,25.26,25.45,3060572,28.96,29.08,28.67,28.89,2696400,2026-01-13T03:44:29Z
INTU,2008-06-02,25.22,25.51,24.93,25.33,3713467,28.63,28.96,28.3,28.75,3271600,2026-01-13T03:44:29Z
INTU,2008-06-03,25.44,25.73,25.1,25.37,5313326,28.88,29.2,28.49,28.8,4681100,2026-01-13T03:44:29Z
INTU,2008-06-04,26.1,26.25,25.41,25.41,4905738,29.63,29.79,28.84,28.84,4322000,2026-01-13T03:44:29Z
INTU,2008-06-05,26.44,26.48,25.85,26.12,4368283,30.01,30.06,29.34,29.65,3848500,2026-01-13T03:44:29Z
INTU,2008-06-06,25.62,26.25,25.58,26.18,4728658,29.08,29.8,29.03,29.71,4166000,2026-01-13T03:44:29Z
INTU,2008-06-09,25.58,25.78,25.1,25.69,4285654,29.04,29.26,28.49,29.16,3775700,2026-01-13T03:44:29Z
INTU,2008-06-10,25.44,25.59,25.18,25.4,4256019,28.88,29.05,28.58,28.83,3749600,2026-01-13T03:44:29Z
INTU,2008-06-11,24.99,25.42,24.92,25.3,4646590,28.37,28.85,28.29,28.72,4093700,2026-01-13T03:44:29Z
INTU,2008-06-12,25.31,25.5,24.89,24.89,4519020,28.73,28.95,28.25,28.25,3981300,2026-01-13T03:44:29Z
INTU,2008-06-13,25.9,26.03,25.3,25.3,4708118,29.4,29.55,28.72,28.72,4147900,2026-01-13T03:44:29Z
INTU,2008-06-16,26.36,26.43,25.59,25.69,4647169,29.92,30,29.05,29.16,4094200,2026-01-13T03:44:29Z
INTU,2008-06-17,25.62,26.34,25.59,26.22,4219583,29.08,29.9,29.05,29.76,3717500,2026-01-13T03:44:29Z
INTU,2008-06-18,25.29,25.62,25.2,25.44,3662046,28.71,29.08,28.6,28.88,3226300,2026-01-13T03:44:29Z
INTU,2008-06-19,25.87,25.98,25.11,25.48,3768962,29.36,29.49,28.5,28.92,3320500,2026-01-13T03:44:29Z
INTU,2008-06-20,25.17,25.8,25.11,25.8,5677905,28.57,29.29,28.5,29.28,5002300,2026-01-13T03:44:29Z
INTU,2008-06-23,25.21,25.53,25.08,25.38,4219588,28.61,28.98,28.47,28.81,3717500,2026-01-13T03:44:29Z
INTU,2008-06-24,24.77,25.22,24.6,25.19,4560900,28.11,28.63,27.92,28.59,4018200,2026-01-13T03:44:29Z
INTU,2008-06-25,25.47,25.8,24.77,24.94,5459643,28.91,29.28,28.11,28.31,4810000,2026-01-13T03:44:29Z
INTU,2008-06-26,24.99,25.47,24.94,25.24,6127047,28.37,28.91,28.31,28.65,5398000,2026-01-13T03:44:29Z
INTU,2008-06-27,24.77,25.24,24.51,24.94,5875527,28.11,28.65,27.82,28.31,5176400,2026-01-13T03:44:29Z
INTU,2008-06-30,24.29,24.96,24.24,24.95,3821287,27.57,28.33,27.51,28.32,3366600,2026-01-13T03:44:29Z
INTU,2008-07-01,24.58,24.69,23.87,24.11,5602315,27.9,28.02,27.09,27.37,4935700,2026-01-13T03:44:29Z
INTU,2008-07-02,24,24.79,23.96,24.69,4608349,27.24,28.14,27.2,28.02,4060000,2026-01-13T03:44:29Z
INTU,2008-07-03,24.48,24.77,24.04,24.25,2717559,27.79,28.12,27.29,27.52,2394200,2026-01-13T03:44:29Z
INTU,2008-07-07,24.51,24.84,24.08,24.79,4221972,27.82,28.2,27.33,28.14,3719600,2026-01-13T03:44:29Z
INTU,2008-07-08,24.84,25.06,24.39,24.83,4968044,28.2,28.44,27.69,28.18,4376900,2026-01-13T03:44:29Z
INTU,2008-07-09,23.41,24.4,23.41,23.8,11658909,26.57,27.7,26.57,27.01,10271600,2026-01-13T03:44:29Z
INTU,2008-07-10,23.68,24.03,23.29,23.58,5751908,26.88,27.28,26.43,26.76,5067500,2026-01-13T03:44:29Z
INTU,2008-07-11,23.44,23.73,23.08,23.32,5747829,26.61,26.94,26.2,26.47,5063900,2026-01-13T03:44:29Z
INTU,2008-07-14,23.38,23.71,23.26,23.67,4631163,26.54,26.91,26.4,26.87,4080100,2026-01-13T03:44:29Z
INTU,2008-07-15,23.36,23.71,23.07,23.35,4812200,26.52,26.91,26.18,26.5,4239600,2026-01-13T03:44:29Z
INTU,2008-07-16,23.95,24.06,23.13,23.36,4511519,27.19,27.31,26.25,26.51,3974700,2026-01-13T03:44:29Z
INTU,2008-07-17,24.46,24.7,23.94,24.04,3525149,27.76,28.04,27.17,27.29,3105700,2026-01-13T03:44:29Z
INTU,2008-07-18,24.68,24.75,24.15,24.43,3775097,28.01,28.09,27.41,27.73,3325900,2026-01-13T03:44:29Z
INTU,2008-07-21,24.19,24.65,23.96,24.59,3012002,27.46,27.98,27.2,27.91,2653600,2026-01-13T03:44:29Z
INTU,2008-07-22,24.48,24.86,24.25,24.65,4250116,27.79,28.22,27.53,27.98,3744400,2026-01-13T03:44:29Z
INTU,2008-07-23,24.39,24.58,24.02,24.56,5628756,27.68,27.9,27.27,27.88,4959000,2026-01-13T03:44:29Z
INTU,2008-07-24,23.88,24.14,23.53,23.77,4114479,27.11,27.4,26.71,26.98,3624900,2026-01-13T03:44:29Z
INTU,2008-07-25,24.09,24.16,23.76,23.98,2360928,27.34,27.42,26.97,27.22,2080000,2026-01-13T03:44:29Z
INTU,2008-07-28,23.58,24.02,23.45,23.88,2863762,26.76,27.27,26.62,27.11,2523000,2026-01-13T03:44:29Z
INTU,2008-07-29,24.11,24.33,23.64,23.76,3092920,27.37,27.62,26.83,26.97,2724900,2026-01-13T03:44:29Z
INTU,2008-07-30,24.1,24.29,23.64,24.05,4714593,27.35,27.57,26.83,27.3,4153600,2026-01-13T03:44:29Z
INTU,2008-07-31,24.08,24.55,23.8,24.1,4234118,27.33,27.86,27.02,27.35,3730300,2026-01-13T03:44:29Z
INTU,2008-08-01,24.17,24.32,23.25,24.03,4206311,27.44,27.6,26.39,27.28,3705800,2026-01-13T03:44:29Z
INTU,2008-08-04,24.61,24.76,24.1,24.32,4868164,27.93,28.1,27.35,27.6,4288900,2026-01-13T03:44:29Z
INTU,2008-08-05,25.64,25.66,24.66,24.9,6299245,29.1,29.13,27.99,28.26,5549700,2026-01-13T03:44:29Z
INTU,2008-08-06,25.81,25.98,25.27,25.42,3729354,29.3,29.49,28.68,28.85,3285600,2026-01-13T03:44:29Z
INTU,2008-08-07,26.02,26.23,25.64,25.73,4758974,29.53,29.77,29.1,29.2,4192700,2026-01-13T03:44:29Z
INTU,2008-08-08,26.32,26.43,25.88,25.88,5546695,29.87,30,29.38,29.38,4886700,2026-01-13T03:44:29Z
INTU,2008-08-11,26.71,26.97,26.29,26.32,5499260,30.32,30.61,29.84,29.88,4844900,2026-01-13T03:44:29Z
INTU,2008-08-12,26.84,27.07,26.54,26.77,4518105,30.47,30.72,30.12,30.38,3980500,2026-01-13T03:44:29Z
INTU,2008-08-13,26.53,26.84,26.28,26.7,4358862,30.11,30.47,29.83,30.31,3840200,2026-01-13T03:44:29Z
INTU,2008-08-14,26.99,27.16,26.31,26.32,3862831,30.64,30.83,29.86,29.88,3403200,2026-01-13T03:44:29Z
INTU,2008-08-15,26.93,27.21,26.73,27.13,3813006,30.57,30.88,30.34,30.79,3359300,2026-01-13T03:44:29Z
INTU,2008-08-18,26.77,27.19,26.61,26.96,4037068,30.38,30.86,30.2,30.6,3556700,2026-01-13T03:44:29Z
INTU,2008-08-19,26.29,27.08,26.13,26.74,4837050,29.84,30.74,29.66,30.35,4261500,2026-01-13T03:44:29Z
INTU,2008-08-20,26.72,26.96,26.33,26.7,4508807,30.33,30.6,29.89,30.3,3972300,2026-01-13T03:44:29Z
INTU,2008-08-21,26.46,26.56,25.95,26.34,5656469,30.03,30.15,29.45,29.9,4983400,2026-01-13T03:44:29Z
INTU,2008-08-22,27.45,27.97,26.52,26.72,7502517,31.16,31.75,30.1,30.33,6609800,2026-01-13T03:44:29Z
INTU,2008-08-25,26.88,27.4,26.62,27.14,5038197,30.51,31.1,30.22,30.8,4438700,2026-01-13T03:44:29Z
INTU,2008-08-26,26.59,27.03,26.46,26.91,4277247,30.18,30.68,30.03,30.55,3768300,2026-01-13T03:44:29Z
INTU,2008-08-27,26.77,27.04,26.47,26.58,3762385,30.39,30.69,30.04,30.17,3314700,2026-01-13T03:44:29Z
INTU,2008-08-28,27.28,27.31,26.91,26.99,3398255,30.96,31,30.55,30.64,2993900,2026-01-13T03:44:29Z
INTU,2008-08-29,26.49,27.21,26.46,27.15,3815502,30.07,30.88,30.03,30.82,3361500,2026-01-13T03:44:29Z
INTU,2008-09-02,26.84,27.31,26.71,26.82,6046574,30.46,31,30.32,30.44,5327100,2026-01-13T03:44:29Z
INTU,2008-09-03,26.89,27.31,26.7,26.99,8140096,30.52,31,30.31,30.64,7171500,2026-01-13T03:44:29Z
INTU,2008-09-04,26.08,27.02,26.08,26.64,4440584,29.6,30.67,29.6,30.24,3912200,2026-01-13T03:44:29Z
INTU,2008-09-05,26.3,26.55,25.87,25.96,5838174,29.85,30.13,29.36,29.47,5143500,2026-01-13T03:44:29Z
INTU,2008-09-08,26.91,28.14,26.43,27.07,5755316,30.55,31.94,30,30.73,5070500,2026-01-13T03:44:29Z
INTU,2008-09-09,26.69,27.27,26.65,27.11,5892442,30.3,30.95,30.25,30.77,5191300,2026-01-13T03:44:29Z
INTU,2008-09-10,26.58,26.96,26.47,26.96,4747387,30.17,30.6,30.04,30.6,4182500,2026-01-13T03:44:29Z
INTU,2008-09-11,26.91,26.94,26.25,26.35,4923089,30.54,30.58,29.8,29.91,4337300,2026-01-13T03:44:29Z
INTU,2008-09-12,26.82,26.86,26.42,26.7,4327070,30.44,30.49,29.99,30.31,3812200,2026-01-13T03:44:29Z
INTU,2008-09-15,26.13,27.08,26.03,26.25,6609675,29.66,30.74,29.55,29.79,5823200,2026-01-13T03:44:29Z
INTU,2008-09-16,26.21,26.8,25.75,25.99,7553588,29.75,30.42,29.23,29.5,6654800,2026-01-13T03:44:29Z
INTU,2008-09-17,25.71,26.52,25.66,26.18,7775953,29.18,30.1,29.13,29.71,6850700,2026-01-13T03:44:29Z
INTU,2008-09-18,26.88,27.31,25.76,25.87,7394925,30.51,31,29.24,29.36,6515000,2026-01-13T03:44:29Z
INTU,2008-09-19,27.96,28.19,25.8,27.36,8682635,31.74,32,29.29,31.06,7649500,2026-01-13T03:44:29Z
INTU,2008-09-22,27.03,28.18,27.02,27.43,4978261,30.68,31.98,30.67,31.13,4385900,2026-01-13T03:44:29Z
INTU,2008-09-23,27.21,28.09,27.11,27.31,5772463,30.88,31.89,30.77,31,5085600,2026-01-13T03:44:29Z
INTU,2008-09-24,27.52,27.72,27.02,27.21,4531268,31.24,31.46,30.67,30.89,3992100,2026-01-13T03:44:29Z
INTU,2008-09-25,27.73,28.19,27.45,27.83,4275658,31.47,32,31.16,31.59,3766900,2026-01-13T03:44:29Z
INTU,2008-09-26,28.14,28.19,27.13,27.13,4394041,31.94,32,30.79,30.79,3871200,2026-01-13T03:44:29Z
INTU,2008-09-29,26.36,28.17,26.36,27.79,7811835,29.92,31.97,29.92,31.54,6882300,2026-01-13T03:44:29Z
INTU,2008-09-30,27.85,27.96,26.91,27.04,8024093,31.61,31.74,30.54,30.69,7069300,2026-01-13T03:44:29Z
INTU,2008-10-01,26.83,27.66,26.53,27.49,5325356,30.45,31.4,30.11,31.2,4691700,2026-01-13T03:44:29Z
INTU,2008-10-02,26.37,27.07,26.18,26.81,6410830,29.93,30.73,29.72,30.43,5648000,2026-01-13T03:44:29Z
INTU,2008-10-03,24.52,26.26,24.44,25.8,10193190,27.83,29.81,27.74,29.29,8980300,2026-01-13T03:44:29Z
INTU,2008-10-06,23.67,24.63,22.86,23.99,8648233,26.87,27.96,25.95,27.23,7619200,2026-01-13T03:44:29Z
INTU,2008-10-07,22.25,23.99,22.25,23.73,7485050,25.26,27.23,25.26,26.94,6594400,2026-01-13T03:44:29Z
INTU,2008-10-08,22.69,23.82,22.09,22.24,8569489,25.76,27.04,25.07,25.24,7549800,2026-01-13T03:44:29Z
INTU,2008-10-09,21.65,23.19,21.51,22.62,8138846,24.57,26.32,24.42,25.68,7170400,2026-01-13T03:44:29Z
INTU,2008-10-10,22.07,23.1,20.57,21.3,10363219,25.05,26.22,23.35,24.18,9130100,2026-01-13T03:44:29Z
INTU,2008-10-13,23.62,23.66,22.05,22.67,6322964,26.81,26.85,25.03,25.73,5570600,2026-01-13T03:44:29Z
INTU,2008-10-14,22.62,24.29,22.48,23.92,7661446,25.68,27.57,25.52,27.15,6749800,2026-01-13T03:44:29Z
INTU,2008-10-15,20.92,23.27,20.78,22.32,5839995,23.74,26.41,23.59,25.33,5145100,2026-01-13T03:44:29Z
INTU,2008-10-16,21.96,22.01,20.02,20.27,7560747,24.93,24.98,22.72,23.01,6661100,2026-01-13T03:44:29Z
INTU,2008-10-17,21.82,22.57,21.16,21.44,8175963,24.77,25.62,24.02,24.34,7203100,2026-01-13T03:44:29Z
INTU,2008-10-20,22.89,22.91,21.78,22.05,4286886,25.98,26,24.72,25.03,3776800,2026-01-13T03:44:29Z
INTU,2008-10-21,22.06,22.85,21.98,22.55,4647504,25.04,25.94,24.95,25.59,4094500,2026-01-13T03:44:29Z
INTU,2008-10-22,20.8,22,20.45,21.85,6748941,23.61,24.97,23.21,24.8,5945900,2026-01-13T03:44:29Z
INTU,2008-10-23,20.74,21.13,19.59,20.75,7729074,23.54,23.98,22.24,23.55,6809400,2026-01-13T03:44:29Z
INTU,2008-10-24,20.1,20.65,19.41,19.41,5835358,22.81,23.44,22.03,22.03,5141000,2026-01-13T03:44:29Z
INTU,2008-10-27,19.78,20.57,19.17,19.72,4805274,22.45,23.35,21.76,22.38,4233500,2026-01-13T03:44:29Z
INTU,2008-10-28,21.43,21.51,19.68,20.26,7128283,24.32,24.42,22.34,23,6280100,2026-01-13T03:44:29Z
INTU,2008-10-29,21.48,22.27,20.96,21.68,6145112,24.38,25.28,23.79,24.61,5413900,2026-01-13T03:44:29Z
INTU,2008-10-30,21.84,22.23,21.5,22.1,4833778,24.79,25.23,24.4,25.08,4258600,2026-01-13T03:44:29Z
INTU,2008-10-31,22.08,22.29,21.37,21.79,5988924,25.06,25.3,24.26,24.73,5276300,2026-01-13T03:44:29Z
INTU,2008-11-03,22.48,22.69,21.81,22.1,3418232,25.52,25.75,24.76,25.08,3011500,2026-01-13T03:44:29Z
INTU,2008-11-04,22.48,23.12,22.35,22.84,5865534,25.52,26.24,25.37,25.92,5167600,2026-01-13T03:44:29Z
INTU,2008-11-05,22.31,23.09,22.16,22.25,4244782,25.32,26.21,25.15,25.25,3739700,2026-01-13T03:44:29Z
INTU,2008-11-06,21.07,22.42,20.93,22.06,4697210,23.91,25.45,23.76,25.04,4138300,2026-01-13T03:44:29Z
INTU,2008-11-07,21.14,21.4,20.89,21.22,4552397,24,24.29,23.71,24.09,4010700,2026-01-13T03:44:29Z
INTU,2008-11-10,20.92,21.76,20.66,21.7,3403589,23.74,24.7,23.45,24.63,2998600,2026-01-13T03:44:29Z
INTU,2008-11-11,20.25,20.93,20.05,20.73,3746043,22.98,23.76,22.76,23.53,3300300,2026-01-13T03:44:29Z
INTU,2008-11-12,18.94,20.01,18.89,19.85,5517648,21.5,22.71,21.44,22.53,4861100,2026-01-13T03:44:29Z
INTU,2008-11-13,20.22,20.29,18.06,18.98,6155769,22.95,23.03,20.5,21.54,5423300,2026-01-13T03:44:29Z
INTU,2008-11-14,19.01,20.09,18.93,19.46,5194718,21.58,22.8,21.49,22.09,4576600,2026-01-13T03:44:29Z
INTU,2008-11-17,18.77,19.27,18.39,18.83,4158300,21.31,21.87,20.87,21.37,3663500,2026-01-13T03:44:29Z
INTU,2008-11-18,18.74,19.21,18.08,18.58,5108563,21.27,21.8,20.52,21.09,4500700,2026-01-13T03:44:29Z
INTU,2008-11-19,18.1,19.44,18.06,18.61,7010572,20.55,22.07,20.5,21.12,6176400,2026-01-13T03:44:29Z
INTU,2008-11-20,18.16,19.77,17.83,18.01,8201844,20.61,22.44,20.24,20.44,7225900,2026-01-13T03:44:29Z
INTU,2008-11-21,19.91,20.26,18.49,18.87,8311947,22.6,23,20.99,21.42,7322900,2026-01-13T03:44:29Z
INTU,2008-11-24,20.04,20.29,19.43,20.25,7231465,22.75,23.03,22.06,22.99,6371000,2026-01-13T03:44:29Z
INTU,2008-11-25,19.22,20.26,18.88,20.06,5619356,21.82,23,21.43,22.77,4950700,2026-01-13T03:44:29Z
INTU,2008-11-26,19.74,19.74,19.02,19.4,3704618,22.41,22.41,21.59,22.02,3263800,2026-01-13T03:44:29Z
INTU,2008-11-28,19.52,19.87,19.17,19.54,1576711,22.16,22.55,21.76,22.18,1389100,2026-01-13T03:44:29Z
INTU,2008-12-01,17.79,19.32,17.78,19.07,4549208,20.19,21.93,20.18,21.65,4007900,2026-01-13T03:44:29Z
INTU,2008-12-02,19.28,19.32,17.79,18.24,5725473,21.88,21.93,20.19,20.7,5044200,2026-01-13T03:44:29Z
INTU,2008-12-03,20.26,20.27,18.86,18.95,7412298,23,23.01,21.41,21.51,6530300,2026-01-13T03:44:29Z
INTU,2008-12-04,19.67,20.65,19.39,19.93,6601271,22.33,23.44,22.01,22.62,5815800,2026-01-13T03:44:29Z
INTU,2008-12-05,20.57,20.65,19,19.59,5382681,23.35,23.44,21.57,22.24,4742200,2026-01-13T03:44:29Z
INTU,2008-12-08,20.92,21.14,20.57,20.62,5358278,23.75,24,23.35,23.41,4720700,2026-01-13T03:44:29Z
INTU,2008-12-09,20.58,21.07,20.25,20.7,4547960,23.36,23.92,22.99,23.49,4006800,2026-01-13T03:44:29Z
INTU,2008-12-10,20.84,21.07,20.47,20.84,3225048,23.66,23.92,23.23,23.65,2841300,2026-01-13T03:44:29Z
INTU,2008-12-11,19.72,20.84,19.63,20.65,3475670,22.38,23.66,22.28,23.44,3062100,2026-01-13T03:44:29Z
INTU,2008-12-12,20.25,20.33,19.34,20.07,3643322,22.99,23.08,21.95,22.78,3209800,2026-01-13T03:44:29Z
INTU,2008-12-15,20.11,20.48,19.6,20.48,4078719,22.83,23.24,22.25,23.24,3593400,2026-01-13T03:44:29Z
INTU,2008-12-16,21,21.07,20.07,20.41,4540238,23.84,23.91,22.78,23.17,4000000,2026-01-13T03:44:29Z
INTU,2008-12-17,20.43,20.99,20.3,20.77,3403370,23.19,23.82,23.04,23.58,2998400,2026-01-13T03:44:29Z
INTU,2008-12-18,19.96,20.84,19.69,20.84,3248542,22.66,23.65,22.35,23.65,2862000,2026-01-13T03:44:29Z
INTU,2008-12-19,20.48,20.82,19.96,20.2,5785173,23.25,23.63,22.66,22.93,5096800,2026-01-13T03:44:29Z
INTU,2008-12-22,20,20.43,19.77,20.43,3291000,22.7,23.19,22.44,23.19,2899400,2026-01-13T03:44:29Z
INTU,2008-12-23,19.87,20.56,19.69,20.56,2347983,22.55,23.34,22.35,23.34,2068600,2026-01-13T03:44:29Z
INTU,2008-12-24,19.86,19.92,19.73,19.92,811907,22.54,22.61,22.39,22.61,715300,2026-01-13T03:44:29Z
INTU,2008-12-26,20.03,20.12,19.9,20.12,979782,22.74,22.84,22.59,22.84,863200,2026-01-13T03:44:29Z
INTU,2008-12-29,19.95,20.01,19.66,19.66,1999861,22.65,22.71,22.31,22.31,1761900,2026-01-13T03:44:29Z
INTU,2008-12-30,20.78,20.85,19.95,19.97,2489759,23.59,23.67,22.65,22.67,2193500,2026-01-13T03:44:29Z
INTU,2008-12-31,20.96,21.33,20.69,20.84,2885215,23.79,24.21,23.48,23.66,2541900,2026-01-13T03:44:29Z
INTU,2009-01-02,21.5,21.59,20.83,20.96,2561258,24.4,24.51,23.64,23.79,2256500,2026-01-13T03:44:29Z
INTU,2009-01-05,21.91,21.96,21.16,21.29,3886225,24.87,24.93,24.02,24.16,3423800,2026-01-13T03:44:29Z
INTU,2009-01-06,22.32,22.49,21.83,21.89,3295648,25.34,25.53,24.78,24.85,2903500,2026-01-13T03:44:29Z
INTU,2009-01-07,22.19,22.32,21.93,22.21,3497454,25.19,25.33,24.89,25.21,3081300,2026-01-13T03:44:29Z
INTU,2009-01-08,22.32,22.39,21.81,22.23,3526065,25.34,25.41,24.76,25.23,3106500,2026-01-13T03:44:29Z
INTU,2009-01-09,21.6,22.25,21.59,22.07,3511872,24.52,25.26,24.5,25.05,3094000,2026-01-13T03:44:29Z
INTU,2009-01-12,21.3,21.48,21.05,21.4,3329931,24.18,24.38,23.89,24.29,2933700,2026-01-13T03:44:29Z
INTU,2009-01-13,21.19,21.68,20.97,21.38,3216307,24.05,24.61,23.8,24.27,2833600,2026-01-13T03:44:29Z
INTU,2009-01-14,20.57,21.14,20.39,20.95,3257849,23.35,24,23.14,23.78,2870200,2026-01-13T03:44:29Z
INTU,2009-01-15,20.99,21.07,20.36,20.69,4280192,23.82,23.91,23.11,23.48,3770900,2026-01-13T03:44:29Z
INTU,2009-01-16,21.15,21.32,20.66,21.05,4784043,24.01,24.2,23.45,23.89,4214800,2026-01-13T03:44:29Z
INTU,2009-01-20,20.07,21.33,20.05,21.08,4720038,22.78,24.21,22.76,23.93,4158400,2026-01-13T03:44:29Z
INTU,2009-01-21,20.69,20.72,19.8,20.39,4223566,23.49,23.52,22.48,23.14,3721000,2026-01-13T03:44:29Z
INTU,2009-01-22,20.35,20.77,19.97,20.77,3997917,23.1,23.58,22.67,23.58,3522200,2026-01-13T03:44:29Z
INTU,2009-01-23,20.6,20.7,19.88,20.05,5742163,23.38,23.49,22.57,22.76,5058900,2026-01-13T03:44:29Z
INTU,2009-01-26,20.46,20.94,20.33,20.5,5670410,23.22,23.77,23.08,23.27,4995700,2026-01-13T03:44:29Z
INTU,2009-01-27,20.44,20.55,20.22,20.28,4504382,23.2,23.33,22.95,23.02,3968400,2026-01-13T03:44:29Z
INTU,2009-01-28,21.03,21.2,20.35,20.67,4643990,23.87,24.06,23.1,23.46,4091400,2026-01-13T03:44:29Z
INTU,2009-01-29,20.79,21.02,20.53,20.75,3995194,23.6,23.86,23.3,23.55,3519800,2026-01-13T03:44:29Z
INTU,2009-01-30,19.95,20.86,19.94,20.59,4463054,22.65,23.68,22.63,23.37,3932000,2026-01-13T03:44:29Z
INTU,2009-02-02,20.31,20.43,19.83,19.9,3551375,23.05,23.19,22.51,22.59,3128800,2026-01-13T03:44:29Z
INTU,2009-02-03,20.79,20.84,19.88,20.3,3458196,23.6,23.66,22.57,23.04,3046700,2026-01-13T03:44:29Z
INTU,2009-02-04,20.77,21.42,20.66,20.84,4372369,23.57,24.31,23.45,23.66,3852100,2026-01-13T03:44:29Z
INTU,2009-02-05,21.06,21.15,20.41,20.49,4642975,23.9,24.01,23.17,23.26,4090500,2026-01-13T03:44:29Z
INTU,2009-02-06,21.62,21.71,20.81,21.01,4137748,24.54,24.64,23.62,23.85,3645400,2026-01-13T03:44:29Z
INTU,2009-02-09,21.82,21.88,21.45,21.57,2892818,24.77,24.84,24.35,24.48,2548600,2026-01-13T03:44:29Z
INTU,2009-02-10,20.47,21.82,20.35,21.44,6068708,23.24,24.77,23.1,24.34,5346600,2026-01-13T03:44:29Z
INTU,2009-02-11,20.41,20.75,20.13,20.72,3667609,23.17,23.55,22.85,23.52,3231200,2026-01-13T03:44:29Z
INTU,2009-02-12,20.48,20.59,19.78,20.35,4755106,23.25,23.37,22.45,23.1,4189300,2026-01-13T03:44:29Z
INTU,2009-02-13,20.24,20.72,20.21,20.51,4596656,22.97,23.52,22.94,23.28,4049700,2026-01-13T03:44:29Z
INTU,2009-02-17,19.14,19.61,19.01,19.43,5710502,21.72,22.26,21.58,22.06,5031000,2026-01-13T03:44:29Z
INTU,2009-02-18,19.28,19.64,18.81,19.23,5423320,21.88,22.29,21.35,21.83,4778000,2026-01-13T03:44:29Z
INTU,2009-02-19,18.74,19.42,18.56,19.42,8601824,21.27,22.04,21.07,22.04,7578300,2026-01-13T03:44:29Z
INTU,2009-02-20,21.14,21.6,19.16,19.96,13916886,23.99,24.52,21.75,22.66,12260900,2026-01-13T03:44:29Z
INTU,2009-02-23,20.32,21.36,20.23,21.14,6323197,23.07,24.25,22.96,23.99,5570800,2026-01-13T03:44:29Z
INTU,2009-02-24,20.99,21.07,20.24,20.55,7498764,23.82,23.92,22.97,23.32,6606500,2026-01-13T03:44:29Z
INTU,2009-02-25,20.89,21.22,20.14,20.87,6822152,23.71,24.09,22.86,23.69,6010400,2026-01-13T03:44:29Z
INTU,2009-02-26,20.21,21.07,20.2,21.07,4757146,22.94,23.92,22.93,23.92,4191100,2026-01-13T03:44:29Z
INTU,2009-02-27,20.08,20.62,20.05,20.51,5477128,22.79,23.41,22.76,23.28,4825400,2026-01-13T03:44:29Z
INTU,2009-03-02,19.55,20.03,19.38,19.83,8318752,22.19,22.74,22,22.51,7328900,2026-01-13T03:44:29Z
INTU,2009-03-03,20.11,20.47,19.61,19.73,7670498,22.83,23.23,22.26,22.4,6757800,2026-01-13T03:44:29Z
INTU,2009-03-04,20.61,20.85,20.18,20.28,4990868,23.39,23.67,22.91,23.02,4397000,2026-01-13T03:44:29Z
INTU,2009-03-05,20.1,20.56,20.05,20.09,5569186,22.81,23.34,22.76,22.8,4906500,2026-01-13T03:44:29Z
INTU,2009-03-06,20.47,20.53,20.06,20.14,6220916,23.23,23.3,22.77,22.86,5480700,2026-01-13T03:44:29Z
INTU,2009-03-09,20.27,20.88,20.14,20.3,5355455,23.01,23.7,22.86,23.04,4718200,2026-01-13T03:44:29Z
INTU,2009-03-10,21.52,21.61,20.3,20.63,5889029,24.43,24.53,23.04,23.42,5188300,2026-01-13T03:44:29Z
INTU,2009-03-11,21.76,21.94,21.26,21.54,5781645,24.7,24.9,24.13,24.45,5093700,2026-01-13T03:44:29Z
INTU,2009-03-12,22.33,22.4,21.51,21.63,3988377,25.35,25.43,24.42,24.55,3513800,2026-01-13T03:44:29Z
INTU,2009-03-13,22.32,22.43,22.03,22.32,4234457,25.34,25.46,25.01,25.33,3730600,2026-01-13T03:44:29Z
INTU,2009-03-16,22.09,22.59,22.09,22.42,5043420,25.07,25.64,25.07,25.45,4443300,2026-01-13T03:44:29Z
INTU,2009-03-17,22.92,22.91,22.08,22.42,5650779,26.01,26.01,25.06,25.45,4978400,2026-01-13T03:44:29Z
INTU,2009-03-18,23.51,23.78,22.55,22.66,7000475,26.69,26.99,25.59,25.72,6167500,2026-01-13T03:44:29Z
INTU,2009-03-19,23.51,23.77,23.24,23.77,5729663,26.69,26.98,26.38,26.98,5047900,2026-01-13T03:44:29Z
INTU,2009-03-20,22.4,23.73,22.1,23.72,10858438,25.43,26.93,25.08,26.92,9566400,2026-01-13T03:44:29Z
INTU,2009-03-23,23.62,23.79,22.62,22.78,6627387,26.81,27,25.68,25.86,5838800,2026-01-13T03:44:29Z
INTU,2009-03-24,23.25,23.46,23.02,23.3,4174745,26.39,26.63,26.13,26.45,3678000,2026-01-13T03:44:29Z
INTU,2009-03-25,23.46,23.97,22.98,23.46,6381878,26.63,27.21,26.08,26.63,5622500,2026-01-13T03:44:29Z
INTU,2009-03-26,24.29,24.29,23.51,23.66,5548505,27.57,27.57,26.69,26.85,4888300,2026-01-13T03:44:29Z
INTU,2009-03-27,23.64,24.01,23.57,23.85,3666359,26.83,27.25,26.75,27.07,3230100,2026-01-13T03:44:29Z
INTU,2009-03-30,23.63,23.63,23.14,23.28,4056024,26.82,26.82,26.27,26.42,3573400,2026-01-13T03:44:29Z
INTU,2009-03-31,23.79,24.16,23.57,23.72,4054659,27,27.42,26.75,26.92,3572200,2026-01-13T03:44:29Z
INTU,2009-04-01,24.08,24.27,23.45,23.91,3764997,27.33,27.55,26.62,27.14,3317000,2026-01-13T03:44:29Z
INTU,2009-04-02,24.46,24.95,23.82,24.02,5330799,27.76,28.32,27.04,27.27,4696500,2026-01-13T03:44:29Z
INTU,2009-04-03,24.43,24.66,24.1,24.46,3449110,27.73,27.99,27.35,27.76,3038700,2026-01-13T03:44:29Z
INTU,2009-04-06,24.06,24.48,23.61,24.48,4048986,27.31,27.79,26.8,27.79,3567200,2026-01-13T03:44:29Z
INTU,2009-04-07,23.49,23.88,23.29,23.76,4689055,26.66,27.11,26.44,26.97,4131100,2026-01-13T03:44:29Z
INTU,2009-04-08,23.58,23.92,23.36,23.64,4873389,26.76,27.15,26.51,26.83,4293500,2026-01-13T03:44:29Z
INTU,2009-04-09,23.47,24.19,23.36,24.19,5024348,26.64,27.46,26.51,27.46,4426500,2026-01-13T03:44:29Z
INTU,2009-04-13,22.72,22.96,22.47,22.83,6191742,25.79,26.06,25.5,25.91,5455000,2026-01-13T03:44:29Z
INTU,2009-04-14,22.37,22.91,22.27,22.62,6303090,25.39,26,25.28,25.68,5553100,2026-01-13T03:44:29Z
INTU,2009-04-15,22.33,22.48,22.04,22.28,5247955,25.35,25.52,25.02,25.29,4623500,2026-01-13T03:44:29Z
INTU,2009-04-16,22.77,22.98,22.42,22.74,5270771,25.85,26.08,25.45,25.81,4643600,2026-01-13T03:44:29Z
INTU,2009-04-17,22.54,23.09,22.47,22.85,4959883,25.58,26.21,25.5,25.94,4369700,2026-01-13T03:44:29Z
INTU,2009-04-20,21.46,21.83,21.14,21.28,8633048,24.36,24.78,23.99,24.15,7605800,2026-01-13T03:44:29Z
INTU,2009-04-21,21.84,21.88,21.3,21.41,5406191,24.79,24.84,24.18,24.3,4762900,2026-01-13T03:44:29Z
INTU,2009-04-22,21.66,22.02,21.46,21.64,4017895,24.59,25,24.36,24.56,3539800,2026-01-13T03:44:29Z
INTU,2009-04-23,21.39,21.43,20.91,21.14,4450011,24.28,24.33,23.73,24,3920500,2026-01-13T03:44:29Z
INTU,2009-04-24,21.47,21.75,21.25,21.46,4108582,24.37,24.69,24.12,24.36,3619700,2026-01-13T03:44:29Z
INTU,2009-04-27,20.5,20.81,20.21,20.67,5378486,23.27,23.62,22.94,23.46,4738500,2026-01-13T03:44:29Z
INTU,2009-04-28,20.36,20.63,20.25,20.45,3850001,23.11,23.42,22.99,23.21,3391900,2026-01-13T03:44:29Z
INTU,2009-04-29,20.4,20.62,20.03,20.48,4663734,23.15,23.41,22.74,23.25,4108800,2026-01-13T03:44:29Z
INTU,2009-04-30,20.38,20.51,20.1,20.42,5931703,23.13,23.28,22.81,23.18,5225900,2026-01-13T03:44:29Z
INTU,2009-05-01,20.25,20.53,20.05,20.05,3990537,22.99,23.3,22.76,22.76,3515700,2026-01-13T03:44:29Z
INTU,2009-05-04,20.6,20.76,20.05,20.1,3530155,23.38,23.56,22.76,22.81,3110100,2026-01-13T03:44:29Z
INTU,2009-05-05,21.2,21.21,20.48,20.53,5633193,24.06,24.08,23.25,23.3,4962900,2026-01-13T03:44:29Z
INTU,2009-05-06,21.39,21.45,20.99,21.01,4322089,24.28,24.35,23.83,23.85,3807800,2026-01-13T03:44:29Z
INTU,2009-05-07,21.02,21.52,20.9,21.21,5273038,23.86,24.43,23.72,24.07,4645600,2026-01-13T03:44:29Z
INTU,2009-05-08,21.2,21.65,20.84,21.65,4228215,24.06,24.57,23.66,24.57,3725100,2026-01-13T03:44:29Z
INTU,2009-05-11,21.35,21.56,20.89,20.99,2712678,24.23,24.47,23.71,23.82,2389900,2026-01-13T03:44:29Z
INTU,2009-05-12,21.67,21.83,21.22,21.57,4206752,24.6,24.78,24.09,24.48,3706200,2026-01-13T03:44:29Z
INTU,2009-05-13,21.23,21.73,21.11,21.5,2869085,24.1,24.67,23.96,24.4,2527700,2026-01-13T03:44:29Z
INTU,2009-05-14,21.43,21.65,21.24,21.65,2291002,24.32,24.57,24.11,24.57,2018400,2026-01-13T03:44:29Z
INTU,2009-05-15,21.13,21.53,21.12,21.33,3444118,23.98,24.44,23.97,24.21,3034300,2026-01-13T03:44:29Z
INTU,2009-05-18,21.6,21.6,21.16,21.31,2662394,24.52,24.52,24.02,24.19,2345600,2026-01-13T03:44:29Z
INTU,2009-05-19,22.17,22.3,21.37,21.37,3804271,25.16,25.31,24.26,24.26,3351600,2026-01-13T03:44:29Z
INTU,2009-05-20,22.22,22.58,22.05,22.18,4765546,25.22,25.63,25.03,25.18,4198500,2026-01-13T03:44:29Z
INTU,2009-05-21,24.03,24.52,22.89,22.95,10366713,27.27,27.83,25.98,26.05,9133200,2026-01-13T03:44:29Z
INTU,2009-05-22,23.47,24.1,23.36,24.1,4801308,26.64,27.35,26.51,27.35,4230000,2026-01-13T03:44:29Z
INTU,2009-05-26,24.42,24.47,23.36,23.59,6567234,27.72,27.78,26.51,26.77,5785800,2026-01-13T03:44:29Z
INTU,2009-05-27,23.51,24.55,23.5,24.54,5054414,26.68,27.86,26.68,27.85,4453000,2026-01-13T03:44:29Z
INTU,2009-05-28,23.5,23.81,23.41,23.8,5879851,26.67,27.03,26.57,27.01,5180200,2026-01-13T03:44:29Z
INTU,2009-05-29,23.98,23.99,23.36,23.59,3838093,27.22,27.23,26.51,26.77,3381400,2026-01-13T03:44:29Z
INTU,2009-06-01,24.34,24.44,23.98,24.32,4043087,27.63,27.74,27.22,27.6,3562000,2026-01-13T03:44:29Z
INTU,2009-06-02,24.42,24.57,24.1,24.33,5129679,27.72,27.89,27.36,27.62,4519300,2026-01-13T03:44:29Z
INTU,2009-06-03,24.42,24.5,23.9,23.9,3143777,27.72,27.81,27.13,27.13,2769700,2026-01-13T03:44:29Z
INTU,2009-06-04,24.34,24.41,24.04,24.28,3604954,27.63,27.71,27.29,27.56,3176000,2026-01-13T03:44:29Z
INTU,2009-06-05,24.57,24.66,24.22,24.61,3947623,27.89,27.99,27.49,27.94,3477900,2026-01-13T03:44:29Z
INTU,2009-06-08,24.77,24.97,24.48,24.91,5193923,28.11,28.34,27.79,28.27,4575900,2026-01-13T03:44:29Z
INTU,2009-06-09,25.19,25.37,24.67,24.84,4243307,28.59,28.8,28,28.19,3738400,2026-01-13T03:44:29Z
INTU,2009-06-10,25.05,25.36,24.63,25.09,3975326,28.43,28.78,27.96,28.48,3502300,2026-01-13T03:44:29Z
INTU,2009-06-11,25.04,25.28,24.72,24.76,3729129,28.42,28.69,28.06,28.1,3285400,2026-01-13T03:44:29Z
INTU,2009-06-12,25.23,25.23,24.68,24.97,2599065,28.64,28.64,28.01,28.34,2289800,2026-01-13T03:44:29Z
INTU,2009-06-15,24.5,25.01,24.09,24.77,3837298,27.81,28.39,27.34,28.12,3380700,2026-01-13T03:44:29Z
INTU,2009-06-16,24.42,24.8,24.41,24.56,4355455,27.72,28.15,27.71,27.88,3837200,2026-01-13T03:44:29Z
INTU,2009-06-17,24.91,25.16,24.33,24.74,4740572,28.27,28.56,27.62,28.08,4176500,2026-01-13T03:44:29Z
INTU,2009-06-18,24.57,24.88,24.29,24.72,3382250,27.89,28.24,27.57,28.06,2979800,2026-01-13T03:44:29Z
INTU,2009-06-19,24.75,25.02,24.36,24.85,4787000,28.09,28.4,27.65,28.21,4217400,2026-01-13T03:44:29Z
INTU,2009-06-22,23.99,24.27,23.94,24.18,4663057,27.23,27.55,27.17,27.45,4108200,2026-01-13T03:44:29Z
INTU,2009-06-23,24.03,24.34,23.89,24.23,3650689,27.28,27.63,27.12,27.5,3216300,2026-01-13T03:44:29Z
INTU,2009-06-24,24.41,24.55,24.07,24.23,3447404,27.71,27.87,27.32,27.5,3037200,2026-01-13T03:44:29Z
INTU,2009-06-25,24.91,24.91,24.2,24.38,2832538,28.27,28.27,27.47,27.67,2495500,2026-01-13T03:44:29Z
INTU,2009-06-26,24.98,25.15,24.58,24.75,3417218,28.35,28.55,27.9,28.09,3010600,2026-01-13T03:44:29Z
INTU,2009-06-29,24.91,25.06,24.52,24.77,2953536,28.27,28.44,27.83,28.11,2602100,2026-01-13T03:44:29Z
INTU,2009-06-30,24.84,25.07,24.61,25.02,3283046,28.19,28.45,27.94,28.4,2892400,2026-01-13T03:44:29Z
INTU,2009-07-01,25.04,25.29,24.84,25.03,3424933,28.42,28.7,28.19,28.41,3017400,2026-01-13T03:44:29Z
INTU,2009-07-02,24.54,24.9,24.4,24.81,2798382,27.85,28.26,27.7,28.16,2465400,2026-01-13T03:44:29Z
INTU,2009-07-06,24.62,24.67,24.32,24.55,2607351,27.95,28,27.6,27.87,2297100,2026-01-13T03:44:29Z
INTU,2009-07-07,23.82,24.63,23.82,24.51,4073054,27.04,27.96,27.04,27.82,3588400,2026-01-13T03:44:29Z
INTU,2009-07-08,23.84,24.23,23.68,23.9,4130491,27.06,27.5,26.88,27.13,3639000,2026-01-13T03:44:29Z
INTU,2009-07-09,24.03,24.21,23.76,23.85,3117892,27.28,27.48,26.97,27.07,2746900,2026-01-13T03:44:29Z
INTU,2009-07-10,24.19,24.41,23.89,23.89,3052864,27.46,27.71,27.12,27.12,2689600,2026-01-13T03:44:29Z
INTU,2009-07-13,24.47,24.5,23.73,24.15,3361704,27.78,27.81,26.93,27.41,2961700,2026-01-13T03:44:29Z
INTU,2009-07-14,24.25,24.47,24.16,24.36,3910739,27.53,27.78,27.42,27.65,3445400,2026-01-13T03:44:29Z
INTU,2009-07-15,25,25.09,24.18,24.37,3149221,28.38,28.48,27.44,27.66,2774500,2026-01-13T03:44:29Z
INTU,2009-07-16,24.53,24.98,24.47,24.91,6562473,27.84,28.36,27.78,28.28,5781600,2026-01-13T03:44:29Z
INTU,2009-07-17,24.62,24.77,24.34,24.65,4951709,27.95,28.12,27.63,27.98,4362500,2026-01-13T03:44:29Z
INTU,2009-07-20,24.93,24.97,24.61,24.62,3150359,28.3,28.34,27.93,27.95,2775500,2026-01-13T03:44:29Z
INTU,2009-07-21,24.91,25.09,24.64,25.05,3082933,28.27,28.48,27.97,28.43,2716100,2026-01-13T03:44:29Z
INTU,2009-07-22,24.93,25.04,24.46,24.46,2647414,28.3,28.42,27.76,27.76,2332400,2026-01-13T03:44:29Z
INTU,2009-07-23,25.48,25.55,24.64,24.94,4434230,28.92,29,27.97,28.31,3906600,2026-01-13T03:44:29Z
INTU,2009-07-24,25.75,25.82,25.17,25.23,3444004,29.23,29.31,28.57,28.64,3034200,2026-01-13T03:44:29Z
INTU,2009-07-27,25.85,25.86,25.52,25.65,2623923,29.34,29.35,28.97,29.11,2311700,2026-01-13T03:44:29Z
INTU,2009-07-28,26.09,26.19,25.65,25.81,3451380,29.61,29.73,29.11,29.3,3040700,2026-01-13T03:44:29Z
INTU,2009-07-29,26.16,26.21,25.83,25.99,2672386,29.69,29.75,29.32,29.5,2354400,2026-01-13T03:44:29Z
INTU,2009-07-30,26.25,26.44,26.16,26.32,3181233,29.79,30.01,29.69,29.88,2802700,2026-01-13T03:44:29Z
INTU,2009-07-31,26.17,26.42,26.14,26.18,2234026,29.7,29.99,29.67,29.71,1968200,2026-01-13T03:44:29Z
INTU,2009-08-03,26.2,26.37,26.05,26.17,2815171,29.74,29.93,29.57,29.7,2480200,2026-01-13T03:44:29Z
INTU,2009-08-04,26.43,26.43,26.11,26.13,2871363,30,30,29.64,29.66,2529700,2026-01-13T03:44:29Z
INTU,2009-08-05,26.1,26.3,25.77,26.21,5105508,29.63,29.85,29.25,29.75,4498000,2026-01-13T03:44:29Z
INTU,2009-08-06,26.18,26.25,25.88,26.07,3429021,29.72,29.8,29.38,29.59,3021000,2026-01-13T03:44:29Z
INTU,2009-08-07,26.61,26.7,26.32,26.54,3509722,30.2,30.3,29.87,30.12,3092100,2026-01-13T03:44:29Z
INTU,2009-08-10,26.69,26.8,26.38,26.41,3077490,30.3,30.42,29.94,29.98,2711300,2026-01-13T03:44:29Z
INTU,2009-08-11,26.62,26.76,26.47,26.67,2640152,30.21,30.37,30.04,30.27,2326000,2026-01-13T03:44:29Z
INTU,2009-08-12,27.33,27.57,26.57,26.57,4305063,31.02,31.29,30.16,30.16,3792800,2026-01-13T03:44:29Z
INTU,2009-08-13,27.19,27.4,26.94,27.37,2198156,30.86,31.1,30.58,31.07,1936600,2026-01-13T03:44:29Z
INTU,2009-08-14,26.77,27.27,26.47,27.02,4153300,30.39,30.95,30.05,30.67,3659100,2026-01-13T03:44:29Z
INTU,2009-08-17,26.55,26.77,26.37,26.55,3742060,30.14,30.39,29.93,30.13,3296800,2026-01-13T03:44:29Z
INTU,2009-08-18,26.81,26.89,26.39,26.69,4017893,30.43,30.52,29.95,30.29,3539800,2026-01-13T03:44:29Z
INTU,2009-08-19,27.03,27.06,26.43,26.55,3540139,30.68,30.71,30,30.14,3118900,2026-01-13T03:44:29Z
INTU,2009-08-20,27.18,27.39,26.87,26.88,5367468,30.85,31.09,30.5,30.51,4728800,2026-01-13T03:44:29Z
INTU,2009-08-21,25.21,26.34,24.32,26.23,15244666,28.62,29.9,27.61,29.77,13430700,2026-01-13T03:44:29Z
INTU,2009-08-24,25.11,25.28,24.77,25.27,5829442,28.5,28.69,28.12,28.68,5135800,2026-01-13T03:44:29Z
INTU,2009-08-25,24.95,25.13,24.82,25.05,5346137,28.32,28.52,28.17,28.43,4710000,2026-01-13T03:44:29Z
INTU,2009-08-26,24.84,25.22,24.74,25.1,5104365,28.2,28.63,28.08,28.49,4497000,2026-01-13T03:44:29Z
INTU,2009-08-27,24.87,24.95,24.68,24.84,4758291,28.23,28.32,28.01,28.19,4192100,2026-01-13T03:44:29Z
INTU,2009-08-28,24.78,25.16,24.68,24.91,4188943,28.13,28.56,28.01,28.28,3690500,2026-01-13T03:44:29Z
INTU,2009-08-31,24.47,24.84,24.23,24.75,5490391,27.77,28.19,27.5,28.09,4837100,2026-01-13T03:44:29Z
INTU,2009-09-01,24.25,24.91,24.18,24.47,5801635,27.52,28.28,27.44,27.77,5111300,2026-01-13T03:44:29Z
INTU,2009-09-02,24.4,24.59,24.1,24.11,5413665,27.69,27.91,27.36,27.37,4769500,2026-01-13T03:44:29Z
INTU,2009-09-03,24.48,24.55,24.12,24.24,3140936,27.79,27.86,27.38,27.51,2767200,2026-01-13T03:44:29Z
INTU,2009-09-04,24.85,24.88,24.35,24.47,3342298,28.21,28.24,27.64,27.78,2944600,2026-01-13T03:44:29Z
INTU,2009-09-08,24.82,24.93,24.66,24.77,2755354,28.17,28.3,27.99,28.12,2427500,2026-01-13T03:44:29Z
INTU,2009-09-09,24.88,24.89,24.59,24.68,3500303,28.24,28.25,27.91,28.01,3083800,2026-01-13T03:44:29Z
INTU,2009-09-10,24.77,24.87,24.6,24.83,4273731,28.12,28.23,27.92,28.18,3765200,2026-01-13T03:44:29Z
INTU,2009-09-11,24.53,24.78,24.44,24.77,4722991,27.84,28.13,27.74,28.11,4161000,2026-01-13T03:44:29Z
INTU,2009-09-14,24.55,24.76,24.37,24.48,3229240,27.86,28.1,27.66,27.79,2845000,2026-01-13T03:44:29Z
INTU,2009-09-15,24.47,24.5,23.96,24.42,2946953,27.78,27.81,27.2,27.72,2596300,2026-01-13T03:44:29Z
INTU,2009-09-16,24.57,24.64,24.13,24.13,5575184,27.89,27.97,27.39,27.39,4911800,2026-01-13T03:44:29Z
INTU,2009-09-17,24.35,24.62,24.27,24.61,3916756,27.64,27.95,27.55,27.93,3450700,2026-01-13T03:44:29Z
INTU,2009-09-18,24.47,24.61,24.14,24.56,4233768,27.77,27.93,27.4,27.88,3730000,2026-01-13T03:44:29Z
INTU,2009-09-21,24.2,24.53,24.1,24.53,3908232,27.47,27.84,27.35,27.84,3443200,2026-01-13T03:44:29Z
INTU,2009-09-22,24.55,24.67,24.02,24.36,6023188,27.87,28,27.27,27.65,5306500,2026-01-13T03:44:29Z
INTU,2009-09-23,24.49,24.9,24.33,24.48,5293351,27.8,28.26,27.62,27.79,4663500,2026-01-13T03:44:29Z
INTU,2009-09-24,24.35,24.65,24.19,24.52,5045348,27.64,27.98,27.46,27.83,4445000,2026-01-13T03:44:29Z
INTU,2009-09-25,24.36,24.51,24.27,24.47,3498828,27.65,27.82,27.55,27.77,3082500,2026-01-13T03:44:29Z
INTU,2009-09-28,24.87,25.11,24.45,24.45,3591107,28.23,28.5,27.75,27.75,3163800,2026-01-13T03:44:29Z
INTU,2009-09-29,24.89,25.09,24.72,24.92,3126756,28.25,28.48,28.06,28.29,2754700,2026-01-13T03:44:29Z
INTU,2009-09-30,25.11,25.18,24.6,24.9,4750794,28.5,28.58,27.92,28.26,4185500,2026-01-13T03:44:29Z
INTU,2009-10-01,24.51,25.02,24.35,24.88,4071576,27.82,28.4,27.64,28.24,3587100,2026-01-13T03:44:29Z
INTU,2009-10-02,24.47,24.73,24.28,24.39,2628000,27.77,28.07,27.56,27.68,2315300,2026-01-13T03:44:29Z
INTU,2009-10-05,24.89,24.91,24.32,24.38,3525957,28.25,28.27,27.6,27.67,3106400,2026-01-13T03:44:29Z
INTU,2009-10-06,24.91,24.97,24.7,24.9,6784700,28.27,28.34,28.03,28.26,5977400,2026-01-13T03:44:29Z
INTU,2009-10-07,24.63,24.99,24.51,24.92,4880976,27.96,28.37,27.82,28.29,4300200,2026-01-13T03:44:29Z
INTU,2009-10-08,24.75,24.93,24.7,24.76,6756215,28.09,28.3,28.04,28.1,5952300,2026-01-13T03:44:29Z
INTU,2009-10-09,25.25,25.29,24.56,24.57,4982112,28.66,28.7,27.88,27.89,4389300,2026-01-13T03:44:29Z
INTU,2009-10-12,25.46,25.55,25.23,25.29,3543204,28.9,29,28.64,28.7,3121600,2026-01-13T03:44:29Z
INTU,2009-10-13,26.03,26.12,25.38,25.42,6222277,29.55,29.65,28.81,28.85,5481900,2026-01-13T03:44:29Z
INTU,2009-10-14,26.36,26.39,26.07,26.21,5575650,29.92,29.96,29.59,29.75,4912200,2026-01-13T03:44:29Z
INTU,2009-10-15,26.25,26.36,25.97,25.97,4295523,29.8,29.92,29.48,29.48,3784400,2026-01-13T03:44:29Z
INTU,2009-10-16,26.28,26.39,25.94,26.18,3988040,29.83,29.95,29.44,29.72,3513500,2026-01-13T03:44:29Z
INTU,2009-10-19,26.4,26.45,26.17,26.37,3190084,29.97,30.02,29.7,29.93,2810500,2026-01-13T03:44:29Z
INTU,2009-10-20,26.1,26.18,25.86,26.18,2931182,29.62,29.71,29.35,29.71,2582400,2026-01-13T03:44:29Z
INTU,2009-10-21,26.08,26.52,25.92,25.92,3722999,29.6,30.1,29.42,29.42,3280000,2026-01-13T03:44:29Z
INTU,2009-10-22,26.58,26.68,25.8,25.97,5513893,30.17,30.28,29.28,29.48,4857800,2026-01-13T03:44:29Z
INTU,2009-10-23,26.32,26.72,26.17,26.44,4585981,29.87,30.33,29.7,30.01,4040300,2026-01-13T03:44:29Z
INTU,2009-10-26,26.36,26.81,26.2,26.25,5101761,29.92,30.43,29.74,29.79,4494700,2026-01-13T03:44:29Z
INTU,2009-10-27,26.36,26.7,26.17,26.49,5529680,29.92,30.3,29.7,30.07,4871700,2026-01-13T03:44:29Z
INTU,2009-10-28,25.93,26.47,25.84,26.32,5124804,29.43,30.04,29.33,29.88,4515000,2026-01-13T03:44:29Z
INTU,2009-10-29,26.19,26.23,25.85,26.01,2523696,29.73,29.77,29.34,29.52,2223400,2026-01-13T03:44:29Z
INTU,2009-10-30,25.61,26.21,25.61,26.09,5817745,29.07,29.75,29.07,29.61,5125500,2026-01-13T03:44:29Z
INTU,2009-11-02,25.67,25.86,25.36,25.52,4126405,29.14,29.35,28.79,28.97,3635400,2026-01-13T03:44:29Z
INTU,2009-11-03,25.64,25.73,25.41,25.66,3173402,29.1,29.21,28.84,29.12,2795800,2026-01-13T03:44:29Z
INTU,2009-11-04,25.61,25.84,25.51,25.62,3320615,29.07,29.33,28.96,29.08,2925500,2026-01-13T03:44:29Z
INTU,2009-11-05,26.16,26.25,25.72,25.87,2098726,29.69,29.79,29.19,29.36,1849000,2026-01-13T03:44:29Z
INTU,2009-11-06,26.16,26.38,26,26.11,2406441,29.69,29.94,29.51,29.64,2120100,2026-01-13T03:44:29Z
INTU,2009-11-09,26.67,26.69,26.06,26.24,3294624,30.27,30.29,29.58,29.78,2902600,2026-01-13T03:44:29Z
INTU,2009-11-10,26.53,26.86,26.46,26.77,4274981,30.11,30.49,30.03,30.38,3766300,2026-01-13T03:44:29Z
INTU,2009-11-11,26.47,26.8,26.39,26.56,6163028,30.05,30.42,29.96,30.15,5429700,2026-01-13T03:44:29Z
INTU,2009-11-12,26.32,26.65,26.28,26.54,2488959,29.88,30.25,29.83,30.12,2192800,2026-01-13T03:44:29Z
INTU,2009-11-13,26.34,26.43,26.25,26.39,3247749,29.9,30,29.79,29.95,2861300,2026-01-13T03:44:29Z
INTU,2009-11-16,26.8,26.87,26.3,26.36,4315278,30.42,30.5,29.85,29.92,3801800,2026-01-13T03:44:29Z
INTU,2009-11-17,26.73,26.79,26.6,26.67,2577377,30.34,30.41,30.19,30.27,2270700,2026-01-13T03:44:29Z
INTU,2009-11-18,26.73,26.76,26.39,26.61,2883843,30.34,30.37,29.96,30.21,2540700,2026-01-13T03:44:29Z
INTU,2009-11-19,26.67,26.78,26.43,26.54,4848521,30.27,30.4,30,30.12,4271600,2026-01-13T03:44:29Z
INTU,2009-11-20,26.13,26.43,25.79,26.02,5125472,29.66,30,29.27,29.53,4515600,2026-01-13T03:44:29Z
INTU,2009-11-23,26.37,26.57,26.16,26.21,3204053,29.93,30.16,29.69,29.75,2822800,2026-01-13T03:44:29Z
INTU,2009-11-24,25.95,26.41,25.87,26.3,3558409,29.46,29.98,29.36,29.85,3135000,2026-01-13T03:44:29Z
INTU,2009-11-25,26.13,26.21,25.9,25.9,2427210,29.66,29.75,29.4,29.4,2138400,2026-01-13T03:44:29Z
INTU,2009-11-27,25.79,26.02,25.58,25.61,1305318,29.27,29.53,29.03,29.07,1150000,2026-01-13T03:44:29Z
INTU,2009-11-30,25.73,25.8,25.42,25.66,2836290,29.21,29.28,28.85,29.12,2498800,2026-01-13T03:44:29Z
INTU,2009-12-01,25.95,26.25,25.87,25.87,3162840,29.45,29.8,29.36,29.36,2786500,2026-01-13T03:44:29Z
INTU,2009-12-02,26.14,26.21,25.87,25.87,2249687,29.67,29.75,29.36,29.36,1982000,2026-01-13T03:44:29Z
INTU,2009-12-03,25.83,26.28,25.83,26.25,2349350,29.32,29.83,29.32,29.8,2069800,2026-01-13T03:44:29Z
INTU,2009-12-04,26.21,26.32,25.95,25.99,3784966,29.75,29.87,29.46,29.5,3334600,2026-01-13T03:44:29Z
INTU,2009-12-07,26.08,26.28,25.88,26.12,1860818,29.6,29.83,29.37,29.65,1639400,2026-01-13T03:44:29Z
