ticker,tradeDate,clsPx,hiPx,loPx,open,stockVolume,unadjClsPx,unadjHiPx,unadjLoPx,unadjOpen,unadjStockVolume,updatedAt
ISRG,2006-01-03,12.87,13.21,12.54,13.21,13345202,115.8,118.89,112.89,118.89,1482800,2021-10-08T23:26:19Z
ISRG,2006-01-04,13.56,13.56,12.89,12.91,10706401,122.06,122.08,116,116.23,1189600,2021-10-08T23:26:19Z
ISRG,2006-01-05,13.36,13.78,13.31,13.78,5812200,120.28,124,119.75,123.98,645800,2021-10-08T23:26:19Z
ISRG,2006-01-06,13.34,13.58,13.03,13.08,8691301,120.07,122.18,117.26,117.73,965700,2021-10-08T23:26:19Z
ISRG,2006-01-09,13.74,13.89,13.36,13.36,9502201,123.7,125,120.28,120.28,1055800,2021-10-08T23:26:19Z
ISRG,2006-01-10,14.25,14.33,13.64,13.67,10314001,128.24,128.95,122.78,123,1146000,2021-10-08T23:26:19Z
ISRG,2006-01-11,14.15,14.47,13.91,14.33,6207301,127.32,130.22,125.23,128.93,689700,2021-10-08T23:26:19Z
ISRG,2006-01-12,14.52,14.8,14.42,14.66,10214101,130.66,133.18,129.78,131.94,1134900,2021-10-08T23:26:19Z
ISRG,2006-01-13,14.22,14.61,14.08,14.61,6674401,127.95,131.5,126.73,131.49,741600,2021-10-08T23:26:19Z
ISRG,2006-01-17,14.57,14.6,14.01,14.18,7098301,131.09,131.41,126.08,127.6,788700,2021-10-08T23:26:19Z
ISRG,2006-01-18,14.3,14.68,14.2,14.43,6993001,128.66,132.1,127.76,129.84,777000,2021-10-08T23:26:19Z
ISRG,2006-01-19,14.75,14.85,14.34,14.43,7043401,132.73,133.68,129.06,129.85,782600,2021-10-08T23:26:19Z
ISRG,2006-01-20,14.23,14.85,14.16,14.78,8178301,128.08,133.67,127.42,133.01,908700,2021-10-08T23:26:19Z
ISRG,2006-01-23,14.4,14.59,13.96,14.35,6678901,129.58,131.31,125.66,129.14,742100,2021-10-08T23:26:19Z
ISRG,2006-01-24,14.9,15.06,14.45,14.48,6998401,134.12,135.5,130.02,130.34,777600,2021-10-08T23:26:19Z
ISRG,2006-01-25,14.7,15.39,14.54,15.36,10884601,132.29,138.52,130.9,138.28,1209400,2021-10-08T23:26:19Z
ISRG,2006-01-26,14.89,15.02,14.66,14.88,5938201,134.03,135.17,131.91,133.9,659800,2021-10-08T23:26:19Z
ISRG,2006-01-27,15.1,15.27,14.82,14.86,4609800,135.93,137.4,133.42,133.76,512200,2021-10-08T23:26:19Z
ISRG,2006-01-30,15.11,15.5,14.93,15.17,8772301,135.98,139.5,134.4,136.56,974700,2021-10-08T23:26:19Z
ISRG,2006-01-31,15.25,15.3,14.96,15.21,20820602,137.27,137.71,134.6,136.89,2313400,2021-10-08T23:26:19Z
ISRG,2006-02-01,14.41,15.33,14.3,15.28,15932703,129.66,137.94,128.66,137.56,1770300,2021-10-08T23:26:19Z
ISRG,2006-02-02,14.14,14.62,14.05,14.33,25096504,127.26,131.55,126.41,129,2788500,2021-10-08T23:26:19Z
ISRG,2006-02-03,12.74,13.84,12.37,13.06,39711604,114.69,124.55,111.37,117.54,4412400,2021-10-08T23:26:19Z
ISRG,2006-02-06,11.85,12.98,10.93,12.72,57582904,106.69,116.85,98.37,114.5,6398100,2021-10-08T23:26:19Z
ISRG,2006-02-07,11.17,12.07,10.98,11.55,28216804,100.51,108.59,98.82,103.96,3135200,2021-10-08T23:26:19Z
ISRG,2006-02-08,10.88,11.18,10.46,11.18,33344104,97.94,100.58,94.12,100.58,3704900,2021-10-08T23:26:19Z
ISRG,2006-02-09,11.28,11.53,10.78,10.85,23130002,101.5,103.74,97.03,97.67,2570000,2021-10-08T23:26:19Z
ISRG,2006-02-10,11.46,11.61,11.18,11.29,14652001,103.18,104.46,100.59,101.57,1628000,2021-10-08T23:26:19Z
ISRG,2006-02-13,11.22,11.61,11.09,11.49,10981801,101.02,104.45,99.85,103.42,1220200,2021-10-08T23:26:19Z
ISRG,2006-02-14,11.36,11.47,11.16,11.26,8927101,102.2,103.27,100.47,101.34,991900,2021-10-08T23:26:19Z
ISRG,2006-02-15,11.35,11.5,11.16,11.28,9628201,102.17,103.5,100.42,101.53,1069800,2021-10-08T23:26:19Z
ISRG,2006-02-16,11.21,11.42,11.02,11.35,10163701,100.88,102.82,99.14,102.18,1129300,2021-10-08T23:26:19Z
ISRG,2006-02-17,10.77,11.22,10.75,11.14,13511702,96.92,101,96.77,100.27,1501300,2021-10-08T23:26:19Z
ISRG,2006-02-21,10.15,10.76,9.89,10.72,33008402,91.33,96.8,89.02,96.5,3667600,2021-10-08T23:26:19Z
ISRG,2006-02-22,10.36,10.51,9.95,10.04,18253802,93.24,94.6,89.55,90.36,2028200,2021-10-08T23:26:19Z
ISRG,2006-02-23,10.1,10.4,10.03,10.4,11001601,90.89,93.58,90.25,93.58,1222400,2021-10-08T23:26:19Z
ISRG,2006-02-24,10.53,10.66,9.88,9.88,15071402,94.81,95.95,88.88,88.95,1674600,2021-10-08T23:26:19Z
ISRG,2006-02-27,10.48,10.69,10.35,10.6,7884901,94.32,96.19,93.18,95.38,876100,2021-10-08T23:26:19Z
ISRG,2006-02-28,10.02,10.54,9.94,10.52,15124501,90.2,94.86,89.5,94.64,1680500,2021-10-08T23:26:19Z
ISRG,2006-03-01,10.27,10.33,9.9,9.96,11900702,92.4,92.98,89.09,89.62,1322300,2021-10-08T23:26:19Z
ISRG,2006-03-02,10.18,10.42,10.06,10.21,11383201,91.59,93.8,90.53,91.93,1264800,2021-10-08T23:26:19Z
ISRG,2006-03-03,10.04,10.19,10.03,10.17,6766201,90.37,91.75,90.27,91.5,751800,2021-10-08T23:26:19Z
ISRG,2006-03-06,9.98,10.31,9.75,10.09,9207001,89.79,92.83,87.78,90.79,1023000,2021-10-08T23:26:19Z
ISRG,2006-03-07,9.78,10,9.68,9.93,9463501,88.03,89.97,87.13,89.39,1051500,2021-10-08T23:26:19Z
ISRG,2006-03-08,9.78,9.83,9.51,9.69,11515501,88,88.44,85.63,87.2,1279500,2021-10-08T23:26:19Z
ISRG,2006-03-09,9.89,10,9.76,9.84,9919801,89,90,87.84,88.58,1102200,2021-10-08T23:26:19Z
ISRG,2006-03-10,10.33,10.41,9.82,9.87,14805901,92.98,93.69,88.36,88.8,1645100,2021-10-08T23:26:19Z
ISRG,2006-03-13,10.45,10.64,10.32,10.33,10845901,94.07,95.76,92.88,93.01,1205100,2021-10-08T23:26:19Z
ISRG,2006-03-14,10.49,10.67,10.37,10.45,7010101,94.38,96,93.29,94.02,778900,2021-10-08T23:26:19Z
ISRG,2006-03-15,10.52,10.57,10.42,10.53,6423301,94.72,95.16,93.76,94.73,713700,2021-10-08T23:26:19Z
ISRG,2006-03-16,10.93,11.07,10.48,10.57,13582802,98.37,99.59,94.3,95.14,1509200,2021-10-08T23:26:19Z
ISRG,2006-03-17,11.57,11.65,10.95,10.98,22684502,104.15,104.84,98.51,98.84,2520500,2021-10-08T23:26:19Z
ISRG,2006-03-20,11.66,11.96,11.39,11.59,16978502,104.91,107.65,102.5,104.32,1886500,2021-10-08T23:26:19Z
ISRG,2006-03-21,11.48,11.82,11.42,11.67,8272801,103.35,106.36,102.75,105,919200,2021-10-08T23:26:19Z
ISRG,2006-03-22,11.89,11.95,11.34,11.4,12341702,107.03,107.57,102.04,102.57,1371300,2021-10-08T23:26:19Z
ISRG,2006-03-23,12.12,12.14,11.79,11.94,13106702,109.04,109.26,106.1,107.45,1456300,2021-10-08T23:26:19Z
ISRG,2006-03-24,12.45,12.49,12.04,12.17,14200201,112.06,112.45,108.33,109.52,1577800,2021-10-08T23:26:19Z
ISRG,2006-03-27,13.23,13.31,12.4,12.49,19988102,119.1,119.8,111.58,112.4,2220900,2021-10-08T23:26:19Z
ISRG,2006-03-28,13.22,13.57,13.01,13.28,21954602,118.95,122.15,117.05,119.51,2439400,2021-10-08T23:26:19Z
ISRG,2006-03-29,12.97,13.41,12.82,13.28,16555503,116.71,120.66,115.35,119.5,1839500,2021-10-08T23:26:19Z
ISRG,2006-03-30,13.18,13.34,12.82,12.86,10129501,118.66,120.03,115.4,115.75,1125500,2021-10-08T23:26:19Z
ISRG,2006-03-31,13.11,13.49,13,13.17,9943201,118,121.39,117,118.52,1104800,2021-10-08T23:26:19Z
ISRG,2006-04-03,12.67,13.32,12.61,13.32,13357802,114,119.87,113.5,119.84,1484200,2021-10-08T23:26:19Z
ISRG,2006-04-04,12.45,12.93,12.39,12.61,14880603,112.05,116.36,111.5,113.45,1653400,2021-10-08T23:26:19Z
ISRG,2006-04-05,12.43,12.61,12.28,12.49,9158401,111.88,113.5,110.54,112.38,1017600,2021-10-08T23:26:19Z
ISRG,2006-04-06,12.4,12.65,12.33,12.39,8960401,111.63,113.81,111,111.48,995600,2021-10-08T23:26:19Z
ISRG,2006-04-07,12.08,12.61,12.02,12.5,9963001,108.74,113.48,108.14,112.5,1107000,2021-10-08T23:26:19Z
ISRG,2006-04-10,12.3,12.39,12.04,12.04,8560801,110.72,111.5,108.36,108.36,951200,2021-10-08T23:26:19Z
ISRG,2006-04-11,11.78,12.41,11.68,12.3,11078101,106.01,111.65,105.11,110.7,1230900,2021-10-08T23:26:19Z
ISRG,2006-04-12,11.78,12.08,11.69,11.73,6133501,106.01,108.69,105.17,105.55,681500,2021-10-08T23:26:19Z
ISRG,2006-04-13,11.79,11.94,11.24,11.64,12292202,106.08,107.45,101.12,104.73,1365800,2021-10-08T23:26:19Z
ISRG,2006-04-17,11.6,11.88,11.42,11.75,5807700,104.36,106.94,102.8,105.77,645300,2021-10-08T23:26:19Z
ISRG,2006-04-18,11.9,11.99,11.55,11.55,9339301,107.07,107.95,103.96,103.96,1037700,2021-10-08T23:26:19Z
ISRG,2006-04-19,11.83,12.16,11.7,11.99,9941401,106.43,109.43,105.28,107.88,1104600,2021-10-08T23:26:19Z
ISRG,2006-04-20,12,12.13,11.74,11.81,5509800,107.98,109.16,105.68,106.27,612200,2021-10-08T23:26:19Z
ISRG,2006-04-21,11.87,12.1,11.83,12.1,6345901,106.82,108.86,106.48,108.86,705100,2021-10-08T23:26:19Z
ISRG,2006-04-24,12.11,12.31,11.87,11.91,8937901,108.98,110.77,106.79,107.18,993100,2021-10-08T23:26:19Z
ISRG,2006-04-25,11.96,12.22,11.78,12.06,8132400,107.65,109.97,106,108.58,903600,2021-10-08T23:26:19Z
ISRG,2006-04-26,11.99,12.08,11.67,12,7200900,107.92,108.68,105.05,107.99,800100,2021-10-08T23:26:19Z
ISRG,2006-04-27,11.46,11.98,11.35,11.89,25444804,103.17,107.84,102.19,106.98,2827200,2021-10-08T23:26:19Z
ISRG,2006-04-28,14.11,14.23,13.23,13.31,52905608,127,128.11,119.08,119.8,5878400,2021-10-08T23:26:19Z
ISRG,2006-05-01,13.99,14.43,13.9,14.24,15514201,125.95,129.88,125.1,128.16,1723800,2021-10-08T23:26:19Z
ISRG,2006-05-02,13.85,14.38,13.76,14.07,11457001,124.66,129.4,123.83,126.62,1273000,2021-10-08T23:26:19Z
ISRG,2006-05-03,13.7,14.04,13.5,14.04,12204902,123.34,126.32,121.54,126.32,1356100,2021-10-08T23:26:19Z
ISRG,2006-05-04,14.22,14.3,13.64,13.65,8804701,127.95,128.74,122.78,122.86,978300,2021-10-08T23:26:19Z
ISRG,2006-05-05,14.2,14.5,14.14,14.31,8149500,127.83,130.53,127.26,128.75,905500,2021-10-08T23:26:19Z
ISRG,2006-05-08,14.06,14.28,14.01,14.28,3795300,126.55,128.53,126.05,128.53,421700,2021-10-08T23:26:19Z
ISRG,2006-05-09,14.25,14.31,13.97,13.97,4020300,128.28,128.79,125.76,125.76,446700,2021-10-08T23:26:19Z
ISRG,2006-05-10,14.31,14.67,14.13,14.18,10405801,128.82,132,127.14,127.64,1156200,2021-10-08T23:26:19Z
ISRG,2006-05-11,13.89,14.41,13.82,14.28,7952401,125.01,129.7,124.35,128.51,883600,2021-10-08T23:26:19Z
ISRG,2006-05-12,13.11,13.89,12.97,13.81,15303601,118.02,124.99,116.76,124.3,1700400,2021-10-08T23:26:19Z
ISRG,2006-05-15,13.4,13.53,12.92,12.92,10550701,120.6,121.77,116.27,116.31,1172300,2021-10-08T23:26:19Z
ISRG,2006-05-16,13.42,13.64,13.14,13.46,5766300,120.79,122.72,118.29,121.15,640700,2021-10-08T23:26:19Z
ISRG,2006-05-17,12.83,13.37,12.8,13.25,7460101,115.43,120.29,115.16,119.25,828900,2021-10-08T23:26:19Z
ISRG,2006-05-18,12.56,13.16,12.5,12.92,8410501,113.06,118.45,112.5,116.25,934500,2021-10-08T23:26:19Z
ISRG,2006-05-19,12.88,13.12,12.44,12.67,13852801,115.91,118.1,112,113.99,1539200,2021-10-08T23:26:19Z
ISRG,2006-05-22,12.62,12.82,12.35,12.8,9458101,113.61,115.36,111.18,115.23,1050900,2021-10-08T23:26:19Z
ISRG,2006-05-23,12.17,12.87,12.13,12.75,8300701,109.55,115.8,109.17,114.78,922300,2021-10-08T23:26:19Z
ISRG,2006-05-24,12.11,12.43,11.5,12.15,14902202,109.01,111.88,103.46,109.35,1655800,2021-10-08T23:26:19Z
ISRG,2006-05-25,12.3,12.58,11.9,12.21,9983701,110.69,113.2,107.08,109.85,1109300,2021-10-08T23:26:19Z
ISRG,2006-05-26,12.53,12.65,12.17,12.33,6473701,112.76,113.83,109.56,111,719300,2021-10-08T23:26:19Z
ISRG,2006-05-30,11.99,12.51,11.97,12.5,5559300,107.94,112.57,107.77,112.5,617700,2021-10-08T23:26:19Z
ISRG,2006-05-31,12.37,12.42,11.96,12.07,6072301,111.29,111.81,107.61,108.63,674700,2021-10-08T23:26:19Z
ISRG,2006-06-01,12.65,12.65,12.2,12.44,6060601,113.89,113.89,109.84,111.97,673400,2021-10-08T23:26:19Z
ISRG,2006-06-02,13.01,13.19,12.72,12.78,8560801,117.08,118.7,114.5,115,951200,2021-10-08T23:26:19Z
ISRG,2006-06-05,12.21,12.99,12.17,12.91,7708501,109.87,116.94,109.5,116.23,856500,2021-10-08T23:26:19Z
ISRG,2006-06-06,12.01,12.35,11.78,12.24,10741501,108.06,111.17,105.99,110.17,1193500,2021-10-08T23:26:19Z
ISRG,2006-06-07,12.56,13,12.18,12.18,18792002,113.01,117.04,109.6,109.65,2088000,2021-10-08T23:26:19Z
ISRG,2006-06-08,12.71,12.74,12.22,12.49,13240802,114.35,114.7,110,112.37,1471200,2021-10-08T23:26:19Z
ISRG,2006-06-09,12.36,12.93,12.28,12.89,8164801,111.27,116.39,110.55,116,907200,2021-10-08T23:26:19Z
ISRG,2006-06-12,12.28,12.56,12.26,12.31,7464601,110.5,113.08,110.37,110.79,829400,2021-10-08T23:26:19Z
ISRG,2006-06-13,11.83,12.37,11.72,12.23,9015301,106.43,111.31,105.45,110.08,1001700,2021-10-08T23:26:19Z
ISRG,2006-06-14,11.8,12.03,11.57,11.8,7865100,106.2,108.3,104.12,106.23,873900,2021-10-08T23:26:19Z
ISRG,2006-06-15,11.98,12.06,11.81,11.96,8491501,107.84,108.5,106.33,107.66,943500,2021-10-08T23:26:19Z
ISRG,2006-06-16,11.64,11.97,11.52,11.95,14331603,104.76,107.75,103.7,107.54,1592400,2021-10-08T23:26:19Z
ISRG,2006-06-19,11.09,11.66,10.95,11.66,15426902,99.8,104.9,98.52,104.9,1714100,2021-10-08T23:26:19Z
ISRG,2006-06-20,11,11.21,10.79,11.02,11491201,98.99,100.9,97.08,99.22,1276800,2021-10-08T23:26:19Z
ISRG,2006-06-21,11.34,11.58,10.92,11.07,10951201,102.06,104.24,98.3,99.6,1216800,2021-10-08T23:26:19Z
ISRG,2006-06-22,11.62,11.69,11.15,11.32,8618401,104.62,105.18,100.39,101.88,957600,2021-10-08T23:26:19Z
ISRG,2006-06-23,11.95,12.11,11.55,11.6,10480501,107.51,108.96,103.99,104.41,1164500,2021-10-08T23:26:19Z
ISRG,2006-06-26,11.86,12.08,11.62,12.02,6064201,106.75,108.69,104.59,108.16,673800,2021-10-08T23:26:19Z
ISRG,2006-06-27,11.86,12.08,11.74,11.89,7183800,106.76,108.73,105.63,107,798200,2021-10-08T23:26:19Z
ISRG,2006-06-28,11.88,12.06,11.67,11.94,6660901,106.92,108.5,105.06,107.46,740100,2021-10-08T23:26:19Z
ISRG,2006-06-29,12.79,12.81,11.93,11.98,14323502,115.07,115.28,107.4,107.81,1591500,2021-10-08T23:26:19Z
ISRG,2006-06-30,12.78,13.11,12.45,12.89,34830004,115,117.97,112.05,115.98,3870000,2021-10-08T23:26:19Z
ISRG,2006-07-03,13.04,13.26,12.81,12.97,5067900,117.35,119.34,115.26,116.69,563100,2021-10-08T23:26:19Z
ISRG,2006-07-05,13.13,13.18,12.67,12.94,7094701,118.17,118.58,114.07,116.49,788300,2021-10-08T23:26:19Z
ISRG,2006-07-06,13.1,13.36,12.92,13.19,6525001,117.9,120.26,116.25,118.71,725000,2021-10-08T23:26:19Z
ISRG,2006-07-07,12.79,13.06,12.71,13.04,5542200,115.08,117.57,114.41,117.4,615800,2021-10-08T23:26:19Z
ISRG,2006-07-10,12.32,13.04,12.26,12.78,6901201,110.88,117.39,110.34,115,766800,2021-10-08T23:26:19Z
ISRG,2006-07-11,12.75,12.82,12.19,12.28,9115201,114.78,115.4,109.74,110.49,1012800,2021-10-08T23:26:19Z
ISRG,2006-07-12,12.47,12.9,12.43,12.7,5987701,112.19,116.12,111.86,114.29,665300,2021-10-08T23:26:19Z
ISRG,2006-07-13,12.74,13.11,12.58,12.58,14051702,114.62,118,113.23,113.23,1561300,2021-10-08T23:26:19Z
ISRG,2006-07-14,12.96,13.17,12.77,12.77,9739801,116.6,118.5,114.94,114.94,1082200,2021-10-08T23:26:19Z
ISRG,2006-07-17,12.76,13.05,12.64,12.82,6542101,114.86,117.43,113.75,115.41,726900,2021-10-08T23:26:19Z
ISRG,2006-07-18,12.91,13.06,12.62,12.85,6509701,116.17,117.56,113.57,115.62,723300,2021-10-08T23:26:19Z
ISRG,2006-07-19,13.47,13.57,12.9,12.95,13185002,121.27,122.13,116.06,116.55,1465000,2021-10-08T23:26:19Z
ISRG,2006-07-20,13.25,13.72,13.22,13.56,6982201,119.28,123.44,119.02,122,775800,2021-10-08T23:26:19Z
ISRG,2006-07-21,13.02,13.29,12.94,13.21,5842800,117.2,119.63,116.46,118.88,649200,2021-10-08T23:26:19Z
ISRG,2006-07-24,13.54,13.76,13.09,13.1,7688700,121.89,123.88,117.77,117.88,854300,2021-10-08T23:26:19Z
ISRG,2006-07-25,13.55,13.73,13.3,13.65,6457501,121.91,123.57,119.66,122.87,717500,2021-10-08T23:26:19Z
ISRG,2006-07-26,12.38,13.56,12.1,13.56,28399504,111.44,122.04,108.89,122.04,3155500,2021-10-08T23:26:19Z
ISRG,2006-07-27,11.03,11.83,10.79,11.19,45128704,99.3,106.46,97.13,100.7,5014300,2021-10-08T23:26:19Z
ISRG,2006-07-28,11.28,11.28,10.78,10.89,12447902,101.54,101.54,97,98.01,1383100,2021-10-08T23:26:19Z
ISRG,2006-07-31,10.58,11.28,10.5,11.28,18180902,95.2,101.54,94.5,101.54,2020100,2021-10-08T23:26:19Z
ISRG,2006-08-01,10.71,10.79,10.14,10.52,17221502,96.41,97.15,91.25,94.71,1913500,2021-10-08T23:26:19Z
ISRG,2006-08-02,10.88,10.98,10.71,10.74,11862902,97.93,98.86,96.4,96.62,1318100,2021-10-08T23:26:19Z
ISRG,2006-08-03,10.91,10.94,10.59,10.83,8684101,98.21,98.48,95.28,97.5,964900,2021-10-08T23:26:19Z
ISRG,2006-08-04,11.06,11.27,10.92,10.92,15592502,99.54,101.4,98.3,98.3,1732500,2021-10-08T23:26:19Z
ISRG,2006-08-07,10.79,11.06,10.59,11,8470801,97.15,99.54,95.33,99.03,941200,2021-10-08T23:26:19Z
ISRG,2006-08-08,10.79,11.08,10.7,10.83,7996501,97.13,99.68,96.32,97.5,888500,2021-10-08T23:26:19Z
ISRG,2006-08-09,10.65,11.01,10.62,10.8,6359401,95.85,99.1,95.57,97.22,706600,2021-10-08T23:26:19Z
ISRG,2006-08-10,10.6,10.65,10.25,10.57,11505601,95.42,95.83,92.27,95.11,1278400,2021-10-08T23:26:19Z
ISRG,2006-08-11,10.49,10.6,10.37,10.6,5256000,94.4,95.4,93.37,95.4,584000,2021-10-08T23:26:19Z
ISRG,2006-08-14,10.22,10.61,10.21,10.61,7295401,92.02,95.47,91.89,95.47,810600,2021-10-08T23:26:19Z
ISRG,2006-08-15,10.62,10.72,10.21,10.31,8040601,95.56,96.44,91.91,92.77,893400,2021-10-08T23:26:19Z
ISRG,2006-08-16,10.77,10.77,10.49,10.69,6283801,96.95,96.95,94.45,96.17,698200,2021-10-08T23:26:19Z
ISRG,2006-08-17,10.78,10.88,10.63,10.74,6220801,97,97.89,95.7,96.7,691200,2021-10-08T23:26:19Z
ISRG,2006-08-18,10.75,10.81,10.64,10.78,4789800,96.76,97.26,95.73,97,532200,2021-10-08T23:26:19Z
ISRG,2006-08-21,10.71,10.81,10.68,10.72,3411900,96.43,97.28,96.11,96.44,379100,2021-10-08T23:26:19Z
ISRG,2006-08-22,10.52,10.77,10.44,10.67,6129001,94.64,96.91,93.94,96.03,681000,2021-10-08T23:26:19Z
ISRG,2006-08-23,10.22,10.58,10.19,10.52,7852501,91.95,95.25,91.71,94.7,872500,2021-10-08T23:26:19Z
ISRG,2006-08-24,10.44,10.51,10.04,10.21,7221601,94,94.63,90.4,91.85,802400,2021-10-08T23:26:19Z
ISRG,2006-08-25,10.23,10.49,10.17,10.39,5774400,92.1,94.4,91.55,93.5,641600,2021-10-08T23:26:19Z
ISRG,2006-08-28,10.36,10.44,10.21,10.21,4205700,93.21,93.93,91.85,91.85,467300,2021-10-08T23:26:19Z
ISRG,2006-08-29,10.26,10.43,10.13,10.41,5852700,92.33,93.9,91.19,93.67,650300,2021-10-08T23:26:19Z
ISRG,2006-08-30,10.27,10.34,10.12,10.3,3594600,92.41,93.1,91.12,92.71,399400,2021-10-08T23:26:19Z
ISRG,2006-08-31,10.49,10.56,10.18,10.3,5282100,94.4,95,91.64,92.72,586900,2021-10-08T23:26:19Z
ISRG,2006-09-01,10.56,10.59,10.42,10.56,4467600,95.05,95.32,93.75,95.07,496400,2021-10-08T23:26:19Z
ISRG,2006-09-05,10.67,10.7,10.42,10.56,4996800,96.06,96.34,93.81,95,555200,2021-10-08T23:26:19Z
ISRG,2006-09-06,10.56,10.68,10.51,10.65,5381100,95.03,96.14,94.59,95.83,597900,2021-10-08T23:26:19Z
ISRG,2006-09-07,10.52,10.65,10.44,10.51,5910300,94.68,95.83,94,94.6,656700,2021-10-08T23:26:19Z
ISRG,2006-09-08,10.37,10.63,10.36,10.58,3315600,93.34,95.69,93.22,95.25,368400,2021-10-08T23:26:19Z
ISRG,2006-09-11,10.44,10.48,10.26,10.36,4682700,93.96,94.34,92.32,93.21,520300,2021-10-08T23:26:19Z
ISRG,2006-09-12,10.57,10.61,10.38,10.48,5667300,95.15,95.53,93.46,94.34,629700,2021-10-08T23:26:19Z
ISRG,2006-09-13,11.08,11.11,10.5,10.5,11289601,99.74,100.01,94.54,94.54,1254400,2021-10-08T23:26:19Z
ISRG,2006-09-14,10.82,11.33,10.78,11.11,13356002,97.37,101.97,97.05,100.03,1484000,2021-10-08T23:26:19Z
ISRG,2006-09-15,11.04,11.11,10.73,10.78,12155402,99.38,100,96.55,97.06,1350600,2021-10-08T23:26:19Z
ISRG,2006-09-18,11.39,11.61,11.29,11.29,12733202,102.49,104.45,101.61,101.61,1414800,2021-10-08T23:26:19Z
ISRG,2006-09-19,11.39,11.44,11.04,11.41,8585101,102.5,103,99.37,102.66,953900,2021-10-08T23:26:19Z
ISRG,2006-09-20,11.29,11.5,11.23,11.44,6460201,101.64,103.48,101.1,103,717800,2021-10-08T23:26:19Z
ISRG,2006-09-21,11.49,11.65,11.29,11.38,7038001,103.39,104.81,101.65,102.44,782000,2021-10-08T23:26:19Z
ISRG,2006-09-22,11.37,11.45,11.26,11.45,3252600,102.36,103.03,101.34,103.03,361400,2021-10-08T23:26:19Z
ISRG,2006-09-25,11.59,11.7,11.32,11.45,5921100,104.28,105.28,101.9,103.03,657900,2021-10-08T23:26:19Z
ISRG,2006-09-26,11.62,11.71,11.47,11.64,4421700,104.54,105.38,103.25,104.75,491300,2021-10-08T23:26:19Z
ISRG,2006-09-27,12.12,12.19,11.54,11.54,15785103,109.09,109.69,103.82,103.89,1753900,2021-10-08T23:26:19Z
ISRG,2006-09-28,11.98,12.12,11.84,12.12,8649001,107.85,109.11,106.54,109.1,961000,2021-10-08T23:26:19Z
ISRG,2006-09-29,11.72,12.22,11.7,12.06,7004700,105.45,109.94,105.26,108.55,778300,2021-10-08T23:26:19Z
ISRG,2006-10-02,11.39,11.78,11.37,11.69,8758801,102.51,106.03,102.32,105.21,973200,2021-10-08T23:26:19Z
ISRG,2006-10-03,11.4,11.5,11.25,11.36,5971501,102.6,103.48,101.27,102.27,663500,2021-10-08T23:26:19Z
ISRG,2006-10-04,11.58,11.63,11.28,11.37,5822100,104.24,104.68,101.51,102.34,646900,2021-10-08T23:26:19Z
ISRG,2006-10-05,11.84,11.92,11.55,11.55,5859000,106.58,107.29,103.91,103.91,651000,2021-10-08T23:26:19Z
ISRG,2006-10-06,11.8,12.04,11.75,12.01,6444901,106.22,108.4,105.75,108.1,716100,2021-10-08T23:26:19Z
ISRG,2006-10-09,12.03,12.38,11.72,11.8,9666001,108.24,111.41,105.5,106.23,1074000,2021-10-08T23:26:19Z
ISRG,2006-10-10,12.11,12.23,11.89,12.07,7129800,108.96,110.11,107,108.59,792200,2021-10-08T23:26:19Z
ISRG,2006-10-11,12.21,12.22,11.99,12.06,6295501,109.92,109.95,107.87,108.53,699500,2021-10-08T23:26:19Z
ISRG,2006-10-12,12.44,12.68,12.26,12.37,12108602,111.98,114.11,110.34,111.33,1345400,2021-10-08T23:26:19Z
ISRG,2006-10-13,12.45,12.64,12.39,12.46,4410000,112.08,113.77,111.48,112.11,490000,2021-10-08T23:26:19Z
ISRG,2006-10-16,12.41,12.57,12.36,12.5,4777200,111.66,113.09,111.26,112.47,530800,2021-10-08T23:26:19Z
ISRG,2006-10-17,12.02,12.39,11.98,12.38,8021700,108.15,111.55,107.84,111.4,891300,2021-10-08T23:26:19Z
ISRG,2006-10-18,11.92,12.14,11.84,12.03,7764300,107.32,109.22,106.56,108.31,862700,2021-10-08T23:26:19Z
ISRG,2006-10-19,12.02,12.09,11.86,11.88,2826000,108.2,108.85,106.76,106.91,314000,2021-10-08T23:26:19Z
ISRG,2006-10-20,11.97,12.07,11.9,12,4084200,107.73,108.63,107.06,107.99,453800,2021-10-08T23:26:19Z
ISRG,2006-10-23,12.26,12.28,11.78,11.91,5960701,110.38,110.55,106.05,107.19,662300,2021-10-08T23:26:19Z
ISRG,2006-10-24,12.12,12.26,12,12.23,4069800,109.06,110.38,108,110.04,452200,2021-10-08T23:26:19Z
ISRG,2006-10-25,11.92,12.17,11.9,12.17,6503401,107.27,109.51,107.1,109.51,722600,2021-10-08T23:26:19Z
ISRG,2006-10-26,12.46,13.19,11.92,12.05,30507302,112.16,118.72,107.28,108.41,3389700,2021-10-08T23:26:19Z
ISRG,2006-10-27,11.19,11.83,11.04,11.47,48389408,100.68,106.44,99.34,103.24,5376600,2021-10-08T23:26:19Z
ISRG,2006-10-30,11.19,11.28,10.82,11.07,13382102,100.7,101.54,97.4,99.59,1486900,2021-10-08T23:26:19Z
ISRG,2006-10-31,11.02,11.21,10.97,11.18,8198101,99.18,100.88,98.74,100.64,910900,2021-10-08T23:26:19Z
ISRG,2006-11-01,10.79,11.13,10.76,11,9426601,97.15,100.2,96.87,99,1047400,2021-10-08T23:26:19Z
ISRG,2006-11-02,10.8,10.97,10.75,10.76,4605300,97.16,98.7,96.72,96.83,511700,2021-10-08T23:26:19Z
ISRG,2006-11-03,10.73,10.83,10.63,10.78,5940901,96.6,97.46,95.64,97.04,660100,2021-10-08T23:26:19Z
ISRG,2006-11-06,11.09,11.22,10.75,10.75,10636201,99.85,101,96.72,96.72,1181800,2021-10-08T23:26:19Z
ISRG,2006-11-07,10.98,11.31,10.9,11.12,7565401,98.78,101.79,98.09,100.04,840600,2021-10-08T23:26:19Z
ISRG,2006-11-08,10.88,11.06,10.82,10.89,6941701,97.9,99.5,97.36,98,771300,2021-10-08T23:26:19Z
ISRG,2006-11-09,10.72,10.88,10.7,10.83,6883201,96.47,97.95,96.32,97.5,764800,2021-10-08T23:26:19Z
ISRG,2006-11-10,10.82,10.88,10.67,10.72,6759901,97.35,97.9,96,96.47,751100,2021-10-08T23:26:19Z
ISRG,2006-11-13,10.58,10.79,10.53,10.7,11033101,95.22,97.08,94.8,96.34,1225900,2021-10-08T23:26:19Z
ISRG,2006-11-14,10.58,10.66,10.51,10.59,7709401,95.25,95.9,94.55,95.34,856600,2021-10-08T23:26:19Z
ISRG,2006-11-15,10.58,10.68,10.47,10.55,10619101,95.2,96.1,94.25,94.99,1179900,2021-10-08T23:26:19Z
ISRG,2006-11-16,10.53,10.65,10.46,10.64,8430301,94.8,95.86,94.14,95.77,936700,2021-10-08T23:26:19Z
ISRG,2006-11-17,10.64,10.68,10.44,10.47,12579302,95.79,96.1,93.92,94.27,1397700,2021-10-08T23:26:19Z
ISRG,2006-11-20,11.05,11.33,10.69,10.69,20818802,99.45,101.93,96.17,96.17,2313200,2021-10-08T23:26:19Z
ISRG,2006-11-21,10.99,11.1,10.9,11.08,6294601,98.9,99.94,98.08,99.7,699400,2021-10-08T23:26:19Z
ISRG,2006-11-22,10.91,11.04,10.79,11.04,4815900,98.19,99.35,97.09,99.35,535100,2021-10-08T23:26:19Z
ISRG,2006-11-24,11.01,11.02,10.78,10.86,2038500,99.06,99.22,97.01,97.75,226500,2021-10-08T23:26:19Z
ISRG,2006-11-27,11.03,11.33,10.97,11.18,9737101,99.23,102,98.7,100.61,1081900,2021-10-08T23:26:19Z
ISRG,2006-11-28,11.42,11.5,10.96,11.02,12296702,102.8,103.5,98.67,99.14,1366300,2021-10-08T23:26:19Z
ISRG,2006-11-29,11.36,11.62,11.14,11.43,8193600,102.23,104.58,100.25,102.9,910400,2021-10-08T23:26:19Z
ISRG,2006-11-30,11.29,11.39,11.16,11.36,4428900,101.62,102.53,100.42,102.24,492100,2021-10-08T23:26:19Z
ISRG,2006-12-01,11.28,11.35,11.09,11.32,5880600,101.55,102.13,99.83,101.9,653400,2021-10-08T23:26:19Z
ISRG,2006-12-04,11.37,11.5,11.25,11.28,5148000,102.29,103.5,101.21,101.56,572000,2021-10-08T23:26:19Z
ISRG,2006-12-05,11.31,11.43,11.26,11.43,4733100,101.75,102.88,101.36,102.88,525900,2021-10-08T23:26:19Z
ISRG,2006-12-06,11.54,11.56,11.28,11.31,6892201,103.87,104.07,101.52,101.8,765800,2021-10-08T23:26:19Z
ISRG,2006-12-07,11.71,11.83,11.47,11.6,7922701,105.41,106.49,103.27,104.44,880300,2021-10-08T23:26:19Z
ISRG,2006-12-08,11.66,11.89,11.64,11.7,7830001,104.97,106.98,104.75,105.34,870000,2021-10-08T23:26:19Z
ISRG,2006-12-11,11.83,11.94,11.71,11.73,5661900,106.48,107.5,105.35,105.57,629100,2021-10-08T23:26:19Z
ISRG,2006-12-12,11.74,11.91,11.65,11.8,5645700,105.66,107.2,104.87,106.2,627300,2021-10-08T23:26:19Z
ISRG,2006-12-13,11.54,11.78,11.49,11.75,7372801,103.9,106.03,103.37,105.79,819200,2021-10-08T23:26:19Z
ISRG,2006-12-14,11.52,11.74,11.48,11.53,4741200,103.69,105.69,103.33,103.76,526800,2021-10-08T23:26:19Z
ISRG,2006-12-15,11.54,11.72,11.45,11.58,6817501,103.87,105.5,103.07,104.22,757500,2021-10-08T23:26:19Z
ISRG,2006-12-18,11.34,11.67,11.33,11.61,5301000,102.05,105,101.94,104.48,589000,2021-10-08T23:26:19Z
ISRG,2006-12-19,11.28,11.33,11.13,11.3,6433201,101.5,102,100.16,101.69,714800,2021-10-08T23:26:19Z
ISRG,2006-12-20,11.16,11.35,11.14,11.28,4722300,100.44,102.12,100.29,101.52,524700,2021-10-08T23:26:19Z
ISRG,2006-12-21,11,11.2,10.97,11.15,6795001,98.96,100.8,98.77,100.38,755000,2021-10-08T23:26:19Z
ISRG,2006-12-22,10.78,11.08,10.76,11,7581601,97.02,99.74,96.83,99,842400,2021-10-08T23:26:19Z
ISRG,2006-12-26,10.72,10.8,10.7,10.78,4814100,96.46,97.21,96.26,97.02,534900,2021-10-08T23:26:19Z
ISRG,2006-12-27,10.78,10.94,10.73,10.78,5679900,96.99,98.5,96.54,97.03,631100,2021-10-08T23:26:19Z
ISRG,2006-12-28,10.75,10.79,10.68,10.72,5502600,96.73,97.15,96.09,96.5,611400,2021-10-08T23:26:19Z
ISRG,2006-12-29,10.66,10.83,10.63,10.73,4241700,95.9,97.47,95.64,96.6,471300,2021-10-08T23:26:19Z
ISRG,2007-01-03,10.5,10.88,10.34,10.78,8611201,94.48,97.89,93.03,97.04,956800,2021-10-08T23:26:19Z
ISRG,2007-01-04,10.58,10.65,10.46,10.46,6487201,95.2,95.89,94.15,94.17,720800,2021-10-08T23:26:19Z
ISRG,2007-01-05,10.45,10.66,10.39,10.56,8811001,94.08,95.93,93.52,95.08,979000,2021-10-08T23:26:19Z
ISRG,2007-01-08,10.13,10.43,10.09,10.41,14655603,91.2,93.91,90.81,93.67,1628400,2021-10-08T23:26:19Z
ISRG,2007-01-09,9.93,10.23,9.87,10.12,14281202,89.37,92.04,88.79,91.04,1586800,2021-10-08T23:26:19Z
ISRG,2007-01-10,9.68,9.92,9.63,9.89,17466302,87.11,89.31,86.68,89,1940700,2021-10-08T23:26:19Z
ISRG,2007-01-11,10.14,10.17,9.58,9.64,16527602,91.24,91.51,86.2,86.8,1836400,2021-10-08T23:26:19Z
ISRG,2007-01-12,10.45,10.53,10.21,10.21,15316202,94.03,94.79,91.92,91.92,1701800,2021-10-08T23:26:19Z
ISRG,2007-01-16,10.35,10.52,10.31,10.52,7204501,93.11,94.72,92.81,94.72,800500,2021-10-08T23:26:19Z
ISRG,2007-01-17,10.53,10.56,10.29,10.33,9243001,94.75,95,92.62,92.96,1027000,2021-10-08T23:26:19Z
ISRG,2007-01-18,10.4,10.58,10.37,10.53,8494201,93.56,95.26,93.34,94.78,943800,2021-10-08T23:26:19Z
ISRG,2007-01-19,10.38,10.44,10.31,10.37,6073201,93.41,93.99,92.76,93.3,674800,2021-10-08T23:26:19Z
ISRG,2007-01-22,10.79,10.83,10.46,10.52,10730701,97.08,97.47,94.13,94.7,1192300,2021-10-08T23:26:19Z
ISRG,2007-01-23,10.84,10.98,10.71,10.79,8095500,97.6,98.81,96.4,97.09,899500,2021-10-08T23:26:19Z
ISRG,2007-01-24,10.76,10.89,10.72,10.87,4690800,96.86,98,96.47,97.8,521200,2021-10-08T23:26:19Z
ISRG,2007-01-25,10.57,10.76,10.49,10.76,5553000,95.16,96.87,94.4,96.86,617000,2021-10-08T23:26:19Z
ISRG,2007-01-26,10.55,10.65,10.41,10.59,5083200,94.98,95.82,93.73,95.33,564800,2021-10-08T23:26:19Z
ISRG,2007-01-29,10.84,10.85,10.51,10.59,5310000,97.52,97.68,94.59,95.33,590000,2021-10-08T23:26:19Z
ISRG,2007-01-30,10.91,10.94,10.6,10.78,10636201,98.2,98.45,95.44,97.06,1181800,2021-10-08T23:26:19Z
ISRG,2007-01-31,10.93,11.02,10.74,10.92,7065900,98.41,99.19,96.65,98.24,785100,2021-10-08T23:26:19Z
ISRG,2007-02-01,11.04,11.1,10.93,11.02,19923302,99.32,99.86,98.38,99.14,2213700,2021-10-08T23:26:19Z
ISRG,2007-02-02,12.97,13.11,12.62,12.78,44846104,116.77,117.97,113.54,115,4982900,2021-10-08T23:26:19Z
ISRG,2007-02-05,12.76,13,12.7,12.9,11392201,114.85,117,114.28,116.06,1265800,2021-10-08T23:26:19Z
ISRG,2007-02-06,12.83,12.92,12.64,12.73,8333100,115.5,116.3,113.75,114.54,925900,2021-10-08T23:26:19Z
ISRG,2007-02-07,12.73,12.97,12.6,12.79,8592301,114.53,116.71,113.37,115.14,954700,2021-10-08T23:26:19Z
ISRG,2007-02-08,12.72,12.8,12.56,12.71,4354200,114.52,115.21,113.04,114.37,483800,2021-10-08T23:26:19Z
ISRG,2007-02-09,12.45,12.83,12.32,12.68,8560801,112.06,115.5,110.85,114.16,951200,2021-10-08T23:26:19Z
ISRG,2007-02-12,12.61,12.63,12.25,12.45,6930001,113.5,113.7,110.22,112.04,770000,2021-10-08T23:26:19Z
ISRG,2007-02-13,12.58,12.72,12.44,12.57,5373900,113.2,114.45,112,113.15,597100,2021-10-08T23:26:19Z
ISRG,2007-02-14,12.65,12.78,12.54,12.54,5081400,113.84,115,112.84,112.85,564600,2021-10-08T23:26:19Z
ISRG,2007-02-15,12.52,12.7,12.46,12.64,5684400,112.66,114.29,112.18,113.79,631600,2021-10-08T23:26:19Z
ISRG,2007-02-16,12.71,12.72,12.46,12.47,5598900,114.41,114.5,112.17,112.21,622100,2021-10-08T23:26:19Z
ISRG,2007-02-20,12.78,12.85,12.64,12.72,5541300,115,115.65,113.75,114.47,615700,2021-10-08T23:26:19Z
ISRG,2007-02-21,12.76,12.94,12.72,12.76,4821300,114.88,116.43,114.5,114.83,535700,2021-10-08T23:26:19Z
ISRG,2007-02-22,12.63,12.79,12.52,12.78,3857400,113.69,115.12,112.7,115,428600,2021-10-08T23:26:19Z
ISRG,2007-02-23,12.56,12.65,12.49,12.63,3895200,113.08,113.85,112.39,113.67,432800,2021-10-08T23:26:19Z
ISRG,2007-02-26,12.58,12.71,12.39,12.66,3883500,113.25,114.4,111.5,113.91,431500,2021-10-08T23:26:19Z
ISRG,2007-02-27,12.17,12.44,12.13,12.4,7661700,109.51,111.96,109.2,111.58,851300,2021-10-08T23:26:19Z
ISRG,2007-02-28,12.34,12.4,11.91,12.18,8858701,111.1,111.63,107.2,109.58,984300,2021-10-08T23:26:19Z
ISRG,2007-03-01,12.11,12.22,11.84,12.12,8492401,109,110,106.55,109.08,943600,2021-10-08T23:26:19Z
ISRG,2007-03-02,11.95,12.17,11.92,12.11,5165100,107.52,109.49,107.3,108.99,573900,2021-10-08T23:26:19Z
ISRG,2007-03-05,11.58,11.94,11.56,11.78,8245801,104.23,107.5,104.07,106.01,916200,2021-10-08T23:26:19Z
ISRG,2007-03-06,12.06,12.2,11.7,11.77,13293002,108.52,109.83,105.32,105.96,1477000,2021-10-08T23:26:19Z
ISRG,2007-03-07,12.03,12.14,11.94,12.06,5405400,108.24,109.27,107.5,108.56,600600,2021-10-08T23:26:19Z
ISRG,2007-03-08,12.21,12.37,12.14,12.14,6056101,109.92,111.31,109.26,109.3,672900,2021-10-08T23:26:19Z
ISRG,2007-03-09,12.31,12.56,12.27,12.38,4684500,110.75,113,110.4,111.41,520500,2021-10-08T23:26:19Z
ISRG,2007-03-12,12.25,12.33,12.12,12.25,3076200,110.24,110.95,109.12,110.26,341800,2021-10-08T23:26:19Z
ISRG,2007-03-13,11.99,12.27,11.98,12.11,5118300,107.9,110.44,107.85,109,568700,2021-10-08T23:26:19Z
ISRG,2007-03-14,12.1,12.12,11.82,11.98,4540500,108.92,109.1,106.37,107.8,504500,2021-10-08T23:26:19Z
ISRG,2007-03-15,12.4,12.5,12.11,12.11,7052401,111.59,112.5,108.99,109.02,783600,2021-10-08T23:26:19Z
ISRG,2007-03-16,12.41,12.58,12.32,12.38,9032401,111.67,113.25,110.85,111.38,1003600,2021-10-08T23:26:19Z
ISRG,2007-03-19,12.69,12.92,12.41,12.51,10387801,114.23,116.25,111.67,112.56,1154200,2021-10-08T23:26:19Z
ISRG,2007-03-20,12.85,12.91,12.69,12.74,4913100,115.63,116.18,114.24,114.66,545900,2021-10-08T23:26:19Z
ISRG,2007-03-21,12.91,12.93,12.79,12.88,6244201,116.2,116.33,115.1,115.92,693800,2021-10-08T23:26:19Z
ISRG,2007-03-22,13.41,13.63,12.93,12.93,17381702,120.66,122.71,116.36,116.36,1931300,2021-10-08T23:26:19Z
ISRG,2007-03-23,13.52,13.6,13.29,13.31,6898501,121.67,122.43,119.64,119.81,766500,2021-10-08T23:26:19Z
ISRG,2007-03-26,13.71,13.71,13.35,13.53,7764300,123.38,123.4,120.19,121.76,862700,2021-10-08T23:26:19Z
ISRG,2007-03-27,13.7,13.89,13.61,13.71,7453801,123.31,125,122.51,123.38,828200,2021-10-08T23:26:19Z
ISRG,2007-03-28,13.6,13.83,13.53,13.61,6523201,122.37,124.49,121.76,122.5,724800,2021-10-08T23:26:19Z
ISRG,2007-03-29,13.67,13.83,13.47,13.82,3838500,123.01,124.44,121.23,124.34,426500,2021-10-08T23:26:19Z
ISRG,2007-03-30,13.51,13.72,13.4,13.71,4151700,121.57,123.49,120.6,123.35,461300,2021-10-08T23:26:19Z
ISRG,2007-04-02,13.55,13.64,13.46,13.51,3330000,121.94,122.76,121.12,121.56,370000,2021-10-08T23:26:19Z
ISRG,2007-04-03,13.7,13.82,13.56,13.58,5441400,123.27,124.41,122.07,122.21,604600,2021-10-08T23:26:19Z
ISRG,2007-04-04,13.9,13.96,13.67,13.72,6192901,125.12,125.67,123,123.47,688100,2021-10-08T23:26:19Z
ISRG,2007-04-05,13.84,13.95,13.7,13.9,4067100,124.52,125.51,123.33,125.11,451900,2021-10-08T23:26:19Z
ISRG,2007-04-09,13.75,13.94,13.72,13.77,3961800,123.77,125.45,123.5,123.9,440200,2021-10-08T23:26:19Z
ISRG,2007-04-10,13.65,13.78,13.6,13.73,4117500,122.82,124,122.36,123.59,457500,2021-10-08T23:26:19Z
ISRG,2007-04-11,13.67,13.78,13.5,13.67,6213601,123.01,124.05,121.46,123.05,690400,2021-10-08T23:26:19Z
ISRG,2007-04-12,13.69,13.76,13.52,13.66,3465000,123.19,123.82,121.67,122.98,385000,2021-10-08T23:26:19Z
ISRG,2007-04-13,13.86,13.93,13.68,13.75,5481000,124.74,125.37,123.09,123.72,609000,2021-10-08T23:26:19Z
ISRG,2007-04-16,13.94,14.2,13.91,13.95,6749101,125.49,127.77,125.2,125.54,749900,2021-10-08T23:26:19Z
ISRG,2007-04-17,13.92,14.05,13.87,14.04,4999500,125.25,126.43,124.87,126.35,555500,2021-10-08T23:26:19Z
ISRG,2007-04-18,13.61,14.07,13.51,13.98,8517601,122.51,126.65,121.61,125.85,946400,2021-10-08T23:26:19Z
ISRG,2007-04-19,13.47,13.63,13.39,13.59,13576502,121.19,122.69,120.54,122.29,1508500,2021-10-08T23:26:19Z
ISRG,2007-04-20,14.64,14.96,14.22,14.22,39360604,131.75,134.6,127.99,127.99,4373400,2021-10-08T23:26:19Z
ISRG,2007-04-23,14.92,15.06,14.58,14.64,13648502,134.25,135.56,131.23,131.76,1516500,2021-10-08T23:26:19Z
ISRG,2007-04-24,14.82,14.89,14.55,14.76,8930701,133.41,133.99,130.97,132.83,992300,2021-10-08T23:26:19Z
ISRG,2007-04-25,14.86,15.08,14.67,14.81,8100001,133.73,135.7,132,133.3,900000,2021-10-08T23:26:19Z
ISRG,2007-04-26,14.88,14.92,14.72,14.79,4584600,133.94,134.32,132.45,133.15,509400,2021-10-08T23:26:19Z
ISRG,2007-04-27,14.81,14.83,14.64,14.79,5184900,133.31,133.46,131.8,133.14,576100,2021-10-08T23:26:19Z
ISRG,2007-04-30,14.41,14.81,14.36,14.73,6490801,129.66,133.3,129.25,132.6,721200,2021-10-08T23:26:19Z
ISRG,2007-05-01,14.56,14.57,14.19,14.53,6912001,131.07,131.16,127.74,130.78,768000,2021-10-08T23:26:19Z
ISRG,2007-05-02,14.9,14.91,14.51,14.57,5994901,134.08,134.16,130.58,131.1,666100,2021-10-08T23:26:19Z
ISRG,2007-05-03,15.05,15.13,14.78,14.94,8143201,135.45,136.21,133,134.5,904800,2021-10-08T23:26:19Z
ISRG,2007-05-04,14.88,15.06,14.74,15.06,6731101,133.94,135.5,132.68,135.5,747900,2021-10-08T23:26:19Z
ISRG,2007-05-07,14.94,15.03,14.78,14.82,5231700,134.45,135.31,133,133.39,581300,2021-10-08T23:26:19Z
ISRG,2007-05-08,14.94,14.97,14.71,14.83,5733000,134.47,134.75,132.42,133.47,637000,2021-10-08T23:26:19Z
ISRG,2007-05-09,15,15.1,14.81,14.84,5067900,135.01,135.9,133.3,133.57,563100,2021-10-08T23:26:19Z
ISRG,2007-05-10,14.53,15,14.45,15,8439301,130.81,135,130.07,134.98,937700,2021-10-08T23:26:19Z
ISRG,2007-05-11,14.54,14.74,14.34,14.59,5013900,130.9,132.66,129.03,131.35,557100,2021-10-08T23:26:19Z
ISRG,2007-05-14,14.47,14.69,14.4,14.49,3016800,130.22,132.24,129.56,130.4,335200,2021-10-08T23:26:19Z
ISRG,2007-05-15,14.46,14.61,14.44,14.47,4699800,130.18,131.47,129.92,130.25,522200,2021-10-08T23:26:19Z
ISRG,2007-05-16,14.37,14.64,14.18,14.59,6102901,129.35,131.78,127.66,131.27,678100,2021-10-08T23:26:19Z
ISRG,2007-05-17,14.36,14.46,14.23,14.35,3474000,129.27,130.11,128.05,129.17,386000,2021-10-08T23:26:19Z
ISRG,2007-05-18,14.74,14.78,14.41,14.56,7395301,132.64,132.98,129.67,131,821700,2021-10-08T23:26:19Z
ISRG,2007-05-21,14.77,14.84,14.63,14.71,5324400,132.92,133.6,131.7,132.38,591600,2021-10-08T23:26:19Z
ISRG,2007-05-22,14.84,14.95,14.63,14.74,4878000,133.59,134.59,131.65,132.69,542000,2021-10-08T23:26:19Z
ISRG,2007-05-23,15.23,15.53,14.82,14.89,13323602,137.09,139.81,133.34,133.98,1480400,2021-10-08T23:26:19Z
ISRG,2007-05-24,15.17,15.63,15,15.17,8037001,136.56,140.68,135,136.5,893000,2021-10-08T23:26:19Z
ISRG,2007-05-25,15.22,15.36,15.11,15.2,4874400,136.99,138.2,136.01,136.82,541600,2021-10-08T23:26:19Z
ISRG,2007-05-29,15.19,15.29,15.14,15.22,3383100,136.7,137.61,136.25,137,375900,2021-10-08T23:26:19Z
ISRG,2007-05-30,15.3,15.3,14.96,15.15,3557700,137.69,137.7,134.64,136.36,395300,2021-10-08T23:26:19Z
ISRG,2007-05-31,15.29,15.76,15.2,15.31,6530401,137.63,141.8,136.79,137.77,725600,2021-10-08T23:26:19Z
ISRG,2007-06-01,15.45,15.52,15.29,15.43,3917700,139.03,139.7,137.6,138.9,435300,2021-10-08T23:26:19Z
ISRG,2007-06-04,15.93,16,15.54,15.65,9056701,143.39,143.98,139.9,140.82,1006300,2021-10-08T23:26:19Z
ISRG,2007-06-05,15.85,16.24,15.82,15.91,8228701,142.69,146.2,142.39,143.18,914300,2021-10-08T23:26:19Z
ISRG,2007-06-06,15.63,15.93,15.63,15.84,5195700,140.71,143.37,140.7,142.58,577300,2021-10-08T23:26:19Z
ISRG,2007-06-07,15.26,15.73,15.22,15.62,6139801,137.33,141.53,137.01,140.61,682200,2021-10-08T23:26:19Z
ISRG,2007-06-08,15.44,15.58,15.12,15.19,7026301,139,140.25,136.11,136.7,780700,2021-10-08T23:26:19Z
ISRG,2007-06-11,15.59,15.73,15.45,15.52,3726000,140.31,141.61,139.05,139.72,414000,2021-10-08T23:26:19Z
ISRG,2007-06-12,15.33,15.61,15.23,15.59,4915800,137.94,140.5,137.1,140.32,546200,2021-10-08T23:26:19Z
ISRG,2007-06-13,15.56,15.61,15.32,15.45,6707701,140.08,140.52,137.84,139.02,745300,2021-10-08T23:26:19Z
ISRG,2007-06-14,15.7,15.79,15.53,15.55,10299601,141.26,142.11,139.8,139.95,1144400,2021-10-08T23:26:19Z
ISRG,2007-06-15,15.62,15.86,15.55,15.85,6714901,140.56,142.75,139.94,142.62,746100,2021-10-08T23:26:19Z
ISRG,2007-06-18,15.65,15.75,15.56,15.62,3428100,140.84,141.72,140.04,140.57,380900,2021-10-08T23:26:19Z
ISRG,2007-06-19,15.65,15.86,15.52,15.53,4071600,140.84,142.75,139.7,139.8,452400,2021-10-08T23:26:19Z
ISRG,2007-06-20,15.42,15.83,15.38,15.79,5175000,138.76,142.48,138.41,142.07,575000,2021-10-08T23:26:19Z
ISRG,2007-06-21,15.44,15.58,15.27,15.4,3664800,138.98,140.2,137.45,138.57,407200,2021-10-08T23:26:19Z
ISRG,2007-06-22,15.28,15.53,15.22,15.39,4329000,137.55,139.73,137.01,138.5,481000,2021-10-08T23:26:19Z
ISRG,2007-06-25,15.17,15.49,15.11,15.39,4338000,136.5,139.42,135.95,138.52,482000,2021-10-08T23:26:19Z
ISRG,2007-06-26,15.08,15.33,15,15.17,5526000,135.73,138.01,135.04,136.51,614000,2021-10-08T23:26:19Z
ISRG,2007-06-27,15.45,15.46,15,15.02,3618000,139.02,139.1,135.04,135.18,402000,2021-10-08T23:26:19Z
ISRG,2007-06-28,15.39,15.58,15.34,15.45,3380400,138.5,140.21,138.04,139.02,375600,2021-10-08T23:26:19Z
ISRG,2007-06-29,15.42,15.58,15.32,15.49,3471300,138.77,140.2,137.87,139.41,385700,2021-10-08T23:26:19Z
ISRG,2007-07-02,15.77,15.83,15.37,15.42,5859000,141.95,142.43,138.31,138.76,651000,2021-10-08T23:26:19Z
ISRG,2007-07-03,15.77,15.9,15.73,15.77,2826000,141.91,143.13,141.53,141.9,314000,2021-10-08T23:26:19Z
ISRG,2007-07-05,15.86,15.9,15.63,15.71,4335300,142.74,143.14,140.64,141.39,481700,2021-10-08T23:26:19Z
ISRG,2007-07-06,16.1,16.18,15.85,15.91,4290300,144.9,145.63,142.66,143.21,476700,2021-10-08T23:26:19Z
ISRG,2007-07-09,16.38,16.5,16.07,16.11,6031801,147.4,148.48,144.66,145.03,670200,2021-10-08T23:26:19Z
ISRG,2007-07-10,16.28,16.59,16,16.33,6145201,146.51,149.3,144,146.93,682800,2021-10-08T23:26:19Z
ISRG,2007-07-11,16.38,16.46,16.15,16.28,2927700,147.4,148.17,145.31,146.53,325300,2021-10-08T23:26:19Z
ISRG,2007-07-12,16.54,16.56,16.26,16.42,4989600,148.9,149,146.35,147.74,554400,2021-10-08T23:26:19Z
ISRG,2007-07-13,16.49,16.66,16.35,16.54,4898700,148.37,149.98,147.18,148.9,544300,2021-10-08T23:26:19Z
ISRG,2007-07-16,16.31,16.51,16.23,16.5,5103900,146.83,148.55,146.05,148.5,567100,2021-10-08T23:26:19Z
ISRG,2007-07-17,16.55,16.75,16.22,16.49,6457501,148.94,150.75,146,148.38,717500,2021-10-08T23:26:19Z
ISRG,2007-07-18,16.49,16.6,16.39,16.46,6782401,148.42,149.37,147.49,148.17,753600,2021-10-08T23:26:19Z
ISRG,2007-07-19,16.68,16.77,16.46,16.62,12111302,150.08,150.97,148.12,149.61,1345700,2021-10-08T23:26:19Z
ISRG,2007-07-20,22.07,22.2,19.51,19.51,80128808,198.59,199.84,175.58,175.58,8903200,2021-10-08T23:26:19Z
ISRG,2007-07-23,23.11,23.86,22.52,22.65,43120804,208.03,214.76,202.66,203.87,4791200,2021-10-08T23:26:19Z
ISRG,2007-07-24,22.57,22.77,22.25,22.44,21612602,203.15,204.94,200.22,202,2401400,2021-10-08T23:26:19Z
ISRG,2007-07-25,22.24,22.81,21.68,22.78,14551202,200.17,205.31,195.15,205.03,1616800,2021-10-08T23:26:19Z
ISRG,2007-07-26,22.37,22.75,21.68,21.8,11037601,201.3,204.78,195.15,196.2,1226400,2021-10-08T23:26:19Z
ISRG,2007-07-27,22.51,23.14,22.09,22.3,9388801,202.55,208.25,198.81,200.72,1043200,2021-10-08T23:26:19Z
ISRG,2007-07-30,23.91,24.11,22.23,22.53,18625502,215.18,216.98,200.06,202.78,2069500,2021-10-08T23:26:19Z
ISRG,2007-07-31,23.62,25,23.59,23.99,19659602,212.61,225.02,212.33,215.88,2184400,2021-10-08T23:26:19Z
ISRG,2007-08-01,23.51,23.81,22.92,23.44,11221201,211.56,214.27,206.28,211,1246800,2021-10-08T23:26:19Z
ISRG,2007-08-02,23.55,23.67,23.09,23.66,7828200,211.95,213,207.77,212.98,869800,2021-10-08T23:26:19Z
ISRG,2007-08-03,22.71,23.87,22.71,23.43,9171001,204.38,214.79,204.38,210.87,1019000,2021-10-08T23:26:19Z
ISRG,2007-08-06,23.17,23.32,22.14,22.73,9967501,208.53,209.9,199.23,204.56,1107500,2021-10-08T23:26:19Z
ISRG,2007-08-07,23.36,23.48,22.76,23.22,7434001,210.25,211.3,204.87,209,826000,2021-10-08T23:26:19Z
ISRG,2007-08-08,23.47,23.93,23.06,23.53,7010101,211.25,215.39,207.5,211.76,778900,2021-10-08T23:26:19Z
ISRG,2007-08-09,22.37,23.72,22.26,23,9666901,201.3,213.5,200.37,207,1074100,2021-10-08T23:26:19Z
ISRG,2007-08-10,21.9,22.65,21.78,22.06,11608201,197.1,203.82,196.06,198.5,1289800,2021-10-08T23:26:19Z
ISRG,2007-08-13,22.36,22.65,21.93,22.49,6531301,201.2,203.88,197.41,202.42,725700,2021-10-08T23:26:19Z
ISRG,2007-08-14,21.87,22.43,21.84,22.15,4454100,196.8,201.9,196.57,199.31,494900,2021-10-08T23:26:19Z
ISRG,2007-08-15,21.62,22.42,21.48,21.83,7323300,194.61,201.81,193.34,196.5,813700,2021-10-08T23:26:19Z
ISRG,2007-08-16,21.07,22.04,20.57,21.38,12131102,189.63,198.37,185.1,192.4,1347900,2021-10-08T23:26:19Z
ISRG,2007-08-17,22.13,22.13,20.94,21.48,8206201,199.13,199.19,188.46,193.36,911800,2021-10-08T23:26:19Z
ISRG,2007-08-20,22.06,22.35,21.96,22.25,5857200,198.5,201.18,197.62,200.27,650800,2021-10-08T23:26:19Z
ISRG,2007-08-21,22.84,23.03,21.97,21.97,6404401,205.59,207.3,197.7,197.7,711600,2021-10-08T23:26:19Z
ISRG,2007-08-22,23.44,23.58,22.95,23.11,7763401,210.93,212.2,206.54,207.97,862600,2021-10-08T23:26:19Z
ISRG,2007-08-23,22.83,23.57,22.78,23.56,4324500,205.5,212.11,205.06,212,480500,2021-10-08T23:26:19Z
ISRG,2007-08-24,23.5,23.57,22.68,23.13,4353300,211.46,212.16,204.12,208.19,483700,2021-10-08T23:26:19Z
ISRG,2007-08-27,23.27,23.71,22.96,23.44,5192100,209.4,213.36,206.6,211,576900,2021-10-08T23:26:19Z
ISRG,2007-08-28,22.89,23.42,22.68,23.06,5778900,205.98,210.75,204.11,207.5,642100,2021-10-08T23:26:19Z
ISRG,2007-08-29,23.95,24.03,22.92,23.07,6480901,215.58,216.23,206.32,207.6,720100,2021-10-08T23:26:19Z
ISRG,2007-08-30,24.12,24.49,23.62,23.83,8347501,217.06,220.42,212.6,214.48,927500,2021-10-08T23:26:19Z
ISRG,2007-08-31,24.59,24.92,24,24.46,7003801,221.28,224.27,216.03,220.14,778200,2021-10-08T23:26:19Z
ISRG,2007-09-04,25.19,25.35,24.56,24.84,6474601,226.68,228.12,221,223.57,719400,2021-10-08T23:26:19Z
ISRG,2007-09-05,24.89,25.41,24.53,25.11,5226300,224.05,228.73,220.8,225.95,580700,2021-10-08T23:26:19Z
ISRG,2007-09-06,25.55,25.55,24.74,25.09,6336901,229.97,229.99,222.7,225.85,704100,2021-10-08T23:26:19Z
ISRG,2007-09-07,24.66,25.26,24.47,25.11,9275401,221.97,227.34,220.25,226.03,1030600,2021-10-08T23:26:19Z
ISRG,2007-09-10,24.79,25.09,24.29,24.88,7947001,223.15,225.8,218.63,223.95,883000,2021-10-08T23:26:19Z
ISRG,2007-09-11,24.37,25.06,24.13,25.04,6637501,219.32,225.5,217.16,225.34,737500,2021-10-08T23:26:19Z
ISRG,2007-09-12,24.7,25.09,24.41,24.44,6336901,222.26,225.79,219.65,220,704100,2021-10-08T23:26:19Z
ISRG,2007-09-13,24.57,25.05,24.57,24.85,4680900,221.14,225.44,221.14,223.61,520100,2021-10-08T23:26:19Z
ISRG,2007-09-14,23.78,24.65,23.66,24.44,9475201,214,221.84,212.94,220,1052800,2021-10-08T23:26:19Z
ISRG,2007-09-17,23.61,24.11,23.3,23.76,8643601,212.5,216.99,209.7,213.8,960400,2021-10-08T23:26:19Z
ISRG,2007-09-18,25.01,25.05,23.68,24,8099101,225.05,225.48,213.15,215.99,899900,2021-10-08T23:26:19Z
ISRG,2007-09-19,25.21,25.96,24.73,25.47,12275102,226.92,233.6,222.55,229.26,1363900,2021-10-08T23:26:19Z
ISRG,2007-09-20,24.98,25.54,24.91,25.49,4203900,224.84,229.84,224.2,229.42,467100,2021-10-08T23:26:19Z
ISRG,2007-09-21,24.66,25.22,24.45,25.03,8137801,221.91,226.95,220.03,225.29,904200,2021-10-08T23:26:19Z
ISRG,2007-09-24,24.88,25.31,24.45,25,5901300,223.88,227.77,220.05,225,655700,2021-10-08T23:26:19Z
ISRG,2007-09-25,25.29,25.33,24.57,24.57,4487400,227.65,227.96,221.13,221.13,498600,2021-10-08T23:26:19Z
ISRG,2007-09-26,25.7,26.16,25.41,25.51,12024902,231.31,235.4,228.67,229.61,1336100,2021-10-08T23:26:19Z
ISRG,2007-09-27,25.67,26,25.4,25.94,5400000,231,234,228.61,233.42,600000,2021-10-08T23:26:19Z
ISRG,2007-09-28,25.56,25.95,25.48,25.72,5339700,230,233.58,229.28,231.52,593300,2021-10-08T23:26:19Z
ISRG,2007-10-01,25.71,25.94,25.52,25.93,7784100,231.4,233.5,229.7,233.39,864900,2021-10-08T23:26:19Z
ISRG,2007-10-02,25.9,26.44,25.72,25.93,5577300,233.12,237.99,231.5,233.33,619700,2021-10-08T23:26:19Z
ISRG,2007-10-03,26.62,27.26,25.86,26.33,10204201,239.62,245.38,232.77,237,1133800,2021-10-08T23:26:19Z
ISRG,2007-10-04,26.61,27,26.12,26.67,5659200,239.53,242.97,235.05,240,628800,2021-10-08T23:26:19Z
ISRG,2007-10-05,27.45,27.48,26.81,27.06,6466501,247.03,247.36,241.25,243.56,718500,2021-10-08T23:26:19Z
ISRG,2007-10-08,28.53,28.55,27.48,27.54,11498401,256.76,256.99,247.28,247.9,1277600,2021-10-08T23:26:19Z
ISRG,2007-10-09,28.72,29.11,28.17,28.71,8892901,258.48,261.99,253.55,258.36,988100,2021-10-08T23:26:19Z
ISRG,2007-10-10,28.76,29.39,28.49,28.77,7427701,258.87,264.51,256.38,258.94,825300,2021-10-08T23:26:19Z
ISRG,2007-10-11,27.52,29.28,26.89,29,15577203,247.65,263.49,242.03,261.01,1730800,2021-10-08T23:26:19Z
ISRG,2007-10-12,27.71,28.14,27.28,27.72,7848000,249.39,253.29,245.55,249.45,872000,2021-10-08T23:26:19Z
ISRG,2007-10-15,27.86,28.25,27.35,27.84,6171301,250.73,254.25,246.11,250.6,685700,2021-10-08T23:26:19Z
ISRG,2007-10-16,27.18,27.97,26.73,27.39,10340101,244.6,251.73,240.58,246.54,1148900,2021-10-08T23:26:19Z
ISRG,2007-10-17,26.3,27.6,26.01,27.58,14332502,236.72,248.4,234.08,248.2,1592500,2021-10-08T23:26:19Z
ISRG,2007-10-18,28.49,28.72,26.42,26.6,23229902,256.44,258.47,237.82,239.36,2581100,2021-10-08T23:26:19Z
ISRG,2007-10-19,29.93,31.06,29.54,29.86,48235508,269.34,279.52,265.9,268.74,5359500,2021-10-08T23:26:19Z
ISRG,2007-10-22,31.76,31.9,29.44,29.76,19207802,285.86,287.1,265,267.85,2134200,2021-10-08T23:26:19Z
ISRG,2007-10-23,33.81,33.82,32.28,32.94,24020104,304.3,304.35,290.5,296.5,2668900,2021-10-08T23:26:19Z
ISRG,2007-10-24,35.26,35.29,33.14,33.71,24530404,317.37,317.58,298.25,303.35,2725600,2021-10-08T23:26:19Z
ISRG,2007-10-25,36.61,37.21,35.4,35.99,33056102,329.45,334.88,318.62,323.91,3672900,2021-10-08T23:26:19Z
ISRG,2007-10-26,36.57,37.74,36.44,37.04,20007902,329.09,339.63,328,333.33,2223100,2021-10-08T23:26:19Z
ISRG,2007-10-29,35.7,36.96,35.13,36.94,19399502,321.29,332.64,316.16,332.48,2155500,2021-10-08T23:26:19Z
ISRG,2007-10-30,35.95,36.7,35.11,35.27,16396203,323.59,330.27,316,317.42,1821800,2021-10-08T23:26:19Z
ISRG,2007-10-31,36.32,36.61,35.68,36.06,10389601,326.87,329.49,321.09,324.5,1154400,2021-10-08T23:26:19Z
ISRG,2007-11-01,35.78,36.6,35.44,35.8,12425402,322.02,329.4,318.98,322.24,1380600,2021-10-08T23:26:19Z
ISRG,2007-11-02,34.64,36.21,33.76,35.95,14952602,311.8,325.88,303.86,323.52,1661400,2021-10-08T23:26:19Z
ISRG,2007-11-05,34.38,34.86,33.34,33.8,10074601,309.41,313.77,300.06,304.21,1119400,2021-10-08T23:26:19Z
ISRG,2007-11-06,35.23,35.49,34.14,34.84,9252001,317.07,319.38,307.25,313.55,1028000,2021-10-08T23:26:19Z
ISRG,2007-11-07,34.38,35.61,34.06,34.5,12406502,309.46,320.5,306.53,310.53,1378500,2021-10-08T23:26:19Z
ISRG,2007-11-08,32.65,34.87,31.56,34.51,16046101,293.88,313.86,284,310.56,1782900,2021-10-08T23:26:19Z
ISRG,2007-11-09,31.36,32.44,31.11,31.56,11704501,282.27,292,280,284,1300500,2021-10-08T23:26:19Z
ISRG,2007-11-12,29.61,31.66,29.33,30.67,14917503,266.46,284.9,264,276.06,1657500,2021-10-08T23:26:19Z
ISRG,2007-11-13,30.62,30.81,29.33,29.84,12485702,275.55,277.32,264,268.56,1387300,2021-10-08T23:26:19Z
ISRG,2007-11-14,31.25,32.44,30.84,31.38,13703402,281.24,291.92,277.57,282.45,1522600,2021-10-08T23:26:19Z
ISRG,2007-11-15,31.44,32.08,31.02,31.04,10155601,282.92,288.73,279.18,279.35,1128400,2021-10-08T23:26:19Z
ISRG,2007-11-16,31.18,31.87,30.49,31.69,9972901,280.65,286.86,274.4,285.21,1108100,2021-10-08T23:26:19Z
ISRG,2007-11-19,31.58,31.96,30.78,30.99,9148501,284.23,287.67,277.04,278.91,1016500,2021-10-08T23:26:19Z
ISRG,2007-11-20,31.99,33.1,31.11,31.78,10690201,287.9,297.93,280,286.03,1187800,2021-10-08T23:26:19Z
ISRG,2007-11-21,31.1,32.1,30.89,31.67,6928201,279.87,288.9,278.05,285,769800,2021-10-08T23:26:19Z
ISRG,2007-11-23,31.52,31.83,31.06,31.31,2446200,283.71,286.5,279.5,281.83,271800,2021-10-08T23:26:19Z
ISRG,2007-11-26,31.49,32.78,31.39,31.87,7024500,283.41,295,282.5,286.87,780500,2021-10-08T23:26:19Z
ISRG,2007-11-27,32.94,33.04,31.56,32.08,9436501,296.48,297.39,284,288.72,1048500,2021-10-08T23:26:19Z
ISRG,2007-11-28,36.06,36.22,33.44,33.46,17953202,324.5,325.99,301,301.18,1994800,2021-10-08T23:26:19Z
ISRG,2007-11-29,35.78,36.89,35.41,36.11,11616301,321.98,331.99,318.7,325,1290700,2021-10-08T23:26:19Z
ISRG,2007-11-30,36.41,36.77,35.04,36.75,16238702,327.68,330.97,315.36,330.72,1804300,2021-10-08T23:26:19Z
ISRG,2007-12-03,36.47,37.19,35.89,36.63,10554301,328.2,334.75,323.02,329.68,1172700,2021-10-08T23:26:19Z
ISRG,2007-12-04,36.18,36.99,35.56,36.1,8026201,325.65,332.88,320.02,324.87,891800,2021-10-08T23:26:19Z
ISRG,2007-12-05,36.99,37.09,36.19,36.67,8334901,332.93,333.8,325.71,330,926100,2021-10-08T23:26:19Z
ISRG,2007-12-06,38.31,38.62,36.72,36.99,15383703,344.79,347.58,330.51,332.9,1709300,2021-10-08T23:26:19Z
ISRG,2007-12-07,39.22,39.42,38.33,38.56,10319401,353,354.74,345,347,1146600,2021-10-08T23:26:19Z
ISRG,2007-12-10,38.62,39.95,38.48,39.81,12476702,347.58,359.59,346.36,358.29,1386300,2021-10-08T23:26:19Z
ISRG,2007-12-11,37.34,39.39,37.02,38.91,11410201,336.1,354.48,333.14,350.2,1267800,2021-10-08T23:26:19Z
ISRG,2007-12-12,37.25,38.5,36.2,38.34,13775402,335.24,346.5,325.83,345.02,1530600,2021-10-08T23:26:19Z
ISRG,2007-12-13,36.51,37.25,35.67,36.72,11597401,328.6,335.24,321.01,330.45,1288600,2021-10-08T23:26:19Z
ISRG,2007-12-14,36.1,37.16,35.7,36.02,7835400,324.89,334.42,321.3,324.16,870600,2021-10-08T23:26:19Z
ISRG,2007-12-17,33.95,36.56,33.75,36.06,11688301,305.55,329,303.77,324.58,1298700,2021-10-08T23:26:19Z
ISRG,2007-12-18,34.18,34.67,32.17,34.45,16987502,307.6,311.99,289.53,310.03,1887500,2021-10-08T23:26:19Z
ISRG,2007-12-19,34.77,35.43,33.9,34.06,11165401,312.95,318.86,305.11,306.53,1240600,2021-10-08T23:26:19Z
ISRG,2007-12-20,35.74,35.81,35.02,35.02,7307101,321.63,322.32,315.21,315.22,811900,2021-10-08T23:26:19Z
ISRG,2007-12-21,36.16,36.5,35.51,36.44,14076002,325.44,328.5,319.6,328,1564000,2021-10-08T23:26:19Z
ISRG,2007-12-24,37.09,37.11,35.92,36.03,3621600,333.8,333.99,323.27,324.23,402400,2021-10-08T23:26:19Z
ISRG,2007-12-26,37.25,37.54,36.57,37.14,4977900,335.24,337.9,329.17,334.27,553100,2021-10-08T23:26:19Z
ISRG,2007-12-27,36.62,37.65,36.38,37.11,5499000,329.56,338.81,327.41,334.01,611000,2021-10-08T23:26:19Z
ISRG,2007-12-28,36.13,37.03,35.78,36.81,4851000,325.14,333.3,322.03,331.25,539000,2021-10-08T23:26:19Z
ISRG,2007-12-31,35.89,36.58,35.85,35.86,5291100,323,329.24,322.61,322.73,587900,2021-10-08T23:26:19Z
ISRG,2008-01-02,35.99,36.72,35,35.96,7520401,323.95,330.47,315,323.64,835600,2021-10-08T23:26:19Z
ISRG,2008-01-03,35.75,36.22,35.64,35.98,6390901,321.75,325.98,320.75,323.81,710100,2021-10-08T23:26:19Z
ISRG,2008-01-04,33.89,35.37,33.59,35.06,9254701,305,318.33,302.27,315.55,1028300,2021-10-08T23:26:19Z
ISRG,2008-01-07,33.33,34.74,32.94,34.04,10539001,299.98,312.67,296.45,306.32,1171000,2021-10-08T23:26:19Z
ISRG,2008-01-08,30.19,32.51,30.07,31.78,19627202,271.73,292.63,270.65,286,2180800,2021-10-08T23:26:19Z
ISRG,2008-01-09,29.29,30.51,28.13,29.52,21265202,263.64,274.55,253.21,265.65,2362800,2021-10-08T23:26:19Z
ISRG,2008-01-10,29.74,30.09,28.26,28.61,15966002,267.63,270.78,254.32,257.47,1774000,2021-10-08T23:26:19Z
ISRG,2008-01-11,29.13,30.08,28.78,29.36,10554301,262.19,270.72,258.99,264.2,1172700,2021-10-08T23:26:19Z
ISRG,2008-01-14,29.52,29.86,29.15,29.62,8025301,265.69,268.74,262.32,266.59,891700,2021-10-08T23:26:19Z
ISRG,2008-01-15,28.47,29.38,27.83,28.78,11792701,256.22,264.4,250.5,259.06,1310300,2021-10-08T23:26:19Z
ISRG,2008-01-16,29.45,30,27.69,27.84,16252202,265.05,269.99,249.22,250.55,1805800,2021-10-08T23:26:19Z
ISRG,2008-01-17,29.04,30.1,28.32,29.67,10100701,261.34,270.91,254.92,266.99,1122300,2021-10-08T23:26:19Z
ISRG,2008-01-18,29.12,29.57,28.45,29,10018801,262.07,266.09,256.01,261.01,1113200,2021-10-08T23:26:19Z
ISRG,2008-01-22,29.09,30,25.9,26.68,10036801,261.84,270,233.13,240.13,1115200,2021-10-08T23:26:19Z
ISRG,2008-01-23,30.1,30.13,27.23,28.33,11201401,270.86,271.14,245.08,254.98,1244600,2021-10-08T23:26:19Z
ISRG,2008-01-24,30,31.06,29.46,30.33,9545401,270,279.58,265.11,273,1060600,2021-10-08T23:26:19Z
ISRG,2008-01-25,29.89,30.95,29.8,30.55,6796801,269,278.52,268.22,274.97,755200,2021-10-08T23:26:19Z
ISRG,2008-01-28,30.84,30.87,29.12,30,7498801,277.57,277.86,262.09,270,833200,2021-10-08T23:26:19Z
ISRG,2008-01-29,27.14,30.44,27.11,30.44,16739102,244.3,273.95,243.99,273.95,1859900,2021-10-08T23:26:19Z
ISRG,2008-01-30,26.11,27.63,25.95,27.18,17458202,235,248.66,233.56,244.6,1939800,2021-10-08T23:26:19Z
ISRG,2008-01-31,28.22,28.33,25.25,25.45,19121402,254,255,227.26,229.05,2124600,2021-10-08T23:26:19Z
ISRG,2008-02-01,33.96,34.94,32.33,32.53,35933404,305.61,314.43,291,292.73,3992600,2021-10-08T23:26:19Z
ISRG,2008-02-04,34.17,35.09,33.72,34.1,14311802,307.5,315.8,303.51,306.94,1590200,2021-10-08T23:26:19Z
ISRG,2008-02-05,34.21,35,33.91,34.1,12960002,307.88,314.99,305.18,306.91,1440000,2021-10-08T23:26:19Z
ISRG,2008-02-06,32.64,34.67,32.56,34.42,11100601,293.78,312,293,309.81,1233400,2021-10-08T23:26:19Z
ISRG,2008-02-07,33.18,33.85,32,32.22,11657701,298.65,304.64,287.98,290,1295300,2021-10-08T23:26:19Z
ISRG,2008-02-08,33.41,33.71,32.8,33.33,5931901,300.68,303.36,295.2,300,659100,2021-10-08T23:26:19Z
ISRG,2008-02-11,33.54,33.76,33,33.28,6356701,301.82,303.88,297,299.53,706300,2021-10-08T23:26:19Z
ISRG,2008-02-12,32.96,33.78,32.59,33.78,7801200,296.68,304,293.29,303.99,866800,2021-10-08T23:26:19Z
ISRG,2008-02-13,34.28,34.33,33.06,33.22,9933301,308.54,308.98,297.52,299,1103700,2021-10-08T23:26:19Z
ISRG,2008-02-14,33.34,34.77,33.34,34.44,8220600,300.08,312.9,300.08,310,913400,2021-10-08T23:26:19Z
ISRG,2008-02-15,33.7,34.16,32.89,33.19,10519201,303.27,307.46,296.01,298.75,1168800,2021-10-08T23:26:19Z
ISRG,2008-02-19,32.28,34.38,31.9,34.26,10703701,290.5,309.44,287.12,308.31,1189300,2021-10-08T23:26:19Z
ISRG,2008-02-20,32.38,32.68,31.32,32.06,7748101,291.43,294.11,281.84,288.52,860900,2021-10-08T23:26:19Z
ISRG,2008-02-21,31.81,32.78,31.67,32.61,4473000,286.26,294.99,285.03,293.5,497000,2021-10-08T23:26:19Z
ISRG,2008-02-22,32.4,32.45,31.49,31.9,4651200,291.57,292.04,283.44,287.14,516800,2021-10-08T23:26:19Z
ISRG,2008-02-25,32.62,32.72,31.73,32.34,4978800,293.58,294.49,285.57,291.02,553200,2021-10-08T23:26:19Z
ISRG,2008-02-26,32.91,33.33,31.9,32.54,4812300,296.23,300,287.09,292.84,534700,2021-10-08T23:26:19Z
ISRG,2008-02-27,32.77,33.04,32.23,32.75,4919400,294.92,297.4,290.04,294.75,546600,2021-10-08T23:26:19Z
ISRG,2008-02-28,32.21,32.72,31.91,31.94,4805100,289.91,294.48,287.17,287.5,533900,2021-10-08T23:26:19Z
ISRG,2008-02-29,31.32,32.06,31.16,31.78,6903001,281.92,288.51,280.41,286,767000,2021-10-08T23:26:19Z
ISRG,2008-03-03,31.52,31.66,30.58,31.22,7529400,283.71,284.98,275.25,281,836600,2021-10-08T23:26:19Z
ISRG,2008-03-04,31.12,31.88,30.37,31.32,5674500,280.08,286.88,273.36,281.88,630500,2021-10-08T23:26:19Z
ISRG,2008-03-05,31.81,32.1,31.13,31.35,5375700,286.32,288.91,280.19,282.17,597300,2021-10-08T23:26:19Z
ISRG,2008-03-06,30.08,32.07,29.98,31.48,12866402,270.76,288.65,269.82,283.33,1429600,2021-10-08T23:26:19Z
ISRG,2008-03-07,29.42,30.5,28.89,29.48,8402401,264.75,274.54,260,265.28,933600,2021-10-08T23:26:19Z
ISRG,2008-03-10,28.4,29.9,28.26,29.2,9922501,255.58,269.08,254.37,262.81,1102500,2021-10-08T23:26:19Z
ISRG,2008-03-11,29.69,29.95,28.98,29.56,11088901,267.17,269.52,260.86,266.03,1232100,2021-10-08T23:26:19Z
ISRG,2008-03-12,30.49,31.11,29.45,29.67,9666001,274.38,279.99,265.01,266.99,1074000,2021-10-08T23:26:19Z
ISRG,2008-03-13,31.66,31.81,29.47,29.99,9832501,284.98,286.28,265.25,269.9,1092500,2021-10-08T23:26:19Z
ISRG,2008-03-14,31.45,32.34,30.64,32.22,8950501,283.07,291.1,275.77,290,994500,2021-10-08T23:26:19Z
ISRG,2008-03-17,31.1,31.87,30.17,30.17,7227900,279.87,286.82,271.5,271.51,803100,2021-10-08T23:26:19Z
ISRG,2008-03-18,32.75,33.02,31.51,31.92,6928201,294.75,297.18,283.56,287.3,769800,2021-10-08T23:26:19Z
ISRG,2008-03-19,32.41,33.54,32.22,32.57,6274801,291.66,301.88,290,293.11,697200,2021-10-08T23:26:19Z
ISRG,2008-03-20,33.41,33.49,32.05,32.38,7281001,300.69,301.42,288.45,291.45,809000,2021-10-08T23:26:19Z
ISRG,2008-03-24,36.36,37.22,33.53,33.64,13384802,327.24,335,301.8,302.74,1487200,2021-10-08T23:26:19Z
ISRG,2008-03-25,36.21,36.76,35.75,36.66,7613101,325.93,330.88,321.79,329.91,845900,2021-10-08T23:26:19Z
ISRG,2008-03-26,36,36.25,35.22,36.2,4792500,323.97,326.25,317,325.77,532500,2021-10-08T23:26:19Z
ISRG,2008-03-27,35.76,36.44,35.67,36.11,5040900,321.86,327.92,321.02,325.01,560100,2021-10-08T23:26:19Z
ISRG,2008-03-28,35.86,36.89,35.8,36.01,5877000,322.71,332,322.16,324.12,653000,2021-10-08T23:26:19Z
ISRG,2008-03-31,36.04,36.78,35.59,36.22,6638401,324.35,331,320.29,325.95,737600,2021-10-08T23:26:19Z
ISRG,2008-04-01,38.55,38.66,36.22,36.56,13265102,346.94,347.93,326,329,1473900,2021-10-08T23:26:19Z
ISRG,2008-04-02,37.78,38.88,37.56,38.48,7742700,340.02,349.89,338,346.34,860300,2021-10-08T23:26:19Z
ISRG,2008-04-03,37.44,37.95,37.12,37.84,6772501,336.99,341.52,334.06,340.53,752500,2021-10-08T23:26:19Z
ISRG,2008-04-04,37.6,38,36.91,37.84,7455600,338.44,341.99,332.21,340.56,828400,2021-10-08T23:26:19Z
ISRG,2008-04-07,38.35,39.77,37.91,38.11,12186002,345.14,357.89,341.18,342.99,1354000,2021-10-08T23:26:19Z
ISRG,2008-04-08,38.57,39.05,37.92,38.33,5859000,347.1,351.42,341.25,344.93,651000,2021-10-08T23:26:19Z
ISRG,2008-04-09,37.34,38.8,36.88,38.77,11664901,336.07,349.21,331.89,348.9,1296100,2021-10-08T23:26:19Z
ISRG,2008-04-10,39.32,39.78,37.75,38.09,14076002,353.88,357.98,339.76,342.84,1564000,2021-10-08T23:26:19Z
ISRG,2008-04-11,37.06,38.58,36.69,38.47,18021602,333.58,347.21,330.23,346.25,2002400,2021-10-08T23:26:19Z
ISRG,2008-04-14,36.09,37,35.09,36.92,12359702,324.84,332.99,315.78,332.25,1373300,2021-10-08T23:26:19Z
ISRG,2008-04-15,37.76,37.76,36.15,36.33,12976202,339.8,339.8,325.35,327.01,1441800,2021-10-08T23:26:19Z
ISRG,2008-04-16,38.44,38.51,37.68,38.16,9297901,345.99,346.55,339.13,343.4,1033100,2021-10-08T23:26:19Z
ISRG,2008-04-17,38.72,39.55,38.13,38.46,18864902,348.5,355.98,343.16,346.1,2096100,2021-10-08T23:26:19Z
ISRG,2008-04-18,32.06,34.66,31.69,34.5,45906304,288.5,311.95,285.2,310.54,5100700,2021-10-08T23:26:19Z
ISRG,2008-04-21,32.39,32.56,30.62,32.12,21052802,291.48,293,275.62,289.08,2339200,2021-10-08T23:26:19Z
ISRG,2008-04-22,30.61,31.89,30.56,31.67,12674702,275.52,286.98,275,285.02,1408300,2021-10-08T23:26:19Z
ISRG,2008-04-23,31.44,31.61,30.21,30.77,11960102,282.95,284.47,271.86,276.96,1328900,2021-10-08T23:26:19Z
ISRG,2008-04-24,30.96,31.94,30.45,31.22,9038701,278.6,287.5,274.07,281.01,1004300,2021-10-08T23:26:19Z
ISRG,2008-04-25,31.09,31.31,30.56,31.1,7609501,279.78,281.81,275.04,279.89,845500,2021-10-08T23:26:19Z
ISRG,2008-04-28,31.72,32.19,31.35,31.44,10226701,285.5,289.69,282.17,282.95,1136300,2021-10-08T23:26:19Z
ISRG,2008-04-29,32.33,32.58,31.44,31.67,9960301,291.01,293.21,283,285,1106700,2021-10-08T23:26:19Z
ISRG,2008-04-30,32.14,32.87,31.81,32.28,9101701,289.26,295.85,286.28,290.49,1011300,2021-10-08T23:26:19Z
ISRG,2008-05-01,32.72,32.87,31.93,32.43,6204601,294.45,295.85,287.4,291.9,689400,2021-10-08T23:26:19Z
ISRG,2008-05-02,32.23,33.17,32.07,33,5026500,290.03,298.5,288.66,297.03,558500,2021-10-08T23:26:19Z
ISRG,2008-05-05,32.75,33.08,32,32.22,6929101,294.75,297.7,288,290,769900,2021-10-08T23:26:19Z
ISRG,2008-05-06,32.59,32.77,31.85,32.62,5031000,293.34,294.92,286.61,293.57,559000,2021-10-08T23:26:19Z
ISRG,2008-05-07,32.09,32.78,31.97,32.51,6952501,288.79,294.99,287.72,292.62,772500,2021-10-08T23:26:19Z
ISRG,2008-05-08,31.95,32.3,31.42,32.2,6438601,287.57,290.72,282.75,289.78,715400,2021-10-08T23:26:19Z
ISRG,2008-05-09,32.12,32.2,31.36,31.6,4089600,289.1,289.83,282.28,284.44,454400,2021-10-08T23:26:19Z
ISRG,2008-05-12,32.36,32.4,31.73,32.06,3853800,291.24,291.6,285.56,288.5,428200,2021-10-08T23:26:19Z
ISRG,2008-05-13,32.27,32.4,31.81,32.4,3309300,290.39,291.61,286.25,291.61,367700,2021-10-08T23:26:19Z
ISRG,2008-05-14,31.76,32.65,31.74,32.26,4941900,285.85,293.89,285.68,290.35,549100,2021-10-08T23:26:19Z
ISRG,2008-05-15,32.55,32.64,31.74,31.74,7044301,292.98,293.8,285.62,285.69,782700,2021-10-08T23:26:19Z
ISRG,2008-05-16,33.31,33.81,32.48,32.55,11905202,299.75,304.28,292.3,292.98,1322800,2021-10-08T23:26:19Z
ISRG,2008-05-19,33.17,34.3,33.07,33.49,8443801,298.5,308.73,297.61,301.42,938200,2021-10-08T23:26:19Z
ISRG,2008-05-20,33.15,33.3,32.66,33.11,4331700,298.34,299.67,293.91,298.01,481300,2021-10-08T23:26:19Z
ISRG,2008-05-21,32.07,33.44,32.03,33.02,5834700,288.65,300.93,288.26,297.15,648300,2021-10-08T23:26:19Z
ISRG,2008-05-22,30.53,31.64,30.31,31.46,14459403,274.75,284.79,272.81,283.11,1606600,2021-10-08T23:26:19Z
ISRG,2008-05-23,31.64,31.94,31.04,31.42,9626401,284.77,287.46,279.37,282.76,1069600,2021-10-08T23:26:19Z
ISRG,2008-05-27,31.79,31.83,31.25,31.78,4017600,286.08,286.44,281.26,286,446400,2021-10-08T23:26:19Z
ISRG,2008-05-28,32.09,32.09,31.58,32.06,3303900,288.85,288.85,284.18,288.5,367100,2021-10-08T23:26:19Z
ISRG,2008-05-29,32.39,32.78,31.81,31.81,5147100,291.47,295,286.25,286.25,571900,2021-10-08T23:26:19Z
ISRG,2008-05-30,32.62,33,32.23,32.55,55915212,293.59,297,290.1,292.97,6212800,2021-10-08T23:26:19Z
ISRG,2008-06-02,32.06,32.95,31.78,32.59,8921701,288.58,296.55,286,293.35,991300,2021-10-08T23:26:19Z
ISRG,2008-06-03,31.53,32.2,31.02,32.19,9050401,283.75,289.79,279.19,289.75,1005600,2021-10-08T23:26:19Z
ISRG,2008-06-04,31.79,32.17,31.35,31.6,7342201,286.07,289.54,282.16,284.39,815800,2021-10-08T23:26:19Z
ISRG,2008-06-05,32.38,32.38,31.49,31.89,6001201,291.41,291.44,283.39,287.02,666800,2021-10-08T23:26:19Z
ISRG,2008-06-06,31.21,32.19,30.96,32.17,6999301,280.91,289.74,278.67,289.5,777700,2021-10-08T23:26:19Z
ISRG,2008-06-09,30.57,31.4,30.18,31.4,7338601,275.09,282.59,271.62,282.59,815400,2021-10-08T23:26:19Z
ISRG,2008-06-10,30.03,30.16,29.25,30.13,10484101,270.26,271.48,263.27,271.13,1164900,2021-10-08T23:26:19Z
ISRG,2008-06-11,29.55,30.44,29.48,30.44,5532300,265.92,274,265.29,273.98,614700,2021-10-08T23:26:19Z
ISRG,2008-06-12,29.96,30.51,29.28,29.67,6561001,269.66,274.55,263.51,267,729000,2021-10-08T23:26:19Z
ISRG,2008-06-13,31.22,31.22,30,30.12,6610501,281,281,270,271.05,734500,2021-10-08T23:26:19Z
ISRG,2008-06-16,31.17,31.24,30.51,30.78,5793300,280.5,281.15,274.56,277.04,643700,2021-10-08T23:26:19Z
ISRG,2008-06-17,31.34,31.54,31.03,31.29,4746600,282.03,283.86,279.28,281.58,527400,2021-10-08T23:26:19Z
ISRG,2008-06-18,31.46,31.64,31.01,31.06,6560101,283.12,284.77,279.06,279.51,728900,2021-10-08T23:26:19Z
ISRG,2008-06-19,31.9,31.98,31.21,31.65,5320800,287.14,287.78,280.9,284.84,591200,2021-10-08T23:26:19Z
ISRG,2008-06-20,31.39,31.63,31.19,31.44,7290901,282.51,284.67,280.72,282.99,810100,2021-10-08T23:26:19Z
ISRG,2008-06-23,31.1,31.89,30.67,31.5,8877601,279.93,286.98,276.01,283.49,986400,2021-10-08T23:26:19Z
ISRG,2008-06-24,30.59,30.97,30.01,30.68,7296300,275.33,278.7,270.11,276.15,810700,2021-10-08T23:26:19Z
ISRG,2008-06-25,30.98,31.21,30.39,31.1,6308101,278.85,280.93,273.5,279.86,700900,2021-10-08T23:26:19Z
ISRG,2008-06-26,30.09,30.72,30.01,30.34,7541101,270.78,276.48,270.05,273.05,837900,2021-10-08T23:26:19Z
ISRG,2008-06-27,29.95,30.33,29.67,30,7069501,269.59,272.94,267.03,270.03,785500,2021-10-08T23:26:19Z
ISRG,2008-06-30,29.93,30.54,29.78,29.83,4451400,269.4,274.83,268,268.51,494600,2021-10-08T23:26:19Z
ISRG,2008-07-01,28.89,29.4,28.11,29.4,9324001,259.98,264.62,252.98,264.59,1036000,2021-10-08T23:26:19Z
ISRG,2008-07-02,27.8,29.55,27.76,29.03,6995701,250.16,265.98,249.84,261.26,777300,2021-10-08T23:26:19Z
ISRG,2008-07-03,27.82,28.42,27.67,27.89,4434300,250.34,255.8,249.01,251,492700,2021-10-08T23:26:19Z
ISRG,2008-07-07,28.13,28.97,27.53,28.56,7393501,253.2,260.77,247.76,257,821500,2021-10-08T23:26:19Z
ISRG,2008-07-08,29.35,29.4,27.85,27.85,6445801,264.15,264.63,250.63,250.63,716200,2021-10-08T23:26:19Z
ISRG,2008-07-09,29.17,30.56,29.12,29.35,8244900,262.51,275,262.11,264.15,916100,2021-10-08T23:26:19Z
ISRG,2008-07-10,29.51,29.77,28.89,29.23,5605200,265.57,267.89,260,263.05,622800,2021-10-08T23:26:19Z
ISRG,2008-07-11,30,30.37,29.14,29.27,6093001,269.98,273.33,262.3,263.45,677000,2021-10-08T23:26:19Z
ISRG,2008-07-14,30.2,30.56,29.88,30.27,4926600,271.79,275,268.91,272.4,547400,2021-10-08T23:26:19Z
ISRG,2008-07-15,30.05,30.48,29.39,29.93,6065101,270.49,274.29,264.55,269.4,673900,2021-10-08T23:26:19Z
ISRG,2008-07-16,31.2,31.45,30.15,30.15,5969701,280.79,283.01,271.32,271.32,663300,2021-10-08T23:26:19Z
ISRG,2008-07-17,31.36,31.63,30.84,31.63,5524200,282.25,284.63,277.58,284.63,613800,2021-10-08T23:26:19Z
ISRG,2008-07-18,32.05,32.19,31.11,31.23,6867901,288.49,289.68,280,281.04,763100,2021-10-08T23:26:19Z
ISRG,2008-07-21,31.63,32.19,31.42,32,4982400,284.71,289.72,282.8,288.03,553600,2021-10-08T23:26:19Z
ISRG,2008-07-22,31.14,31.73,30.78,30.95,13149902,280.23,285.56,277,278.52,1461100,2021-10-08T23:26:19Z
ISRG,2008-07-23,36.79,37.03,34.78,34.83,23807704,331.13,333.25,313,313.5,2645300,2021-10-08T23:26:19Z
ISRG,2008-07-24,35.96,36.98,35.56,36.68,9758701,323.67,332.8,320.03,330.1,1084300,2021-10-08T23:26:19Z
ISRG,2008-07-25,35.79,36.2,35.41,35.51,7100100,322.07,325.84,318.71,319.56,788900,2021-10-08T23:26:19Z
ISRG,2008-07-28,34.25,35.53,34.17,34.93,9918901,308.23,319.8,307.54,314.33,1102100,2021-10-08T23:26:19Z
ISRG,2008-07-29,34.66,34.98,34.27,34.44,6315301,311.94,314.86,308.42,310,701700,2021-10-08T23:26:19Z
ISRG,2008-07-30,34.76,35.11,34.15,34.26,4678200,312.86,316,307.32,308.36,519800,2021-10-08T23:26:19Z
ISRG,2008-07-31,34.59,35.11,34.28,34.39,4726800,311.29,316,308.51,309.51,525200,2021-10-08T23:26:19Z
ISRG,2008-08-01,33.38,34.74,33.25,34.48,6282001,300.43,312.67,299.28,310.35,698000,2021-10-08T23:26:19Z
ISRG,2008-08-04,33.32,33.98,32.78,33.32,6741001,299.88,305.79,295,299.84,749000,2021-10-08T23:26:19Z
ISRG,2008-08-05,34.23,34.26,33.42,33.71,5266800,308.06,308.33,300.76,303.4,585200,2021-10-08T23:26:19Z
ISRG,2008-08-06,34.53,34.96,33.62,33.94,7184701,310.79,314.63,302.55,305.42,798300,2021-10-08T23:26:19Z
ISRG,2008-08-07,33.67,34.37,33.51,34.37,6335101,303,309.33,301.6,309.33,703900,2021-10-08T23:26:19Z
ISRG,2008-08-08,34.25,34.42,33.54,33.69,4350600,308.26,309.75,301.85,303.2,483400,2021-10-08T23:26:19Z
ISRG,2008-08-11,34.25,34.44,33.55,33.58,3896100,308.25,309.93,301.96,302.21,432900,2021-10-08T23:26:19Z
ISRG,2008-08-12,34,34.36,33.84,34.34,3167100,305.99,309.2,304.56,309.06,351900,2021-10-08T23:26:19Z
ISRG,2008-08-13,33.82,34.22,33.36,34.1,3664800,304.37,307.96,300.24,306.94,407200,2021-10-08T23:26:19Z
ISRG,2008-08-14,33.81,34.19,33.48,33.62,3826800,304.26,307.7,301.35,302.57,425200,2021-10-08T23:26:19Z
ISRG,2008-08-15,33.24,33.8,32.93,33.76,4815000,299.17,304.24,296.33,303.81,535000,2021-10-08T23:26:19Z
ISRG,2008-08-18,32.56,33.44,32.06,33.44,5278500,293.01,301,288.53,300.94,586500,2021-10-08T23:26:19Z
ISRG,2008-08-19,33.48,33.91,32.5,32.54,6703201,301.33,305.19,292.51,292.86,744800,2021-10-08T23:26:19Z
ISRG,2008-08-20,33.45,33.6,33.02,33.5,3562200,301.07,302.42,297.14,301.49,395800,2021-10-08T23:26:19Z
ISRG,2008-08-21,33.41,34.04,33.17,33.32,2897100,300.72,306.38,298.51,299.84,321900,2021-10-08T23:26:19Z
ISRG,2008-08-22,33.7,34.11,33.47,33.62,3589200,303.32,306.99,301.22,302.55,398800,2021-10-08T23:26:19Z
ISRG,2008-08-25,33.16,33.66,32.99,33.38,2931300,298.41,302.98,296.92,300.38,325700,2021-10-08T23:26:19Z
ISRG,2008-08-26,33.08,33.48,32.74,33.11,2962800,297.75,301.34,294.67,298,329200,2021-10-08T23:26:19Z
ISRG,2008-08-27,33.18,33.54,32.84,32.98,2842200,298.62,301.87,295.53,296.8,315800,2021-10-08T23:26:19Z
ISRG,2008-08-28,33.27,33.61,33.05,33.06,2923200,299.42,302.52,297.45,297.56,324800,2021-10-08T23:26:19Z
ISRG,2008-08-29,32.81,33.36,32.76,32.97,3393000,295.27,300.24,294.81,296.69,377000,2021-10-08T23:26:19Z
ISRG,2008-09-02,32.62,33.78,32.59,33.26,7107301,293.58,304,293.33,299.33,789700,2021-10-08T23:26:19Z
ISRG,2008-09-03,32.27,32.74,31.82,32.43,5238000,290.44,294.7,286.34,291.88,582000,2021-10-08T23:26:19Z
ISRG,2008-09-04,30.39,32.22,30.36,32.03,7832701,273.49,289.99,273.24,288.27,870300,2021-10-08T23:26:19Z
ISRG,2008-09-05,29.87,30.14,28.83,29.83,8204401,268.86,271.29,259.5,268.46,911600,2021-10-08T23:26:19Z
ISRG,2008-09-08,30.16,31.16,29.77,31,5729400,271.48,280.47,267.96,278.97,636600,2021-10-08T23:26:19Z
ISRG,2008-09-09,29.79,31.08,29.79,30.16,6758101,268.11,279.69,268.11,271.48,750900,2021-10-08T23:26:19Z
ISRG,2008-09-10,30.44,30.87,29.76,30.15,6894901,273.94,277.8,267.81,271.31,766100,2021-10-08T23:26:19Z
ISRG,2008-09-11,30.85,30.89,29.37,29.89,5304600,277.67,278,264.33,269,589400,2021-10-08T23:26:19Z
ISRG,2008-09-12,30.91,31.03,30.53,30.78,3928500,278.19,279.3,274.73,277,436500,2021-10-08T23:26:19Z
ISRG,2008-09-15,29.96,30.89,29.79,30.11,7062301,269.67,277.98,268.1,270.99,784700,2021-10-08T23:26:19Z
ISRG,2008-09-16,30.86,30.97,29.46,29.78,5538600,277.77,278.69,265.13,268,615400,2021-10-08T23:26:19Z
ISRG,2008-09-17,30.34,31.4,29.98,30.3,6655501,273.02,282.56,269.83,272.67,739500,2021-10-08T23:26:19Z
ISRG,2008-09-18,30.61,31.31,29.52,30.87,9152101,275.53,281.77,265.72,277.85,1016900,2021-10-08T23:26:19Z
ISRG,2008-09-19,32.3,32.56,30.95,31.67,10133101,290.71,293.01,278.56,284.99,1125900,2021-10-08T23:26:19Z
ISRG,2008-09-22,31.17,32.24,31.12,31.93,4365900,280.5,290.2,280.05,287.38,485100,2021-10-08T23:26:19Z
ISRG,2008-09-23,30.95,31.7,30.81,31.23,4694400,278.58,285.28,277.29,281.06,521600,2021-10-08T23:26:19Z
ISRG,2008-09-24,31.38,31.55,30.72,31.11,2566800,282.46,283.96,276.5,279.97,285200,2021-10-08T23:26:19Z
ISRG,2008-09-25,31.28,31.89,30.76,31.56,4806900,281.53,287,276.82,284,534100,2021-10-08T23:26:19Z
ISRG,2008-09-26,30.56,30.89,29.89,30.5,7280101,275.01,277.97,269,274.5,808900,2021-10-08T23:26:19Z
ISRG,2008-09-29,27.93,30.21,27.78,30.01,7360200,251.4,271.9,250,270.09,817800,2021-10-08T23:26:19Z
ISRG,2008-09-30,26.78,28.83,25.13,28.46,15301802,240.98,259.47,226.17,256.1,1700200,2021-10-08T23:26:19Z
ISRG,2008-10-01,26.28,27.36,25.97,26.35,8461801,236.55,246.25,233.73,237.13,940200,2021-10-08T23:26:19Z
ISRG,2008-10-02,25.41,26.5,25.31,26.03,8138701,228.65,238.5,227.82,234.26,904300,2021-10-08T23:26:19Z
ISRG,2008-10-03,25.08,26.97,24.73,25.91,7193701,225.7,242.74,222.53,233.19,799300,2021-10-08T23:26:19Z
ISRG,2008-10-06,21.9,24.11,20.73,23.86,17941502,197.12,216.95,186.55,214.76,1993500,2021-10-08T23:26:19Z
ISRG,2008-10-07,20.47,22.36,20.4,22.28,12988802,184.26,201.27,183.63,200.51,1443200,2021-10-08T23:26:19Z
ISRG,2008-10-08,21.18,21.74,18.96,20,12628802,190.63,195.69,170.61,179.98,1403200,2021-10-08T23:26:19Z
ISRG,2008-10-09,19.21,21.89,18.9,21.78,9505801,172.85,197,170.06,195.98,1056200,2021-10-08T23:26:19Z
ISRG,2008-10-10,19.45,20.7,17.03,17.73,17705702,175.01,186.26,153.3,159.58,1967300,2021-10-08T23:26:19Z
ISRG,2008-10-13,23.59,23.7,21.13,21.61,10702801,212.34,213.26,190.19,194.46,1189200,2021-10-08T23:26:19Z
ISRG,2008-10-14,24.92,25.74,24.28,25.19,16491602,224.32,231.66,218.54,226.72,1832400,2021-10-08T23:26:19Z
ISRG,2008-10-15,21.12,24.86,21.11,23.68,14455801,190.12,223.71,190,213.11,1606200,2021-10-08T23:26:19Z
ISRG,2008-10-16,23.87,23.89,20.71,21.7,17427602,214.8,215.05,186.37,195.28,1936400,2021-10-08T23:26:19Z
ISRG,2008-10-17,21.01,22.22,19.24,21.54,32519704,189.13,199.99,173.14,193.9,3613300,2021-10-08T23:26:19Z
ISRG,2008-10-20,21.57,21.71,20.76,21.5,7955101,194.12,195.41,186.8,193.5,883900,2021-10-08T23:26:19Z
ISRG,2008-10-21,20.02,21.33,20,21.04,9719101,180.22,191.99,180,189.4,1079900,2021-10-08T23:26:19Z
ISRG,2008-10-22,19.23,19.89,18.73,19.45,9208801,173.09,179,168.59,175.01,1023200,2021-10-08T23:26:19Z
ISRG,2008-10-23,19.3,19.68,18.35,19.34,10172701,173.69,177.12,165.12,174.07,1130300,2021-10-08T23:26:19Z
ISRG,2008-10-24,17.63,18.88,17.16,17.47,19809902,158.68,169.93,154.45,157.27,2201100,2021-10-08T23:26:19Z
ISRG,2008-10-27,17.22,18.27,17.12,17.23,10863001,155.01,164.45,154.1,155.03,1207000,2021-10-08T23:26:19Z
ISRG,2008-10-28,18.39,18.49,17.17,17.8,15775202,165.54,166.4,154.5,160.16,1752800,2021-10-08T23:26:19Z
ISRG,2008-10-29,18.82,19.54,17.86,18.44,11206801,169.35,175.87,160.75,166,1245200,2021-10-08T23:26:19Z
ISRG,2008-10-30,18.91,19.44,18.37,19.22,8982901,170.15,175,165.37,173,998100,2021-10-08T23:26:19Z
ISRG,2008-10-31,19.2,19.56,18.37,18.53,6095701,172.79,176,165.29,166.76,677300,2021-10-08T23:26:19Z
ISRG,2008-11-03,20.38,20.93,18.92,18.92,8268301,183.38,188.35,170.25,170.25,918700,2021-10-08T23:26:19Z
ISRG,2008-11-04,22.55,22.76,20.62,21,14310002,202.92,204.84,185.62,188.97,1590000,2021-10-08T23:26:19Z
ISRG,2008-11-05,20.75,22.32,20.69,22.12,10582201,186.72,200.87,186.2,199.04,1175800,2021-10-08T23:26:19Z
ISRG,2008-11-06,19.37,20.99,19.11,20.34,7860601,174.36,188.87,172.01,183.02,873400,2021-10-08T23:26:19Z
ISRG,2008-11-07,20.27,20.66,19.48,19.87,7244101,182.47,185.93,175.29,178.8,804900,2021-10-08T23:26:19Z
ISRG,2008-11-10,19.56,21,19.29,20.89,5098500,176.02,188.98,173.62,188,566500,2021-10-08T23:26:19Z
ISRG,2008-11-11,18.82,19.22,18.41,18.78,6474601,169.37,173,165.66,169.04,719400,2021-10-08T23:26:19Z
ISRG,2008-11-12,17.99,18.8,17.91,18.71,5708700,161.94,169.2,161.23,168.36,634300,2021-10-08T23:26:19Z
ISRG,2008-11-13,17.74,18.48,16.03,18.05,25794904,159.64,166.35,144.31,162.47,2866100,2021-10-08T23:26:19Z
ISRG,2008-11-14,16.49,18.28,16.46,17.52,12806102,148.41,164.49,148.14,157.69,1422900,2021-10-08T23:26:19Z
ISRG,2008-11-17,13.7,16.49,13.67,16.1,23409902,123.34,148.44,123.02,144.87,2601100,2021-10-08T23:26:19Z
ISRG,2008-11-18,13.72,14.44,13.18,13.92,17188202,123.51,129.94,118.62,125.26,1909800,2021-10-08T23:26:19Z
ISRG,2008-11-19,13.45,14.43,13.43,13.78,18813602,121.09,129.9,120.91,124.02,2090400,2021-10-08T23:26:19Z
ISRG,2008-11-20,12.42,13.76,12.3,12.95,16345802,111.74,123.81,110.71,116.56,1816200,2021-10-08T23:26:19Z
ISRG,2008-11-21,13.14,13.16,12.26,12.94,17016302,118.26,118.45,110.35,116.49,1890700,2021-10-08T23:26:19Z
ISRG,2008-11-24,13.88,14.04,13.14,13.6,11291401,124.94,126.36,118.26,122.37,1254600,2021-10-08T23:26:19Z
ISRG,2008-11-25,13.82,14.22,13.21,14.22,11485801,124.39,128,118.85,127.99,1276200,2021-10-08T23:26:19Z
ISRG,2008-11-26,14.96,14.99,13.36,13.36,10523701,134.67,134.89,120.25,120.25,1169300,2021-10-08T23:26:19Z
ISRG,2008-11-28,14.73,14.96,14.5,14.56,4480200,132.53,134.65,130.51,131.03,497800,2021-10-08T23:26:19Z
ISRG,2008-12-01,13.25,14.47,13.21,14.25,8625601,119.23,130.19,118.92,128.21,958400,2021-10-08T23:26:19Z
ISRG,2008-12-02,13.11,13.59,12.69,13.45,11659501,117.95,122.3,114.25,121.07,1295500,2021-10-08T23:26:19Z
ISRG,2008-12-03,14.79,14.86,13.12,13.34,19893602,133.07,133.72,118.09,120.03,2210400,2021-10-08T23:26:19Z
ISRG,2008-12-04,14.01,15.05,13.69,14.34,10941301,126.07,135.48,123.24,129.03,1215700,2021-10-08T23:26:19Z
ISRG,2008-12-05,15.27,15.27,13.67,13.67,9654301,137.46,137.46,123,123,1072700,2021-10-08T23:26:19Z
ISRG,2008-12-08,15.6,16.06,15.4,15.8,9133201,140.38,144.54,138.61,142.24,1014800,2021-10-08T23:26:19Z
ISRG,2008-12-09,14.78,15.59,14.45,15.56,9712801,133.05,140.33,130.02,140,1079200,2021-10-08T23:26:19Z
ISRG,2008-12-10,15.46,15.66,15,15,8840701,139.12,140.95,134.99,134.99,982300,2021-10-08T23:26:19Z
ISRG,2008-12-11,15.22,15.92,15.09,15.33,7395301,137,143.25,135.83,137.94,821700,2021-10-08T23:26:19Z
ISRG,2008-12-12,14.93,15.33,14.45,14.54,7464601,134.38,137.95,130.08,130.85,829400,2021-10-08T23:26:19Z
ISRG,2008-12-15,14.24,15.58,14.09,15.58,7947001,128.13,140.26,126.78,140.26,883000,2021-10-08T23:26:19Z
ISRG,2008-12-16,15.21,15.21,14.22,14.45,9529201,136.85,136.87,128.01,130.08,1058800,2021-10-08T23:26:19Z
ISRG,2008-12-17,14.68,15.09,14.56,14.72,7371901,132.08,135.83,131.07,132.46,819100,2021-10-08T23:26:19Z
ISRG,2008-12-18,14.59,15.17,14.45,14.81,6525901,131.32,136.49,130.03,133.27,725100,2021-10-08T23:26:19Z
ISRG,2008-12-19,13.95,14.78,13.74,14.33,10152901,125.51,132.99,123.64,129,1128100,2021-10-08T23:26:19Z
ISRG,2008-12-22,13.54,14.2,13.2,13.96,6625801,121.83,127.8,118.76,125.64,736200,2021-10-08T23:26:19Z
ISRG,2008-12-23,13.36,13.79,13.24,13.36,5382900,120.23,124.14,119.13,120.2,598100,2021-10-08T23:26:19Z
ISRG,2008-12-24,13.52,13.58,13.21,13.36,1634400,121.72,122.19,118.88,120.24,181600,2021-10-08T23:26:19Z
ISRG,2008-12-26,13.53,13.59,13.26,13.57,2143800,121.8,122.31,119.33,122.13,238200,2021-10-08T23:26:19Z
ISRG,2008-12-29,13.33,13.62,13.13,13.42,5601600,120.01,122.57,118.21,120.74,622400,2021-10-08T23:26:19Z
ISRG,2008-12-30,13.82,14.06,13.36,13.61,6323401,124.34,126.56,120.22,122.5,702600,2021-10-08T23:26:19Z
ISRG,2008-12-31,14.11,14.19,13.87,13.9,4527000,126.99,127.75,124.79,125.11,503000,2021-10-08T23:26:19Z
ISRG,2009-01-02,14.71,14.74,14.04,14.04,6250501,132.41,132.7,126.38,126.38,694500,2021-10-08T23:26:19Z
ISRG,2009-01-05,13.95,14.61,13.89,14.29,9410401,125.54,131.45,125.03,128.59,1045600,2021-10-08T23:26:19Z
ISRG,2009-01-06,13.58,14.13,13.36,14.03,10108801,122.19,127.21,120.26,126.28,1123200,2021-10-08T23:26:19Z
ISRG,2009-01-07,13.1,13.72,12.94,13.39,17226902,117.88,123.48,116.5,120.5,1914100,2021-10-08T23:26:19Z
ISRG,2009-01-08,12.28,12.58,11.08,11.17,65871008,110.54,113.2,99.75,100.51,7319000,2021-10-08T23:26:19Z
ISRG,2009-01-09,11.31,12.22,11.23,12.22,21829502,101.8,110,101.05,109.97,2425500,2021-10-08T23:26:19Z
ISRG,2009-01-12,11.19,11.77,11.13,11.54,16211703,100.75,105.9,100.2,103.83,1801300,2021-10-08T23:26:19Z
ISRG,2009-01-13,11.41,11.59,10.94,11.08,13306502,102.65,104.27,98.42,99.76,1478500,2021-10-08T23:26:19Z
ISRG,2009-01-14,11.04,11.28,10.96,11.13,17209802,99.34,101.49,98.65,100.15,1912200,2021-10-08T23:26:19Z
ISRG,2009-01-15,11.19,11.39,10.69,11.09,11802601,100.68,102.5,96.17,99.84,1311400,2021-10-08T23:26:19Z
ISRG,2009-01-16,11.11,11.55,10.85,11.41,12005102,99.97,103.94,97.65,102.69,1333900,2021-10-08T23:26:19Z
ISRG,2009-01-20,10.52,11.32,10.47,11.16,12809702,94.65,101.89,94.22,100.48,1423300,2021-10-08T23:26:19Z
ISRG,2009-01-21,10.78,10.95,10.55,10.71,12842102,97,98.55,94.93,96.39,1426900,2021-10-08T23:26:19Z
ISRG,2009-01-22,10.67,10.89,10.17,10.89,22682702,96.01,97.99,91.57,97.99,2520300,2021-10-08T23:26:19Z
ISRG,2009-01-23,10.37,10.69,9.68,9.79,28755004,93.29,96.23,87.14,88.08,3195000,2021-10-08T23:26:19Z
ISRG,2009-01-26,11.01,11.28,10.37,10.53,24292804,99.05,101.5,93.31,94.79,2699200,2021-10-08T23:26:19Z
ISRG,2009-01-27,11.28,11.33,10.98,11.11,11664901,101.5,101.99,98.85,99.98,1296100,2021-10-08T23:26:19Z
ISRG,2009-01-28,11.66,11.88,11.14,11.41,18934202,104.96,106.92,100.3,102.68,2103800,2021-10-08T23:26:19Z
ISRG,2009-01-29,11.33,11.65,11.26,11.65,9376201,102.01,104.83,101.38,104.83,1041800,2021-10-08T23:26:19Z
ISRG,2009-01-30,11.47,11.87,11.23,11.34,17200802,103.23,106.8,101.08,102.06,1911200,2021-10-08T23:26:19Z
ISRG,2009-02-02,11.43,11.63,11.16,11.33,12385802,102.91,104.67,100.42,101.97,1376200,2021-10-08T23:26:19Z
ISRG,2009-02-03,12.5,12.73,11.26,11.55,36537304,112.53,114.58,101.35,103.95,4059700,2021-10-08T23:26:19Z
ISRG,2009-02-04,12,12.68,11.91,12.55,20850302,108.01,114.12,107.17,112.97,2316700,2021-10-08T23:26:19Z
ISRG,2009-02-05,12.3,12.44,11.72,11.93,14760002,110.68,112,105.51,107.38,1640000,2021-10-08T23:26:19Z
ISRG,2009-02-06,12.74,12.89,12.21,12.41,10964701,114.62,116,109.89,111.71,1218300,2021-10-08T23:26:19Z
ISRG,2009-02-09,12.69,12.83,12.27,12.72,10417501,114.19,115.5,110.39,114.51,1157500,2021-10-08T23:26:19Z
ISRG,2009-02-10,11.98,12.89,11.9,12.54,11033101,107.85,116,107.1,112.83,1225900,2021-10-08T23:26:19Z
ISRG,2009-02-11,12.02,12.17,11.53,12.03,12009602,108.16,109.55,103.74,108.23,1334400,2021-10-08T23:26:19Z
ISRG,2009-02-12,12.47,12.47,11.73,11.82,10609201,112.23,112.25,105.55,106.39,1178800,2021-10-08T23:26:19Z
ISRG,2009-02-13,12.45,12.6,12.28,12.39,7020901,112.09,113.44,110.56,111.51,780100,2021-10-08T23:26:19Z
ISRG,2009-02-17,11.92,12.11,11.75,11.8,9829801,107.27,108.99,105.73,106.2,1092200,2021-10-08T23:26:19Z
ISRG,2009-02-18,11.87,12.11,11.52,12.06,9116101,106.81,108.96,103.65,108.5,1012900,2021-10-08T23:26:19Z
ISRG,2009-02-19,11.89,12.22,11.89,12.22,8854201,107,109.98,106.99,109.98,983800,2021-10-08T23:26:19Z
ISRG,2009-02-20,11.78,12.01,11.45,11.8,13956302,106.01,108.1,103.09,106.17,1550700,2021-10-08T23:26:19Z
ISRG,2009-02-23,11.16,12.08,11.1,11.91,10344601,100.47,108.76,99.88,107.16,1149400,2021-10-08T23:26:19Z
ISRG,2009-02-24,11.52,11.58,10.85,11.03,13406402,103.67,104.24,97.65,99.27,1489600,2021-10-08T23:26:19Z
ISRG,2009-02-25,11.25,11.55,11.05,11.46,10376101,101.22,103.97,99.46,103.15,1152900,2021-10-08T23:26:19Z
ISRG,2009-02-26,10.69,11.53,10.63,11.42,10979101,96.24,103.8,95.67,102.78,1219900,2021-10-08T23:26:19Z
ISRG,2009-02-27,10.11,10.67,10.11,10.56,18801902,90.96,96,90.96,95,2089100,2021-10-08T23:26:19Z
ISRG,2009-03-02,9.48,10.07,9.43,9.92,22716002,85.33,90.6,84.86,89.26,2524000,2021-10-08T23:26:19Z
ISRG,2009-03-03,9.71,9.87,9.45,9.57,13196702,87.37,88.85,85.09,86.14,1466300,2021-10-08T23:26:19Z
ISRG,2009-03-04,10.19,10.41,9.89,10,15552902,91.69,93.7,88.97,90,1728100,2021-10-08T23:26:19Z
ISRG,2009-03-05,10.02,10.37,9.98,10.3,17398802,90.2,93.3,89.79,92.71,1933200,2021-10-08T23:26:19Z
ISRG,2009-03-06,10.65,10.66,10.11,10.17,15630302,95.89,95.94,91.01,91.5,1736700,2021-10-08T23:26:19Z
ISRG,2009-03-09,10.76,11.16,10.56,10.56,11429101,96.87,100.44,95.01,95.01,1269900,2021-10-08T23:26:19Z
ISRG,2009-03-10,11.24,11.28,10.73,10.89,10029601,101.12,101.5,96.56,98.05,1114400,2021-10-08T23:26:19Z
ISRG,2009-03-11,10.84,11.29,10.7,11.26,12569402,97.55,101.6,96.31,101.38,1396600,2021-10-08T23:26:19Z
ISRG,2009-03-12,11.47,11.53,10.56,10.77,19735202,103.24,103.79,95.07,96.93,2192800,2021-10-08T23:26:19Z
ISRG,2009-03-13,11.45,11.52,11.21,11.49,9910801,103.03,103.72,100.91,103.4,1101200,2021-10-08T23:26:19Z
ISRG,2009-03-16,11.2,11.66,11.18,11.47,9615601,100.81,104.97,100.63,103.25,1068400,2021-10-08T23:26:19Z
ISRG,2009-03-17,11.68,11.68,11.12,11.53,9346501,105.11,105.11,100.11,103.74,1038500,2021-10-08T23:26:19Z
ISRG,2009-03-18,11.31,11.58,11.01,11.31,17599502,101.81,104.2,99.11,101.75,1955500,2021-10-08T23:26:19Z
ISRG,2009-03-19,10.8,11.43,10.67,11.43,12572102,97.18,102.9,96,102.88,1396900,2021-10-08T23:26:19Z
ISRG,2009-03-20,10.41,10.92,10.3,10.9,15247802,93.68,98.31,92.67,98.09,1694200,2021-10-08T23:26:19Z
ISRG,2009-03-23,10.8,10.81,10.39,10.7,12556802,97.22,97.33,93.5,96.26,1395200,2021-10-08T23:26:19Z
ISRG,2009-03-24,10.56,10.75,10.48,10.58,11569501,95.07,96.74,94.29,95.21,1285500,2021-10-08T23:26:19Z
ISRG,2009-03-25,10.69,10.97,10.39,10.64,9169201,96.21,98.7,93.54,95.75,1018800,2021-10-08T23:26:19Z
ISRG,2009-03-26,10.81,10.89,10.5,10.89,10865701,97.32,97.99,94.52,97.99,1207300,2021-10-08T23:26:19Z
ISRG,2009-03-27,10.71,10.77,10.51,10.74,6543001,96.42,96.92,94.6,96.69,727000,2021-10-08T23:26:19Z
ISRG,2009-03-30,10.43,10.59,10.32,10.5,6820201,93.9,95.33,92.86,94.54,757800,2021-10-08T23:26:19Z
ISRG,2009-03-31,10.6,10.84,10.39,10.56,7901101,95.36,97.52,93.51,95,877900,2021-10-08T23:26:19Z
ISRG,2009-04-01,10.48,10.55,10.17,10.35,11639701,94.33,94.92,91.52,93.11,1293300,2021-10-08T23:26:19Z
ISRG,2009-04-02,10.92,11.02,10.53,10.64,16769702,98.31,99.19,94.75,95.75,1863300,2021-10-08T23:26:19Z
ISRG,2009-04-03,10.75,11.07,10.67,10.94,10642501,96.73,99.67,96,98.5,1182500,2021-10-08T23:26:19Z
ISRG,2009-04-06,10.99,11.01,10.65,10.72,9469801,98.88,99.09,95.81,96.5,1052200,2021-10-08T23:26:19Z
ISRG,2009-04-07,10.75,10.88,10.44,10.44,14535002,96.78,97.89,94,94,1615000,2021-10-08T23:26:19Z
ISRG,2009-04-08,11.27,11.29,10.61,10.72,13626002,101.47,101.58,95.49,96.46,1514000,2021-10-08T23:26:19Z
ISRG,2009-04-09,12.47,12.54,11.53,11.55,20825102,112.24,112.9,103.75,103.95,2313900,2021-10-08T23:26:19Z
ISRG,2009-04-13,12.75,13.05,12.21,12.21,15983102,114.72,117.45,109.88,109.88,1775900,2021-10-08T23:26:19Z
ISRG,2009-04-14,13.12,13.43,12.7,12.95,20098802,118.07,120.89,114.3,116.53,2233200,2021-10-08T23:26:19Z
ISRG,2009-04-15,13.05,13.28,12.8,13.07,12216602,117.41,119.48,115.2,117.6,1357400,2021-10-08T23:26:19Z
ISRG,2009-04-16,13.11,14.15,12.58,13.65,52602308,118,127.32,113.2,122.81,5844700,2021-10-08T23:26:19Z
ISRG,2009-04-17,14.48,14.72,12.68,12.99,38964604,130.35,132.45,114.1,116.87,4329400,2021-10-08T23:26:19Z
ISRG,2009-04-20,14,14.77,13.94,14.33,15080402,125.98,132.95,125.5,128.94,1675600,2021-10-08T23:26:19Z
ISRG,2009-04-21,14.33,14.38,13.78,13.8,8788501,128.96,129.46,123.98,124.18,976500,2021-10-08T23:26:19Z
ISRG,2009-04-22,15.04,15.44,14,14.03,17316902,135.39,139,126,126.24,1924100,2021-10-08T23:26:19Z
ISRG,2009-04-23,15.17,15.37,14.61,15.14,10701001,136.51,138.35,131.46,136.22,1189000,2021-10-08T23:26:19Z
ISRG,2009-04-24,16.69,17.19,15.11,15.17,29212204,150.24,154.71,136.03,136.51,3245800,2021-10-08T23:26:19Z
ISRG,2009-04-27,16.1,16.7,15.89,16.22,12921302,144.92,150.29,143.02,146,1435700,2021-10-08T23:26:19Z
ISRG,2009-04-28,15.45,16,15.44,15.62,16389902,139.09,143.98,139,140.56,1821100,2021-10-08T23:26:19Z
ISRG,2009-04-29,16.26,16.39,15.63,15.67,10870201,146.36,147.54,140.71,141,1207800,2021-10-08T23:26:19Z
ISRG,2009-04-30,15.97,16.77,15.75,16.77,13527902,143.73,150.96,141.76,150.96,1503100,2021-10-08T23:26:19Z
ISRG,2009-05-01,15.87,16.1,15.56,16.1,7689601,142.8,144.9,140.08,144.9,854400,2021-10-08T23:26:19Z
ISRG,2009-05-04,16.53,16.6,15.9,16.11,13628702,148.75,149.38,143.09,145,1514300,2021-10-08T23:26:19Z
ISRG,2009-05-05,16.96,17.13,16.54,16.54,15657302,152.64,154.19,148.86,148.86,1739700,2021-10-08T23:26:19Z
ISRG,2009-05-06,17.53,17.66,17.06,17.18,13817702,157.75,158.93,153.57,154.6,1535300,2021-10-08T23:26:19Z
ISRG,2009-05-07,17.68,18.28,17.45,17.89,14906702,159.08,164.5,157.01,160.98,1656300,2021-10-08T23:26:19Z
ISRG,2009-05-08,17.64,18.21,17.27,17.8,10146601,158.77,163.89,155.47,160.21,1127400,2021-10-08T23:26:19Z
ISRG,2009-05-11,17.65,17.94,17.06,17.38,9241201,158.83,161.5,153.56,156.45,1026800,2021-10-08T23:26:19Z
ISRG,2009-05-12,17.44,17.7,17.04,17.69,9833401,156.98,159.27,153.39,159.22,1092600,2021-10-08T23:26:19Z
ISRG,2009-05-13,16.86,17.27,16.78,17.27,11104201,151.72,155.43,151,155.43,1233800,2021-10-08T23:26:19Z
ISRG,2009-05-14,17.06,17.2,16.59,16.86,8587801,153.53,154.81,149.31,151.72,954200,2021-10-08T23:26:19Z
ISRG,2009-05-15,16.66,17.08,16.62,17.06,10252801,149.92,153.69,149.57,153.51,1139200,2021-10-08T23:26:19Z
ISRG,2009-05-18,17.07,17.07,16.67,16.88,9446401,153.59,153.61,150.05,151.96,1049600,2021-10-08T23:26:19Z
ISRG,2009-05-19,17.21,17.44,16.93,16.95,7911901,154.93,156.95,152.4,152.57,879100,2021-10-08T23:26:19Z
ISRG,2009-05-20,16.74,17.33,16.67,17.33,7578001,150.66,156.01,150,156.01,842000,2021-10-08T23:26:19Z
ISRG,2009-05-21,15.83,16.77,15.65,16.61,16200902,142.43,150.91,140.89,149.45,1800100,2021-10-08T23:26:19Z
ISRG,2009-05-22,15.8,16.18,15.66,15.95,10134901,142.2,145.63,140.9,143.53,1126100,2021-10-08T23:26:19Z
ISRG,2009-05-26,16.37,16.49,15.56,15.59,7515901,147.3,148.37,140.01,140.31,835100,2021-10-08T23:26:19Z
ISRG,2009-05-27,15.85,16.47,15.77,16.29,7872300,142.68,148.24,141.97,146.57,874700,2021-10-08T23:26:19Z
ISRG,2009-05-28,15.62,16.1,15.37,16.05,9153901,140.54,144.86,138.35,144.45,1017100,2021-10-08T23:26:19Z
ISRG,2009-05-29,16.63,16.64,15.86,15.86,13174202,149.68,149.72,142.73,142.73,1463800,2021-10-08T23:26:19Z
ISRG,2009-06-01,16.59,17.38,16.49,16.89,12304802,149.28,156.46,148.39,152,1367200,2021-10-08T23:26:19Z
ISRG,2009-06-02,17.67,17.84,16.67,16.97,16159502,159.05,160.59,150.06,152.73,1795500,2021-10-08T23:26:19Z
ISRG,2009-06-03,17.4,17.44,16.95,17.41,13045502,156.61,157,152.52,156.67,1449500,2021-10-08T23:26:19Z
ISRG,2009-06-04,17.28,17.63,16.94,17.42,9861301,155.5,158.66,152.49,156.78,1095700,2021-10-08T23:26:19Z
ISRG,2009-06-05,17.33,17.4,16.73,17.11,15532202,156.01,156.63,150.61,154,1725800,2021-10-08T23:26:19Z
ISRG,2009-06-08,16.94,17.32,16.78,17.32,9535501,152.49,155.89,151.05,155.89,1059500,2021-10-08T23:26:19Z
ISRG,2009-06-09,17.42,17.67,16.9,16.9,12893402,156.76,159,152.14,152.14,1432600,2021-10-08T23:26:19Z
ISRG,2009-06-10,17.75,17.98,17.33,17.78,9588601,159.72,161.78,156,159.99,1065400,2021-10-08T23:26:19Z
ISRG,2009-06-11,18.5,18.96,17.77,17.77,17258402,166.52,170.66,159.9,159.9,1917600,2021-10-08T23:26:19Z
ISRG,2009-06-12,18.5,18.85,18.23,18.51,9362701,166.51,169.65,164.03,166.6,1040300,2021-10-08T23:26:19Z
ISRG,2009-06-15,17.7,18.22,17.62,18.22,7348501,159.28,164.01,158.61,164.01,816500,2021-10-08T23:26:19Z
ISRG,2009-06-16,17.58,18.07,17.48,18,7842601,158.22,162.65,157.34,162,871400,2021-10-08T23:26:19Z
ISRG,2009-06-17,17.55,17.93,17.42,17.55,6951601,157.99,161.4,156.8,157.99,772400,2021-10-08T23:26:19Z
ISRG,2009-06-18,17.4,17.66,17.21,17.52,7002001,156.58,158.93,154.9,157.66,778000,2021-10-08T23:26:19Z
ISRG,2009-06-19,17.91,18.17,17.49,17.56,10543501,161.15,163.51,157.39,158.06,1171500,2021-10-08T23:26:19Z
ISRG,2009-06-22,17.14,17.94,17.07,17.78,6535801,154.25,161.5,153.67,159.99,726200,2021-10-08T23:26:19Z
ISRG,2009-06-23,17.07,17.32,17,17,5417100,153.65,155.87,153,153,601900,2021-10-08T23:26:19Z
ISRG,2009-06-24,17.19,17.46,16.89,17.1,6556501,154.75,157.15,152,153.9,728500,2021-10-08T23:26:19Z
ISRG,2009-06-25,17.61,17.79,16.94,17.12,5566500,158.45,160.14,152.42,154.04,618500,2021-10-08T23:26:19Z
ISRG,2009-06-26,17.75,17.81,17.38,17.59,4851900,159.72,160.27,156.46,158.3,539100,2021-10-08T23:26:19Z
ISRG,2009-06-29,18.15,18.39,17.74,17.75,6579001,163.32,165.49,159.66,159.71,731000,2021-10-08T23:26:19Z
ISRG,2009-06-30,18.18,18.48,18,18.48,5913000,163.66,166.3,162.01,166.3,657000,2021-10-08T23:26:19Z
ISRG,2009-07-01,18.12,18.54,18.08,18.3,4813200,163.1,166.85,162.72,164.73,534800,2021-10-08T23:26:19Z
ISRG,2009-07-02,17.63,18.12,17.46,17.78,5644800,158.71,163.1,157.17,160,627200,2021-10-08T23:26:19Z
ISRG,2009-07-06,17.34,17.59,17.08,17.42,6100201,156.09,158.33,153.7,156.74,677800,2021-10-08T23:26:19Z
ISRG,2009-07-07,16.44,17.04,16.41,17,11285101,148,153.4,147.66,153,1253900,2021-10-08T23:26:19Z
ISRG,2009-07-08,16.13,16.54,15.89,16.45,11188801,145.18,148.89,143.01,148.01,1243200,2021-10-08T23:26:19Z
ISRG,2009-07-09,15.94,16.3,15.89,16.26,6302701,143.5,146.71,143.05,146.34,700300,2021-10-08T23:26:19Z
ISRG,2009-07-10,15.84,16.04,15.69,15.81,5994001,142.6,144.35,141.25,142.29,666000,2021-10-08T23:26:19Z
ISRG,2009-07-13,16.63,16.73,15.89,15.89,9453601,149.65,150.6,142.99,143,1050400,2021-10-08T23:26:19Z
ISRG,2009-07-14,16.81,16.91,16.36,16.53,8614801,151.26,152.19,147.25,148.75,957200,2021-10-08T23:26:19Z
ISRG,2009-07-15,17.06,17.41,17,17.17,10132201,153.57,156.66,153.02,154.52,1125800,2021-10-08T23:26:19Z
ISRG,2009-07-16,17.42,17.59,16.92,17.1,8649901,156.82,158.29,152.25,153.94,961100,2021-10-08T23:26:19Z
ISRG,2009-07-17,17.28,17.59,17.19,17.5,6657301,155.54,158.28,154.75,157.47,739700,2021-10-08T23:26:19Z
ISRG,2009-07-20,18.27,18.35,17.75,17.75,11061001,164.42,165.19,159.72,159.73,1229000,2021-10-08T23:26:19Z
ISRG,2009-07-21,18.6,18.88,18.29,18.55,12451502,167.41,169.89,164.62,166.96,1383500,2021-10-08T23:26:19Z
ISRG,2009-07-22,18.87,19.05,18.36,19,28446304,169.79,171.42,165.28,171,3160700,2021-10-08T23:26:19Z
ISRG,2009-07-23,23.93,23.99,21.92,22.1,53139608,215.37,215.95,197.25,198.88,5904400,2021-10-08T23:26:19Z
ISRG,2009-07-24,24.73,24.82,23.5,23.53,16197303,222.53,223.42,211.5,211.78,1799700,2021-10-08T23:26:19Z
ISRG,2009-07-27,24.3,24.73,23.76,24.05,11664001,218.7,222.53,213.87,216.43,1296000,2021-10-08T23:26:19Z
ISRG,2009-07-28,24.85,24.95,23.68,23.78,11924102,223.62,224.55,213.11,214,1324900,2021-10-08T23:26:19Z
ISRG,2009-07-29,24.96,25.27,24.46,24.57,7266601,224.67,227.4,220.15,221.12,807400,2021-10-08T23:26:19Z
ISRG,2009-07-30,25.22,25.84,25.06,25.34,8832601,226.95,232.54,225.55,228.09,981400,2021-10-08T23:26:19Z
ISRG,2009-07-31,25.26,25.53,24.98,25.17,8938801,227.32,229.78,224.86,226.5,993200,2021-10-08T23:26:19Z
ISRG,2009-08-03,26.08,26.08,25.61,25.77,9212401,234.69,234.7,230.49,231.89,1023600,2021-10-08T23:26:19Z
ISRG,2009-08-04,26.53,26.54,25.72,25.76,9617401,238.79,238.85,231.5,231.84,1068600,2021-10-08T23:26:19Z
ISRG,2009-08-05,26.16,26.61,25.75,26.51,7659000,235.42,239.49,231.78,238.63,851000,2021-10-08T23:26:19Z
ISRG,2009-08-06,25.23,26.37,25.17,26.22,7959601,227.03,237.33,226.56,236,884400,2021-10-08T23:26:19Z
ISRG,2009-08-07,25.57,26,25.4,25.9,6387301,230.1,233.97,228.6,233.12,709700,2021-10-08T23:26:19Z
ISRG,2009-08-10,25.57,25.82,25.27,25.4,4752900,230.17,232.38,227.4,228.56,528100,2021-10-08T23:26:19Z
ISRG,2009-08-11,25.11,25.82,24.88,25.35,4498200,225.97,232.4,223.9,228.14,499800,2021-10-08T23:26:19Z
ISRG,2009-08-12,25.52,25.76,24.93,25.06,5092200,229.68,231.88,224.4,225.5,565800,2021-10-08T23:26:19Z
ISRG,2009-08-13,25.35,25.82,25.13,25.7,3620700,228.15,232.35,226.14,231.3,402300,2021-10-08T23:26:19Z
ISRG,2009-08-14,24.87,25.45,24.56,25.17,4652100,223.8,229.04,221.03,226.51,516900,2021-10-08T23:26:19Z
ISRG,2009-08-17,24.15,24.35,23.95,24.1,4911300,217.37,219.18,215.51,216.87,545700,2021-10-08T23:26:19Z
ISRG,2009-08-18,24.46,24.57,23.83,24.36,3468600,220.17,221.09,214.51,219.2,385400,2021-10-08T23:26:19Z
ISRG,2009-08-19,24.72,24.81,24,24,2409300,222.51,223.3,216,216,267700,2021-10-08T23:26:19Z
ISRG,2009-08-20,25.02,25.06,24.58,24.78,2700900,225.22,225.57,221.24,223.03,300100,2021-10-08T23:26:19Z
ISRG,2009-08-21,25.64,25.72,25.13,25.41,4627800,230.74,231.51,226.17,228.65,514200,2021-10-08T23:26:19Z
ISRG,2009-08-24,25.65,26.24,25.53,26.02,5130000,230.87,236.2,229.81,234.2,570000,2021-10-08T23:26:19Z
ISRG,2009-08-25,25.49,26.03,25.39,25.69,3466800,229.42,234.29,228.52,231.24,385200,2021-10-08T23:26:19Z
ISRG,2009-08-26,25.42,25.9,25.31,25.72,2839500,228.75,233.08,227.77,231.5,315500,2021-10-08T23:26:19Z
ISRG,2009-08-27,25.09,25.56,24.71,25.42,5674500,225.81,230,222.42,228.75,630500,2021-10-08T23:26:19Z
ISRG,2009-08-28,24.99,25.44,24.66,25.31,3592800,224.9,228.95,221.96,227.81,399200,2021-10-08T23:26:19Z
ISRG,2009-08-31,24.75,24.86,24.39,24.4,4397400,222.71,223.74,219.51,219.56,488600,2021-10-08T23:26:19Z
ISRG,2009-09-01,23.93,25.1,23.87,24.57,7442101,215.39,225.89,214.8,221.15,826900,2021-10-08T23:26:19Z
ISRG,2009-09-02,23.99,24.02,23.44,23.68,6449401,215.89,216.16,211,213.12,716600,2021-10-08T23:26:19Z
ISRG,2009-09-03,24.65,24.7,23.87,24.2,5041800,221.82,222.26,214.81,217.81,560200,2021-10-08T23:26:19Z
ISRG,2009-09-04,25.27,25.51,24.46,24.6,7430401,227.41,229.55,220.1,221.39,825600,2021-10-08T23:26:19Z
ISRG,2009-09-08,25.6,25.72,25.42,25.51,4803300,230.44,231.45,228.77,229.57,533700,2021-10-08T23:26:19Z
ISRG,2009-09-09,26.94,27.19,25.52,25.61,12112202,242.46,244.74,229.69,230.5,1345800,2021-10-08T23:26:19Z
ISRG,2009-09-10,27.29,27.48,26.68,27.13,8090101,245.63,247.33,240.13,244.15,898900,2021-10-08T23:26:19Z
ISRG,2009-09-11,26.71,27.63,26.55,27.37,7941601,240.4,248.63,238.98,246.37,882400,2021-10-08T23:26:19Z
ISRG,2009-09-14,26.96,26.96,26.42,26.54,3759300,242.66,242.66,237.81,238.84,417700,2021-10-08T23:26:19Z
ISRG,2009-09-15,27.05,27.32,26.78,26.9,5867100,243.47,245.85,241,242.06,651900,2021-10-08T23:26:19Z
ISRG,2009-09-16,27.46,27.51,26.74,27.06,4358700,247.12,247.58,240.65,243.5,484300,2021-10-08T23:26:19Z
ISRG,2009-09-17,27.19,28.22,27.09,27.51,6535801,244.69,253.94,243.82,247.61,726200,2021-10-08T23:26:19Z
ISRG,2009-09-18,27.55,27.71,26.96,27.32,6363001,247.92,249.4,242.65,245.9,707000,2021-10-08T23:26:19Z
ISRG,2009-09-21,27.39,27.83,27.23,27.38,4137300,246.53,250.45,245.04,246.44,459700,2021-10-08T23:26:19Z
ISRG,2009-09-22,27.39,27.79,27.03,27.58,2871000,246.51,250.14,243.24,248.2,319000,2021-10-08T23:26:19Z
ISRG,2009-09-23,27.2,27.78,27.2,27.5,4326300,244.83,250,244.81,247.5,480700,2021-10-08T23:26:19Z
ISRG,2009-09-24,26.89,27.5,26.32,27.28,4817700,242,247.51,236.86,245.5,535300,2021-10-08T23:26:19Z
ISRG,2009-09-25,28.61,28.78,26.49,26.8,18090902,257.5,258.98,238.43,241.23,2010100,2021-10-08T23:26:19Z
ISRG,2009-09-28,28.78,29.28,28.44,28.47,8556301,259,263.49,255.97,256.22,950700,2021-10-08T23:26:19Z
ISRG,2009-09-29,28.51,28.89,28.32,28.83,3852900,256.59,260.01,254.92,259.43,428100,2021-10-08T23:26:19Z
ISRG,2009-09-30,29.14,29.5,28.14,28.51,7559101,262.25,265.49,253.22,256.63,839900,2021-10-08T23:26:19Z
ISRG,2009-10-01,28.05,29.22,28.04,28.9,7999201,252.42,263,252.36,260.06,888800,2021-10-08T23:26:19Z
ISRG,2009-10-02,28.02,28.2,27.63,27.67,3429900,252.14,253.77,248.7,249,381100,2021-10-08T23:26:19Z
ISRG,2009-10-05,28.34,28.43,27.79,28.11,4848300,255.07,255.89,250.15,253,538700,2021-10-08T23:26:19Z
ISRG,2009-10-06,28.3,28.55,28,28.5,6610501,254.66,256.98,252,256.47,734500,2021-10-08T23:26:19Z
ISRG,2009-10-07,28.36,28.37,28.02,28.31,3315600,255.25,255.3,252.21,254.77,368400,2021-10-08T23:26:19Z
ISRG,2009-10-08,27.82,28.82,27.65,28.68,10481401,250.38,259.4,248.87,258.08,1164600,2021-10-08T23:26:19Z
ISRG,2009-10-09,28.22,28.42,27.69,27.85,6641101,253.99,255.81,249.19,250.64,737900,2021-10-08T23:26:19Z
ISRG,2009-10-12,28.22,28.56,27.89,28.56,2920500,254,257,251.01,257,324500,2021-10-08T23:26:19Z
ISRG,2009-10-13,27.74,28.69,26.84,28.21,14788801,249.64,258.17,241.6,253.85,1643200,2021-10-08T23:26:19Z
ISRG,2009-10-14,28.61,28.68,27.24,27.78,9851401,257.49,258.1,245.15,250.02,1094600,2021-10-08T23:26:19Z
ISRG,2009-10-15,28.81,28.92,28.06,28.39,6022801,259.33,260.26,252.5,255.55,669200,2021-10-08T23:26:19Z
ISRG,2009-10-16,28.38,28.64,28.14,28.63,5142600,255.43,257.75,253.26,257.64,571400,2021-10-08T23:26:19Z
ISRG,2009-10-19,29.38,29.49,28.31,28.6,7579801,264.4,265.41,254.82,257.4,842200,2021-10-08T23:26:19Z
ISRG,2009-10-20,29.72,29.92,29.33,29.81,16096502,267.45,269.27,264,268.26,1788500,2021-10-08T23:26:19Z
ISRG,2009-10-21,28.03,28.53,26.81,27.29,31296606,252.31,256.73,241.27,245.6,3477400,2021-10-08T23:26:19Z
ISRG,2009-10-22,28.79,28.93,27.61,27.74,10063801,259.12,260.4,248.5,249.63,1118200,2021-10-08T23:26:19Z
ISRG,2009-10-23,29.22,29.44,28.22,28.68,9538201,262.96,265,254,258.11,1059800,2021-10-08T23:26:19Z
ISRG,2009-10-26,28.94,29.26,28.65,28.73,7671600,260.47,263.35,257.81,258.61,852400,2021-10-08T23:26:19Z
ISRG,2009-10-27,28.67,28.96,28.4,28.86,4823100,258,260.66,255.56,259.76,535900,2021-10-08T23:26:19Z
ISRG,2009-10-28,27.5,28.67,27.46,28.47,3910500,247.51,258,247.1,256.25,434500,2021-10-08T23:26:19Z
ISRG,2009-10-29,28.17,28.51,27.58,27.58,3983400,253.55,256.56,248.25,248.26,442600,2021-10-08T23:26:19Z
ISRG,2009-10-30,27.37,28.44,27.34,28.44,5438700,246.35,255.98,246.03,255.98,604300,2021-10-08T23:26:19Z
ISRG,2009-11-02,27.38,27.72,27.01,27.59,4048200,246.38,249.45,243.1,248.33,449800,2021-10-08T23:26:19Z
ISRG,2009-11-03,27.55,27.67,27.09,27.32,3291300,247.99,249,243.82,245.86,365700,2021-10-08T23:26:19Z
