ticker,tradeDate,clsPx,hiPx,loPx,open,stockVolume,unadjClsPx,unadjHiPx,unadjLoPx,unadjOpen,unadjStockVolume,updatedAt
JNJ,2006-01-03,34.32,34.45,34,34.01,19218929,61.63,61.85,61.05,61.07,10703100,2026-02-28T03:46:24Z
JNJ,2006-01-04,34.85,34.88,34.39,34.49,16283035,62.58,62.64,61.76,61.93,9068100,2026-02-28T03:46:24Z
JNJ,2006-01-05,34.71,35.06,34.58,34.85,17691716,62.32,62.95,62.1,62.57,9852600,2026-02-28T03:46:24Z
JNJ,2006-01-06,34.86,34.94,34.61,34.73,10628937,62.6,62.74,62.14,62.36,5919300,2026-02-28T03:46:24Z
JNJ,2006-01-09,35.08,35.09,34.77,34.82,12755693,62.99,63.01,62.43,62.52,7103700,2026-02-28T03:46:24Z
JNJ,2006-01-10,35.14,35.14,34.81,34.82,11955900,63.1,63.1,62.5,62.52,6658300,2026-02-28T03:46:24Z
JNJ,2006-01-11,34.81,35.08,34.49,35.06,15844921,62.5,62.99,61.94,62.96,8824100,2026-02-28T03:46:24Z
JNJ,2006-01-12,34.65,34.83,34.42,34.81,13040666,62.21,62.55,61.8,62.5,7262400,2026-02-28T03:46:24Z
JNJ,2006-01-13,34.43,34.69,34.2,34.47,12647783,61.82,62.29,61.42,61.9,7043600,2026-02-28T03:46:24Z
JNJ,2006-01-17,34.13,34.57,34.03,34.14,17371024,61.28,62.07,61.1,61.31,9674000,2026-02-28T03:46:24Z
JNJ,2006-01-18,34.63,34.66,34.17,34.39,13580780,62.19,62.24,61.35,61.75,7563200,2026-02-28T03:46:24Z
JNJ,2006-01-19,34.62,34.87,34.36,34.7,13457764,62.17,62.62,61.7,62.3,7494700,2026-02-28T03:46:24Z
JNJ,2006-01-20,33.86,34.7,33.82,34.1,19796748,60.8,62.3,60.73,61.24,11024900,2026-02-28T03:46:24Z
JNJ,2006-01-23,34.08,34.1,33.75,33.83,12959847,61.19,61.24,60.61,60.75,7217400,2026-02-28T03:46:24Z
JNJ,2006-01-24,33.06,34.1,33.06,33.52,35835714,59.36,61.24,59.36,60.19,19957100,2026-02-28T03:46:24Z
JNJ,2006-01-25,32.58,33.97,32.32,33.97,45553073,58.5,61,58.04,61,25368700,2026-02-28T03:46:24Z
JNJ,2006-01-26,32.66,33.14,32.61,32.72,28633438,58.64,59.5,58.56,58.75,15946100,2026-02-28T03:46:24Z
JNJ,2006-01-27,32.7,32.97,32.49,32.83,20822936,58.71,59.21,58.35,58.95,11596400,2026-02-28T03:46:24Z
JNJ,2006-01-30,32.52,32.72,32.32,32.7,21327908,58.4,58.75,58.04,58.71,11877600,2026-02-28T03:46:24Z
JNJ,2006-01-31,32.04,32.49,31.99,32.38,36924985,57.54,58.34,57.45,58.15,20563700,2026-02-28T03:46:24Z
JNJ,2006-02-01,32.22,32.53,32.11,32.12,24064625,57.86,58.42,57.65,57.67,13401700,2026-02-28T03:46:24Z
JNJ,2006-02-02,32.11,32.51,32.07,32.49,17982586,57.65,58.38,57.59,58.35,10014600,2026-02-28T03:46:24Z
JNJ,2006-02-03,31.96,32.02,31.75,31.89,19788479,57.38,57.5,57.02,57.26,11020300,2026-02-28T03:46:24Z
JNJ,2006-02-06,31.66,32.05,31.55,32.02,19067734,56.85,57.56,56.65,57.5,10618900,2026-02-28T03:46:24Z
JNJ,2006-02-07,31.63,31.93,31.58,31.74,18567801,56.8,57.33,56.7,57,10340500,2026-02-28T03:46:24Z
JNJ,2006-02-08,32.63,32.71,31.7,31.77,26265904,58.6,58.74,56.93,57.05,14627600,2026-02-28T03:46:24Z
JNJ,2006-02-09,32.61,33.25,32.47,32.94,21783239,58.55,59.71,58.3,59.15,12131200,2026-02-28T03:46:24Z
JNJ,2006-02-10,32.52,32.72,32.43,32.69,14649168,58.39,58.76,58.24,58.7,8158200,2026-02-28T03:46:24Z
JNJ,2006-02-13,32.58,32.66,32.32,32.51,9006036,58.5,58.64,58.04,58.38,5015500,2026-02-28T03:46:24Z
JNJ,2006-02-14,32.89,33.01,32.69,32.69,17627983,59.05,59.27,58.7,58.7,9817100,2026-02-28T03:46:24Z
JNJ,2006-02-15,32.91,33.08,32.69,32.9,14929828,59.1,59.4,58.7,59.08,8314500,2026-02-28T03:46:24Z
JNJ,2006-02-16,32.85,33.11,32.62,33.11,21357001,58.98,59.45,58.58,59.45,11893800,2026-02-28T03:46:24Z
JNJ,2006-02-17,32.9,33.01,32.71,32.96,12162568,59.07,59.27,58.74,59.18,6773400,2026-02-28T03:46:24Z
JNJ,2006-02-21,32.94,33.04,32.72,32.93,11653535,59.14,59.32,58.75,59.13,6489900,2026-02-28T03:46:24Z
JNJ,2006-02-22,32.87,32.97,32.69,32.86,15527244,59.03,59.2,58.7,59.01,8647200,2026-02-28T03:46:24Z
JNJ,2006-02-23,32.63,32.89,32.55,32.86,17513432,58.59,59.06,58.45,59,9753300,2026-02-28T03:46:24Z
JNJ,2006-02-24,32.35,32.87,32.16,32.87,18522159,57.76,58.69,57.42,58.69,10373500,2026-02-28T03:46:24Z
JNJ,2006-02-27,32.43,32.79,32.39,32.46,12566361,57.91,58.55,57.83,57.96,7037900,2026-02-28T03:46:24Z
JNJ,2006-02-28,32.29,32.44,32.16,32.38,15966533,57.65,57.92,57.42,57.81,8942200,2026-02-28T03:46:24Z
JNJ,2006-03-01,32.29,32.38,32.17,32.27,12749371,57.66,57.82,57.45,57.62,7140400,2026-02-28T03:46:24Z
JNJ,2006-03-02,32.31,32.63,32.17,32.2,13917285,57.69,58.26,57.45,57.5,7794500,2026-02-28T03:46:24Z
JNJ,2006-03-03,32.19,32.55,32.19,32.23,11540567,57.47,58.12,57.47,57.55,6463400,2026-02-28T03:46:24Z
JNJ,2006-03-06,32.4,32.52,32.21,32.24,13122730,57.85,58.07,57.51,57.57,7349500,2026-02-28T03:46:24Z
JNJ,2006-03-07,32.61,32.66,32.22,32.22,17069648,58.22,58.31,57.53,57.53,9560000,2026-02-28T03:46:24Z
JNJ,2006-03-08,32.9,32.96,32.39,32.57,13255197,58.74,58.85,57.83,58.15,7423700,2026-02-28T03:46:24Z
JNJ,2006-03-09,32.66,33.03,32.62,33.02,15303584,58.31,58.97,58.25,58.95,8570900,2026-02-28T03:46:24Z
JNJ,2006-03-10,33.07,33.07,32.76,32.85,16499860,59.04,59.04,58.5,58.65,9240900,2026-02-28T03:46:24Z
JNJ,2006-03-13,33.09,33.25,33.04,33.24,11105254,59.08,59.37,59,59.35,6219600,2026-02-28T03:46:24Z
JNJ,2006-03-14,33.21,33.27,33.06,33.13,14175828,59.29,59.4,59.03,59.15,7939300,2026-02-28T03:46:24Z
JNJ,2006-03-15,33.49,33.58,33.1,33.13,15892624,59.8,59.95,59.1,59.15,8900800,2026-02-28T03:46:24Z
JNJ,2006-03-16,33.61,33.73,33.44,33.58,19257580,60.02,60.23,59.7,59.95,10785400,2026-02-28T03:46:24Z
JNJ,2006-03-17,33.79,33.83,33.69,33.83,20555488,60.34,60.4,60.15,60.4,11512300,2026-02-28T03:46:24Z
JNJ,2006-03-20,33.87,33.91,33.77,33.83,10515311,60.48,60.55,60.3,60.4,5889200,2026-02-28T03:46:24Z
JNJ,2006-03-21,33.92,34.07,33.83,34.04,14069935,60.57,60.84,60.41,60.78,7880000,2026-02-28T03:46:24Z
JNJ,2006-03-22,34.16,34.22,33.77,33.77,12617420,61,61.1,60.3,60.3,7066500,2026-02-28T03:46:24Z
JNJ,2006-03-23,34.06,34.11,33.95,34.03,12412259,60.81,60.9,60.62,60.77,6951600,2026-02-28T03:46:24Z
JNJ,2006-03-24,33.82,34.05,33.77,33.97,9247586,60.39,60.8,60.29,60.66,5179200,2026-02-28T03:46:24Z
JNJ,2006-03-27,33.57,33.83,33.46,33.64,13336823,59.94,60.4,59.75,60.07,7469400,2026-02-28T03:46:24Z
JNJ,2006-03-28,33.38,33.53,33.33,33.49,13837834,59.6,59.87,59.51,59.8,7750000,2026-02-28T03:46:24Z
JNJ,2006-03-29,33.33,33.49,33.24,33.39,12458690,59.51,59.8,59.35,59.62,6977600,2026-02-28T03:46:24Z
JNJ,2006-03-30,33.24,33.41,33.16,33.17,13996026,59.35,59.65,59.2,59.22,7838600,2026-02-28T03:46:24Z
JNJ,2006-03-31,33.17,33.45,33.08,33.3,17326744,59.22,59.73,59.06,59.45,9704000,2026-02-28T03:46:24Z
JNJ,2006-04-03,33.14,33.47,33.11,33.32,16554858,59.17,59.76,59.12,59.49,9271700,2026-02-28T03:46:24Z
JNJ,2006-04-04,32.94,33.22,32.9,33.2,16975875,58.82,59.31,58.75,59.27,9507500,2026-02-28T03:46:24Z
JNJ,2006-04-05,32.71,33.03,32.66,32.82,15673322,58.4,58.98,58.31,58.6,8778000,2026-02-28T03:46:24Z
JNJ,2006-04-06,32.76,32.9,32.55,32.71,11484487,58.5,58.74,58.11,58.4,6432000,2026-02-28T03:46:24Z
JNJ,2006-04-07,32.39,32.89,32.31,32.74,16023854,57.83,58.72,57.7,58.45,8974300,2026-02-28T03:46:24Z
JNJ,2006-04-10,32.32,32.43,32.22,32.4,16524332,57.71,57.91,57.52,57.85,9254600,2026-02-28T03:46:24Z
JNJ,2006-04-11,32.34,32.49,32.1,32.32,16274182,57.75,58.02,57.32,57.71,9114500,2026-02-28T03:46:24Z
JNJ,2006-04-12,32.41,32.48,32.35,32.4,11977671,57.87,57.99,57.76,57.85,6708200,2026-02-28T03:46:24Z
JNJ,2006-04-13,32.43,32.48,32.22,32.39,13105590,57.91,58,57.53,57.84,7339900,2026-02-28T03:46:24Z
JNJ,2006-04-17,32.29,32.38,32.18,32.3,15731915,57.65,57.82,57.46,57.68,8810800,2026-02-28T03:46:24Z
JNJ,2006-04-18,32.56,32.56,32.3,32.31,22601569,58.13,58.14,57.67,57.7,12658200,2026-02-28T03:46:24Z
JNJ,2006-04-19,32.49,32.7,32.4,32.64,16329720,58.02,58.38,57.85,58.28,9145600,2026-02-28T03:46:24Z
JNJ,2006-04-20,32.61,32.76,32.49,32.52,13605723,58.22,58.5,58.02,58.06,7620000,2026-02-28T03:46:24Z
JNJ,2006-04-21,32.69,32.82,32.52,32.76,17880584,58.37,58.6,58.06,58.5,10014200,2026-02-28T03:46:24Z
JNJ,2006-04-24,32.67,32.83,32.59,32.77,14532907,58.33,58.61,58.19,58.51,8139300,2026-02-28T03:46:24Z
JNJ,2006-04-25,32.6,32.74,32.55,32.66,15254478,58.21,58.45,58.12,58.32,8543400,2026-02-28T03:46:24Z
JNJ,2006-04-26,32.79,32.84,32.65,32.7,18902982,58.54,58.64,58.29,58.38,10586800,2026-02-28T03:46:24Z
JNJ,2006-04-27,32.85,33,32.59,32.59,20672441,58.65,58.92,58.2,58.2,11577800,2026-02-28T03:46:24Z
JNJ,2006-04-28,32.83,32.93,32.76,32.85,15305510,58.61,58.79,58.5,58.65,8572000,2026-02-28T03:46:24Z
JNJ,2006-05-01,32.81,32.92,32.79,32.88,13452493,58.59,58.78,58.55,58.71,7534200,2026-02-28T03:46:24Z
JNJ,2006-05-02,32.86,33.02,32.82,32.91,9984471,58.67,58.96,58.6,58.77,5591900,2026-02-28T03:46:24Z
JNJ,2006-05-03,32.68,32.88,32.62,32.78,16744099,58.35,58.7,58.24,58.53,9377700,2026-02-28T03:46:24Z
JNJ,2006-05-04,32.63,32.75,32.59,32.73,13924619,58.26,58.47,58.19,58.44,7798600,2026-02-28T03:46:24Z
JNJ,2006-05-05,32.88,32.94,32.68,32.76,12610443,58.7,58.82,58.35,58.5,7062600,2026-02-28T03:46:24Z
JNJ,2006-05-08,32.88,32.98,32.85,32.88,10615476,58.71,58.88,58.65,58.7,5945300,2026-02-28T03:46:24Z
JNJ,2006-05-09,32.69,32.93,32.66,32.88,12781309,58.36,58.79,58.32,58.7,7158300,2026-02-28T03:46:24Z
JNJ,2006-05-10,32.66,32.76,32.62,32.71,13989078,58.32,58.49,58.25,58.4,7834700,2026-02-28T03:46:24Z
JNJ,2006-05-11,32.95,33.08,32.82,32.85,17508496,58.84,59.07,58.6,58.66,9805800,2026-02-28T03:46:24Z
JNJ,2006-05-12,32.95,33.18,32.71,32.71,18276274,58.83,59.25,58.4,58.4,10235800,2026-02-28T03:46:24Z
JNJ,2006-05-15,33.59,33.61,32.95,33.03,19245673,59.97,60.01,58.84,58.97,10778700,2026-02-28T03:46:24Z
JNJ,2006-05-16,33.74,33.87,33.52,33.58,14759139,60.25,60.48,59.85,59.96,8266000,2026-02-28T03:46:24Z
JNJ,2006-05-17,33.68,34.05,33.58,33.6,24475777,60.13,60.79,59.95,60,13707900,2026-02-28T03:46:24Z
JNJ,2006-05-18,33.68,33.87,33.63,33.77,15209088,60.14,60.48,60.04,60.3,8518000,2026-02-28T03:46:24Z
JNJ,2006-05-19,33.55,33.74,33.4,33.69,23498619,59.9,60.24,59.63,60.16,13160600,2026-02-28T03:46:24Z
JNJ,2006-05-22,33.53,33.72,33.41,33.42,17166243,59.86,60.2,59.65,59.68,9614100,2026-02-28T03:46:24Z
JNJ,2006-05-23,33.6,33.91,33.59,33.69,18441650,60,60.55,59.97,60.15,10328400,2026-02-28T03:46:24Z
JNJ,2006-05-24,34.05,34.12,33.6,33.67,22992389,60.79,60.93,59.99,60.12,12877100,2026-02-28T03:46:24Z
JNJ,2006-05-25,34.07,34.33,33.9,34.33,15469310,60.45,60.91,60.15,60.91,8717500,2026-02-28T03:46:24Z
JNJ,2006-05-26,34.2,34.31,34.08,34.28,11001249,60.69,60.89,60.48,60.84,6199600,2026-02-28T03:46:24Z
JNJ,2006-05-30,33.73,34.12,33.71,34.08,13913763,59.85,60.55,59.82,60.48,7840900,2026-02-28T03:46:24Z
JNJ,2006-05-31,33.94,33.97,33.74,33.89,14657997,60.22,60.28,59.88,60.14,8260300,2026-02-28T03:46:24Z
JNJ,2006-06-01,34.18,34.21,33.93,33.95,10047113,60.65,60.7,60.21,60.25,5661900,2026-02-28T03:46:24Z
JNJ,2006-06-02,34.23,34.38,34.07,34.21,11829971,60.74,61.01,60.45,60.7,6666600,2026-02-28T03:46:24Z
JNJ,2006-06-05,33.89,34.09,33.86,34.01,12282985,60.13,60.5,60.09,60.35,6921900,2026-02-28T03:46:24Z
JNJ,2006-06-06,34.34,34.52,34.02,34.06,18754604,60.94,61.25,60.36,60.44,10568900,2026-02-28T03:46:24Z
JNJ,2006-06-07,34.47,34.76,34.38,34.44,16870614,61.17,61.69,61.01,61.12,9507200,2026-02-28T03:46:24Z
JNJ,2006-06-08,34.69,34.8,34.4,34.48,22232524,61.56,61.75,61.04,61.18,12528800,2026-02-28T03:46:24Z
JNJ,2006-06-09,34.59,34.76,34.56,34.62,15299660,61.38,61.68,61.32,61.43,8621900,2026-02-28T03:46:24Z
JNJ,2006-06-12,34.59,34.75,34.57,34.63,11547810,61.38,61.66,61.34,61.45,6507600,2026-02-28T03:46:24Z
JNJ,2006-06-13,34.4,34.76,34.38,34.69,21451025,61.05,61.69,61.01,61.55,12088400,2026-02-28T03:46:24Z
JNJ,2006-06-14,34.52,34.59,34.35,34.53,15922178,61.25,61.38,60.96,61.28,8972700,2026-02-28T03:46:24Z
JNJ,2006-06-15,34.64,34.66,34.33,34.46,15728037,61.47,61.51,60.92,61.15,8863300,2026-02-28T03:46:24Z
JNJ,2006-06-16,34.76,34.8,34.55,34.55,20670730,61.68,61.75,61.3,61.3,11648700,2026-02-28T03:46:24Z
JNJ,2006-06-19,34.57,34.76,34.56,34.71,17728431,61.35,61.68,61.32,61.6,9990600,2026-02-28T03:46:24Z
JNJ,2006-06-20,34.67,34.77,34.49,34.58,12294536,61.53,61.7,61.21,61.37,6928400,2026-02-28T03:46:24Z
JNJ,2006-06-21,34.82,34.88,34.66,34.66,12597772,61.79,61.9,61.5,61.5,7099300,2026-02-28T03:46:24Z
JNJ,2006-06-22,34.48,34.94,34.33,34.55,14840060,61.18,62,60.92,61.3,8362900,2026-02-28T03:46:24Z
JNJ,2006-06-23,34.56,34.79,34.38,34.41,8880717,61.32,61.74,61,61.06,5004600,2026-02-28T03:46:24Z
JNJ,2006-06-26,33.93,33.96,33.53,33.59,27447050,60.21,60.26,59.5,59.6,15467400,2026-02-28T03:46:24Z
JNJ,2006-06-27,33.56,33.96,33.54,33.94,18387151,59.55,60.26,59.51,60.22,10361800,2026-02-28T03:46:24Z
JNJ,2006-06-28,33.38,33.58,33.23,33.54,16841888,59.23,59.58,58.97,59.52,9491000,2026-02-28T03:46:24Z
JNJ,2006-06-29,33.75,33.9,33.3,33.39,15069344,59.89,60.15,59.1,59.25,8492100,2026-02-28T03:46:24Z
JNJ,2006-06-30,33.77,34.01,33.76,33.89,18281925,59.92,60.35,59.91,60.14,10302500,2026-02-28T03:46:24Z
JNJ,2006-07-03,33.9,34.03,33.82,33.88,5860138,60.15,60.38,60.02,60.13,3302400,2026-02-28T03:46:24Z
JNJ,2006-07-05,33.83,34.05,33.7,33.7,11653558,60.04,60.42,59.8,59.8,6567200,2026-02-28T03:46:24Z
JNJ,2006-07-06,34.11,34.2,33.84,33.88,9993682,60.52,60.69,60.05,60.12,5631800,2026-02-28T03:46:24Z
JNJ,2006-07-07,34.16,34.3,34.05,34.15,9499141,60.62,60.87,60.43,60.6,5353100,2026-02-28T03:46:24Z
JNJ,2006-07-10,34.35,34.37,34.21,34.29,8397871,60.95,60.99,60.7,60.85,4732500,2026-02-28T03:46:24Z
JNJ,2006-07-11,34.25,34.37,34.15,34.35,12603839,60.77,60.99,60.6,60.95,7102700,2026-02-28T03:46:24Z
JNJ,2006-07-12,34.16,34.35,34.13,34.27,10947676,60.62,60.95,60.57,60.81,6169400,2026-02-28T03:46:24Z
JNJ,2006-07-13,33.96,34.24,33.91,34.22,14235832,60.27,60.76,60.17,60.73,8022400,2026-02-28T03:46:24Z
JNJ,2006-07-14,34.07,34.41,33.9,33.99,13365600,60.46,61.06,60.15,60.31,7532000,2026-02-28T03:46:24Z
JNJ,2006-07-17,34.32,34.55,34.12,34.12,12925910,60.91,61.3,60.55,60.55,7284200,2026-02-28T03:46:24Z
JNJ,2006-07-18,34.15,34.39,33.63,34.26,14733609,60.6,61.02,59.68,60.8,8302900,2026-02-28T03:46:24Z
JNJ,2006-07-19,34.55,34.65,34.09,34.27,15021219,61.31,61.49,60.49,60.82,8465000,2026-02-28T03:46:24Z
JNJ,2006-07-20,34.58,34.79,34.49,34.49,9871951,61.37,61.73,61.2,61.2,5563200,2026-02-28T03:46:24Z
JNJ,2006-07-21,34.79,34.93,34.7,34.75,15357349,61.73,61.99,61.57,61.67,8654400,2026-02-28T03:46:24Z
JNJ,2006-07-24,34.93,34.94,34.73,34.75,13891240,61.98,62,61.63,61.67,7828200,2026-02-28T03:46:24Z
JNJ,2006-07-25,34.88,34.94,34.65,34.66,11185468,61.9,62,61.49,61.5,6303400,2026-02-28T03:46:24Z
JNJ,2006-07-26,34.97,35.02,34.74,34.8,10044258,62.05,62.15,61.65,61.75,5660300,2026-02-28T03:46:24Z
JNJ,2006-07-27,35.25,35.26,34.97,35.02,13590263,62.56,62.57,62.05,62.15,7658600,2026-02-28T03:46:24Z
JNJ,2006-07-28,35.46,35.5,35.19,35.25,13817035,62.92,63,62.45,62.55,7786400,2026-02-28T03:46:24Z
JNJ,2006-07-31,35.25,35.44,35.24,35.32,12589817,62.55,62.88,62.53,62.67,7094800,2026-02-28T03:46:24Z
JNJ,2006-08-01,35.32,35.42,35.1,35.15,8085560,62.68,62.85,62.29,62.38,4556500,2026-02-28T03:46:24Z
JNJ,2006-08-02,35.59,35.62,35.44,35.56,13151776,63.15,63.2,62.88,63.1,7411500,2026-02-28T03:46:24Z
JNJ,2006-08-03,35.55,35.69,35.52,35.56,11643284,63.08,63.34,63.04,63.1,6561400,2026-02-28T03:46:24Z
JNJ,2006-08-04,35.8,35.9,35.6,35.64,11806535,63.53,63.7,63.18,63.25,6653400,2026-02-28T03:46:24Z
JNJ,2006-08-07,35.65,35.75,35.59,35.64,11770684,63.27,63.44,63.16,63.25,6633200,2026-02-28T03:46:24Z
JNJ,2006-08-08,35.82,35.9,35.73,35.74,9292231,63.56,63.71,63.4,63.42,5236500,2026-02-28T03:46:24Z
JNJ,2006-08-09,35.68,35.91,35.52,35.89,10868870,63.32,63.72,63.03,63.68,6125000,2026-02-28T03:46:24Z
JNJ,2006-08-10,35.81,35.92,35.67,35.71,9648721,63.55,63.75,63.3,63.36,5437400,2026-02-28T03:46:24Z
JNJ,2006-08-11,35.77,35.95,35.73,35.82,13334030,63.47,63.79,63.4,63.56,7514200,2026-02-28T03:46:24Z
JNJ,2006-08-14,36.02,36.07,35.92,36.04,13090197,63.91,64,63.74,63.95,7376800,2026-02-28T03:46:24Z
JNJ,2006-08-15,36.3,36.34,35.98,36.07,12764067,64.41,64.48,63.85,64,7193000,2026-02-28T03:46:24Z
JNJ,2006-08-16,36.41,36.49,36.3,36.34,10126077,64.61,64.75,64.42,64.48,5706400,2026-02-28T03:46:24Z
JNJ,2006-08-17,36.2,36.45,36.14,36.44,15052107,64.23,64.68,64.13,64.66,8482400,2026-02-28T03:46:24Z
JNJ,2006-08-18,36.3,36.4,36.15,36.29,12751443,64.42,64.6,64.15,64.39,7185900,2026-02-28T03:46:24Z
JNJ,2006-08-21,36.22,36.39,36.17,36.22,12999900,64.27,64.58,64.19,64.27,7325900,2026-02-28T03:46:24Z
JNJ,2006-08-22,36.16,36.26,36.08,36.2,14691016,64.16,64.34,64.03,64.24,8278900,2026-02-28T03:46:24Z
JNJ,2006-08-23,36.02,36.1,35.95,36.07,11708741,63.91,64.06,63.8,64,6598300,2026-02-28T03:46:24Z
JNJ,2006-08-24,36.63,36.7,36.2,36.23,18935635,65,65.13,64.24,64.3,10670900,2026-02-28T03:46:24Z
JNJ,2006-08-25,36.66,36.78,36.62,36.69,9813951,64.67,64.89,64.61,64.73,5562600,2026-02-28T03:46:24Z
JNJ,2006-08-28,36.6,36.77,36.59,36.72,10543475,64.58,64.87,64.55,64.79,5976100,2026-02-28T03:46:24Z
JNJ,2006-08-29,36.62,36.64,36.45,36.56,9375182,64.6,64.65,64.3,64.5,5313900,2026-02-28T03:46:24Z
JNJ,2006-08-30,36.62,36.73,36.62,36.68,7823678,64.6,64.8,64.6,64.72,4434500,2026-02-28T03:46:24Z
JNJ,2006-08-31,36.65,36.7,36.51,36.65,8140368,64.66,64.74,64.42,64.66,4614000,2026-02-28T03:46:24Z
JNJ,2006-09-01,36.68,36.78,36.6,36.77,8280078,64.72,64.89,64.58,64.87,4693200,2026-02-28T03:46:24Z
JNJ,2006-09-05,36.45,36.7,36.4,36.62,12512920,64.31,64.74,64.21,64.6,7092400,2026-02-28T03:46:24Z
JNJ,2006-09-06,36.23,36.42,36.23,36.28,15014323,63.92,64.25,63.92,64,8510200,2026-02-28T03:46:24Z
JNJ,2006-09-07,35.97,36.1,35.85,36,13068318,63.46,63.7,63.25,63.51,7407200,2026-02-28T03:46:24Z
JNJ,2006-09-08,36.04,36.13,35.92,36,10434961,63.59,63.75,63.38,63.51,5914600,2026-02-28T03:46:24Z
JNJ,2006-09-11,36.3,36.31,36.04,36.08,9197694,64.04,64.06,63.59,63.65,5213300,2026-02-28T03:46:24Z
JNJ,2006-09-12,36.18,36.33,36.12,36.25,12825209,63.83,64.09,63.73,63.96,7269400,2026-02-28T03:46:24Z
JNJ,2006-09-13,36.17,36.29,36.15,36.25,11089682,63.81,64.03,63.78,63.95,6285700,2026-02-28T03:46:24Z
JNJ,2006-09-14,36.12,36.19,35.95,36.13,9516319,63.73,63.85,63.42,63.75,5393900,2026-02-28T03:46:24Z
JNJ,2006-09-15,36.16,36.35,36.05,36.05,17036894,63.79,64.14,63.6,63.6,9656600,2026-02-28T03:46:24Z
JNJ,2006-09-18,36.37,36.46,36.21,36.25,12307763,64.16,64.33,63.89,63.95,6976100,2026-02-28T03:46:24Z
JNJ,2006-09-19,36.38,36.39,36.25,36.37,9256784,64.18,64.2,63.95,64.16,5246800,2026-02-28T03:46:24Z
JNJ,2006-09-20,36.38,36.56,36.35,36.5,11083356,64.19,64.5,64.14,64.4,6282100,2026-02-28T03:46:24Z
JNJ,2006-09-21,36.41,36.51,36.3,36.37,13067805,64.23,64.41,64.05,64.17,7406900,2026-02-28T03:46:24Z
JNJ,2006-09-22,36.25,36.34,36.19,36.3,9888395,63.96,64.11,63.85,64.04,5604800,2026-02-28T03:46:24Z
JNJ,2006-09-25,36.38,36.47,36.29,36.42,10142821,64.19,64.34,64.02,64.25,5749000,2026-02-28T03:46:24Z
JNJ,2006-09-26,36.66,36.68,36.47,36.5,10400748,64.67,64.72,64.35,64.4,5895200,2026-02-28T03:46:24Z
JNJ,2006-09-27,36.74,36.77,36.57,36.58,9746209,64.82,64.87,64.52,64.54,5524200,2026-02-28T03:46:24Z
JNJ,2006-09-28,36.79,36.87,36.73,36.77,8852413,64.9,65.04,64.81,64.88,5017600,2026-02-28T03:46:24Z
JNJ,2006-09-29,36.81,36.85,36.64,36.81,13534783,64.94,65.01,64.65,64.94,7671600,2026-02-28T03:46:24Z
JNJ,2006-10-02,36.89,37.03,36.81,36.84,11003765,65.09,65.33,64.94,65,6237000,2026-02-28T03:46:24Z
JNJ,2006-10-03,37.13,37.23,36.83,36.88,12252690,65.5,65.68,64.97,65.06,6944900,2026-02-28T03:46:24Z
JNJ,2006-10-04,37.31,37.34,37.05,37.15,10883099,65.83,65.88,65.37,65.54,6168600,2026-02-28T03:46:24Z
JNJ,2006-10-05,36.9,37.2,36.91,37.01,14111897,65.11,65.64,65.11,65.3,7998700,2026-02-28T03:46:24Z
JNJ,2006-10-06,36.88,36.93,36.76,36.85,12588079,65.06,65.16,64.86,65.01,7135000,2026-02-28T03:46:24Z
JNJ,2006-10-09,36.77,36.84,36.65,36.79,9784125,64.87,65,64.66,64.9,5545700,2026-02-28T03:46:24Z
JNJ,2006-10-10,36.82,36.83,36.67,36.75,10668735,64.96,64.98,64.7,64.84,6047100,2026-02-28T03:46:24Z
JNJ,2006-10-11,36.9,36.96,36.73,36.78,8566792,65.1,65.2,64.8,64.89,4855700,2026-02-28T03:46:24Z
JNJ,2006-10-12,36.75,37.01,36.72,36.97,13941277,64.84,65.29,64.78,65.23,7902000,2026-02-28T03:46:24Z
JNJ,2006-10-13,36.6,37.26,36.56,37.26,11315345,64.58,65.74,64.5,65.74,6413600,2026-02-28T03:46:24Z
JNJ,2006-10-16,36.8,36.89,36.67,36.87,11217422,64.93,65.08,64.7,65.05,6358100,2026-02-28T03:46:24Z
JNJ,2006-10-17,37.45,37.69,37.13,37.2,27013682,66.08,66.5,65.5,65.63,15311500,2026-02-28T03:46:24Z
JNJ,2006-10-18,38.63,38.63,37.69,37.8,31553502,68.15,68.15,66.5,66.68,17884700,2026-02-28T03:46:24Z
JNJ,2006-10-19,38.57,38.67,38.45,38.54,15212467,68.04,68.22,67.84,68,8622500,2026-02-28T03:46:24Z
JNJ,2006-10-20,38.89,39.19,38.7,38.77,21285781,68.62,69.14,68.27,68.4,12064900,2026-02-28T03:46:24Z
JNJ,2006-10-23,39.17,39.34,38.73,38.74,15775412,69.1,69.41,68.33,68.35,8941600,2026-02-28T03:46:24Z
JNJ,2006-10-24,38.97,39.03,38.69,38.88,19149239,68.75,68.86,68.26,68.6,10853900,2026-02-28T03:46:24Z
JNJ,2006-10-25,39.01,39.08,38.81,38.97,12363155,68.83,68.95,68.47,68.75,7007500,2026-02-28T03:46:24Z
JNJ,2006-10-26,39.01,39.05,38.59,38.98,14416922,68.82,68.89,68.08,68.77,8171600,2026-02-28T03:46:24Z
JNJ,2006-10-27,38.64,38.91,38.54,38.88,14018576,68.17,68.64,68,68.6,7945800,2026-02-28T03:46:24Z
JNJ,2006-10-30,38.37,38.75,38.29,38.73,16188105,67.7,68.36,67.55,68.33,9175500,2026-02-28T03:46:24Z
JNJ,2006-10-31,38.2,38.43,38.11,38.43,21084123,67.4,67.8,67.23,67.8,11950600,2026-02-28T03:46:24Z
JNJ,2006-11-01,38.08,38.3,37.89,38.19,19665120,67.18,67.57,66.85,67.38,11146300,2026-02-28T03:46:24Z
JNJ,2006-11-02,38.49,38.54,38.03,38.06,18303101,67.9,68,67.09,67.15,10374300,2026-02-28T03:46:24Z
JNJ,2006-11-03,38.44,38.72,38.41,38.54,12536215,67.81,68.32,67.76,68,7105600,2026-02-28T03:46:24Z
JNJ,2006-11-06,38.78,38.82,38.31,38.67,14187064,68.42,68.49,67.59,68.23,8041300,2026-02-28T03:46:24Z
JNJ,2006-11-07,38.95,39.13,38.62,38.64,18827095,68.71,69.03,68.14,68.17,10671300,2026-02-28T03:46:24Z
JNJ,2006-11-08,38.54,38.71,38.21,38.56,25261577,67.99,68.3,67.41,68.03,14318400,2026-02-28T03:46:24Z
JNJ,2006-11-09,37.49,38.4,37.31,38.27,29242646,66.15,67.74,65.82,67.52,16574900,2026-02-28T03:46:24Z
JNJ,2006-11-10,37.57,37.59,37.11,37.41,17842646,66.29,66.31,65.48,66,10113300,2026-02-28T03:46:24Z
JNJ,2006-11-13,37.38,37.85,37.27,37.55,15517474,65.94,66.78,65.75,66.25,8795400,2026-02-28T03:46:24Z
JNJ,2006-11-14,37.73,37.82,37.02,37.08,20051308,66.56,66.73,65.31,65.42,11365200,2026-02-28T03:46:24Z
JNJ,2006-11-15,37.72,37.98,37.65,37.73,13714948,66.54,67,66.42,66.56,7773700,2026-02-28T03:46:24Z
JNJ,2006-11-16,37.71,37.77,37.3,37.69,18429058,66.53,66.64,65.81,66.5,10445700,2026-02-28T03:46:24Z
JNJ,2006-11-17,38.11,38.32,37.72,37.77,19614488,67.24,67.6,66.55,66.64,11117600,2026-02-28T03:46:24Z
JNJ,2006-11-20,37.98,38.32,37.88,38.3,14068155,67.01,67.6,66.83,67.58,7973900,2026-02-28T03:46:24Z
JNJ,2006-11-21,37.75,38.01,37.59,37.92,14651251,66.6,67.06,66.31,66.9,8304400,2026-02-28T03:46:24Z
JNJ,2006-11-22,37.85,37.95,37.69,37.7,12336330,66.77,66.95,66.49,66.51,6992300,2026-02-28T03:46:24Z
JNJ,2006-11-24,37.53,37.93,37.53,37.91,5109405,65.85,66.55,65.85,66.5,2912400,2026-02-28T03:46:24Z
JNJ,2006-11-27,37.42,37.52,37.18,37.34,16542235,65.65,65.83,65.22,65.5,9429200,2026-02-28T03:46:24Z
JNJ,2006-11-28,37.6,37.67,37.35,37.36,14181916,65.97,66.08,65.52,65.55,8083800,2026-02-28T03:46:24Z
JNJ,2006-11-29,37.73,37.8,37.47,37.56,11892648,66.2,66.32,65.73,65.9,6778900,2026-02-28T03:46:24Z
JNJ,2006-11-30,37.57,37.87,37.44,37.73,13682801,65.91,66.43,65.68,66.2,7799300,2026-02-28T03:46:24Z
JNJ,2006-12-01,37.6,37.66,37.24,37.57,15696983,65.97,66.06,65.33,65.91,8947400,2026-02-28T03:46:24Z
JNJ,2006-12-04,37.78,38.03,37.51,37.84,13669116,66.28,66.72,65.81,66.39,7791500,2026-02-28T03:46:24Z
JNJ,2006-12-05,37.72,37.83,37.59,37.82,11559846,66.17,66.37,65.94,66.35,6589200,2026-02-28T03:46:24Z
JNJ,2006-12-06,37.64,37.76,37.51,37.76,12538780,66.03,66.25,65.8,66.25,7147200,2026-02-28T03:46:24Z
JNJ,2006-12-07,37.65,37.98,37.59,37.76,18288878,66.06,66.64,65.95,66.25,10424800,2026-02-28T03:46:24Z
JNJ,2006-12-08,37.59,37.76,37.44,37.56,10747576,65.95,66.25,65.68,65.9,6126200,2026-02-28T03:46:24Z
JNJ,2006-12-11,37.45,37.62,37.31,37.6,13562309,65.7,66,65.46,65.96,7730600,2026-02-28T03:46:24Z
JNJ,2006-12-12,37.38,37.56,37.22,37.49,15678562,65.58,65.9,65.29,65.78,8936900,2026-02-28T03:46:24Z
JNJ,2006-12-13,37.32,37.62,37.29,37.51,15537903,65.47,66,65.42,65.8,8856700,2026-02-28T03:46:24Z
JNJ,2006-12-14,37.76,37.97,37.35,37.49,16242241,66.25,66.62,65.52,65.78,9258200,2026-02-28T03:46:24Z
JNJ,2006-12-15,37.79,37.95,37.34,37.85,22452685,66.29,66.57,65.5,66.4,12798200,2026-02-28T03:46:24Z
JNJ,2006-12-18,37.96,38.1,37.75,37.75,13853675,66.6,66.84,66.22,66.22,7896700,2026-02-28T03:46:24Z
JNJ,2006-12-19,38.12,38.33,37.98,37.99,17974324,66.88,67.25,66.63,66.65,10245500,2026-02-28T03:46:24Z
JNJ,2006-12-20,37.87,38.13,37.81,37.99,17242403,66.43,66.89,66.34,66.65,9828300,2026-02-28T03:46:24Z
JNJ,2006-12-21,37.62,37.84,37.55,37.75,15314006,66,66.38,65.88,66.23,8729100,2026-02-28T03:46:24Z
JNJ,2006-12-22,37.42,37.59,37.31,37.49,10644769,65.65,65.95,65.45,65.78,6067600,2026-02-28T03:46:24Z
JNJ,2006-12-26,37.42,37.49,37.32,37.39,6674121,65.64,65.78,65.48,65.6,3804300,2026-02-28T03:46:24Z
JNJ,2006-12-27,37.63,37.71,37.49,37.59,9068826,66.01,66.15,65.78,65.94,5169300,2026-02-28T03:46:24Z
JNJ,2006-12-28,37.86,37.96,37.54,37.54,9562154,66.42,66.6,65.86,65.86,5450500,2026-02-28T03:46:24Z
JNJ,2006-12-29,37.63,37.95,37.54,37.72,10310914,66.02,66.57,65.86,66.17,5877300,2026-02-28T03:46:24Z
JNJ,2007-01-03,37.85,38.25,37.68,37.7,22535493,66.4,67.1,66.11,66.13,12845400,2026-02-28T03:46:24Z
JNJ,2007-01-04,38.32,38.54,37.56,37.56,19845004,67.23,67.62,65.9,65.9,11311800,2026-02-28T03:46:24Z
JNJ,2007-01-05,37.97,38.33,37.91,38.08,14282444,66.62,67.25,66.5,66.8,8141100,2026-02-28T03:46:24Z
JNJ,2007-01-08,37.91,38.05,37.65,37.91,10842488,66.51,66.75,66.05,66.51,6180300,2026-02-28T03:46:24Z
JNJ,2007-01-09,37.77,38.1,37.7,37.96,12542817,66.26,66.85,66.13,66.6,7149500,2026-02-28T03:46:24Z
JNJ,2007-01-10,37.71,37.94,37.66,37.94,11453707,66.15,66.56,66.07,66.56,6528700,2026-02-28T03:46:24Z
JNJ,2007-01-11,38.04,38.1,37.78,37.85,11177924,66.73,66.84,66.28,66.4,6371500,2026-02-28T03:46:24Z
JNJ,2007-01-12,37.99,38.08,37.79,37.88,10858453,66.64,66.8,66.3,66.45,6189400,2026-02-28T03:46:24Z
JNJ,2007-01-16,37.93,38.05,37.79,37.99,13972798,66.54,66.75,66.3,66.65,7964600,2026-02-28T03:46:24Z
JNJ,2007-01-17,38.12,38.41,37.86,37.96,16122420,66.87,67.38,66.42,66.6,9189900,2026-02-28T03:46:24Z
JNJ,2007-01-18,38.6,38.76,37.79,37.88,18764494,67.71,67.99,66.3,66.46,10695900,2026-02-28T03:46:24Z
JNJ,2007-01-19,38.62,38.89,38.49,38.76,23637063,67.76,68.22,67.53,68,13473300,2026-02-28T03:46:24Z
JNJ,2007-01-22,38.29,38.82,38.29,38.76,17974326,67.18,68.11,67.17,68,10245500,2026-02-28T03:46:24Z
JNJ,2007-01-23,37.91,38.33,37.7,38.19,17015038,66.5,67.24,66.13,66.99,9698700,2026-02-28T03:46:24Z
JNJ,2007-01-24,38.2,38.24,37.79,37.85,13448069,67.01,67.09,66.3,66.41,7665500,2026-02-28T03:46:24Z
JNJ,2007-01-25,38.01,38.21,37.91,38.08,13557541,66.68,67.04,66.5,66.81,7727900,2026-02-28T03:46:24Z
JNJ,2007-01-26,37.66,38.12,37.62,38.01,18899748,66.07,66.87,65.99,66.68,10773000,2026-02-28T03:46:24Z
JNJ,2007-01-29,37.71,37.85,37.62,37.76,14302792,66.15,66.4,66,66.25,8152700,2026-02-28T03:46:24Z
JNJ,2007-01-30,37.84,37.96,37.68,37.71,12582465,66.39,66.6,66.1,66.15,7172100,2026-02-28T03:46:24Z
JNJ,2007-01-31,38.08,38.2,37.71,37.84,14335952,66.8,67.02,66.15,66.39,8171600,2026-02-28T03:46:24Z
JNJ,2007-02-01,38.2,38.23,37.91,38.08,16197155,67.01,67.07,66.5,66.8,9232500,2026-02-28T03:46:24Z
JNJ,2007-02-02,37.95,38.28,37.9,38.19,19854826,66.58,67.15,66.49,67,11317400,2026-02-28T03:46:24Z
JNJ,2007-02-05,37.79,37.96,37.68,37.84,13203685,66.3,66.6,66.1,66.38,7526200,2026-02-28T03:46:24Z
JNJ,2007-02-06,37.62,37.87,37.5,37.84,14350862,66,66.43,65.79,66.39,8180100,2026-02-28T03:46:24Z
JNJ,2007-02-07,37.51,37.68,37.42,37.62,13675782,65.8,66.1,65.65,66,7795300,2026-02-28T03:46:24Z
JNJ,2007-02-08,37.48,37.6,37.39,37.48,12877197,65.76,65.97,65.6,65.76,7340100,2026-02-28T03:46:24Z
JNJ,2007-02-09,37.39,37.68,37.35,37.54,12469340,65.6,66.1,65.53,65.86,7107600,2026-02-28T03:46:24Z
JNJ,2007-02-12,37.31,37.55,37.26,37.46,10644945,65.46,65.87,65.36,65.72,6067700,2026-02-28T03:46:24Z
JNJ,2007-02-13,37.27,37.35,37.21,37.28,15059136,65.38,65.52,65.28,65.41,8583800,2026-02-28T03:46:24Z
JNJ,2007-02-14,37.53,37.56,37.28,37.37,12728075,65.85,65.9,65.4,65.56,7255100,2026-02-28T03:46:24Z
JNJ,2007-02-15,37.5,37.58,37.39,37.48,12895968,65.79,65.93,65.59,65.75,7350800,2026-02-28T03:46:24Z
JNJ,2007-02-16,37.34,37.47,37.19,37.42,22680109,65.51,65.74,65.24,65.65,12927800,2026-02-28T03:46:24Z
JNJ,2007-02-20,37.31,37.52,37.2,37.28,16463463,65.46,65.83,65.26,65.4,9384300,2026-02-28T03:46:24Z
JNJ,2007-02-21,37.05,37.28,37.03,37.2,21116263,65,65.4,64.96,65.26,12036400,2026-02-28T03:46:24Z
JNJ,2007-02-22,36.92,37.09,36.85,37.03,22685718,64.78,65.07,64.65,64.97,12931000,2026-02-28T03:46:24Z
JNJ,2007-02-23,36.78,37.04,36.69,37.04,20208956,64.15,64.61,63.99,64.61,11586300,2026-02-28T03:46:24Z
JNJ,2007-02-26,36.86,36.97,36.7,36.84,18284742,64.3,64.49,64.01,64.25,10483100,2026-02-28T03:46:24Z
JNJ,2007-02-27,36.15,36.83,35.96,36.69,32457801,63.05,64.24,62.72,64,18608900,2026-02-28T03:46:24Z
JNJ,2007-02-28,36.08,36.53,36.02,36.27,29138227,62.93,63.72,62.82,63.27,16705700,2026-02-28T03:46:24Z
JNJ,2007-03-01,35.8,36.08,35.4,35.75,25430738,62.45,62.93,61.75,62.35,14580100,2026-02-28T03:46:24Z
JNJ,2007-03-02,35.52,35.8,35.39,35.72,24023012,61.95,62.45,61.73,62.3,13773000,2026-02-28T03:46:24Z
JNJ,2007-03-05,35.45,35.75,35.23,35.23,27954464,61.83,62.35,61.45,61.45,16027000,2026-02-28T03:46:24Z
JNJ,2007-03-06,35.37,35.67,35.19,35.63,33566083,61.7,62.22,61.37,62.15,19244300,2026-02-28T03:46:24Z
JNJ,2007-03-07,35.47,35.85,35.31,35.35,24662790,61.86,62.53,61.59,61.65,14139800,2026-02-28T03:46:24Z
JNJ,2007-03-08,35.39,35.69,35.35,35.55,25588744,61.72,62.25,61.65,62,14670700,2026-02-28T03:46:24Z
JNJ,2007-03-09,35.63,35.72,35.51,35.65,17462131,62.14,62.31,61.94,62.18,10011500,2026-02-28T03:46:24Z
JNJ,2007-03-12,35.43,35.75,35.21,35.69,23215945,61.79,62.35,61.41,62.25,13310300,2026-02-28T03:46:24Z
JNJ,2007-03-13,34.84,35.39,34.75,35.2,30003542,60.77,61.73,60.61,61.4,17201800,2026-02-28T03:46:24Z
JNJ,2007-03-14,34.81,35.06,34.46,34.97,28285845,60.71,61.15,60.11,60.99,16217000,2026-02-28T03:46:24Z
JNJ,2007-03-15,34.7,34.86,34.6,34.8,17634132,60.53,60.81,60.35,60.7,10110100,2026-02-28T03:46:24Z
JNJ,2007-03-16,34.69,34.9,34.54,34.73,27129462,60.51,60.88,60.25,60.57,15554000,2026-02-28T03:46:24Z
JNJ,2007-03-19,34.82,34.86,34.61,34.77,18183539,60.73,60.8,60.37,60.65,10425100,2026-02-28T03:46:24Z
JNJ,2007-03-20,35.01,35.17,34.77,34.78,17217438,61.07,61.34,60.65,60.66,9871200,2026-02-28T03:46:24Z
JNJ,2007-03-21,35.1,35.16,34.67,35.01,28439158,61.22,61.32,60.48,61.07,16304900,2026-02-28T03:46:24Z
JNJ,2007-03-22,34.89,35.25,34.85,35.1,23235484,60.86,61.48,60.79,61.22,13321500,2026-02-28T03:46:24Z
JNJ,2007-03-23,34.69,35.12,34.6,35.12,30833817,60.51,61.25,60.35,61.25,17677800,2026-02-28T03:46:24Z
JNJ,2007-03-26,34.54,34.86,34.33,34.86,30327240,60.25,60.8,59.87,60.8,17387400,2026-02-28T03:46:24Z
JNJ,2007-03-27,34.42,34.52,34.39,34.46,22135612,60.03,60.21,59.98,60.1,12690900,2026-02-28T03:46:24Z
JNJ,2007-03-28,34.4,34.63,34.33,34.4,28103255,60,60.4,59.87,60,16112300,2026-02-28T03:46:24Z
JNJ,2007-03-29,34.59,34.67,34.41,34.62,29389552,60.34,60.48,60.02,60.38,16849800,2026-02-28T03:46:24Z
JNJ,2007-03-30,34.55,34.66,34.37,34.65,23154382,60.26,60.45,59.95,60.43,13275000,2026-02-28T03:46:24Z
JNJ,2007-04-02,34.46,34.63,34.42,34.55,16978293,60.1,60.4,60.03,60.26,9734100,2026-02-28T03:46:24Z
JNJ,2007-04-03,34.77,34.9,34.54,34.72,21026774,60.64,60.87,60.25,60.55,12055200,2026-02-28T03:46:24Z
JNJ,2007-04-04,35.14,35.17,34.72,34.81,22648579,61.29,61.35,60.55,60.71,12985000,2026-02-28T03:46:24Z
JNJ,2007-04-05,35.29,35.49,35.1,35.17,16909758,61.55,61.9,61.23,61.34,9694800,2026-02-28T03:46:24Z
JNJ,2007-04-09,35.33,35.4,35.19,35.32,10168031,61.63,61.75,61.37,61.6,5829600,2026-02-28T03:46:24Z
JNJ,2007-04-10,35.36,35.47,35.24,35.28,15937711,61.67,61.87,61.46,61.54,9137500,2026-02-28T03:46:24Z
JNJ,2007-04-11,35.48,35.71,35.26,35.27,25755535,61.89,62.29,61.5,61.52,14766300,2026-02-28T03:46:24Z
JNJ,2007-04-12,35.5,35.52,35.26,35.29,16310461,61.92,61.95,61.5,61.55,9351200,2026-02-28T03:46:24Z
JNJ,2007-04-13,35.75,35.76,35.48,35.63,25371238,62.35,62.38,61.89,62.15,14546000,2026-02-28T03:46:24Z
JNJ,2007-04-16,36.13,36.13,35.78,35.83,23363848,63.02,63.02,62.41,62.49,13395100,2026-02-28T03:46:24Z
JNJ,2007-04-17,37.01,37.49,36.94,37.44,50709012,64.55,65.4,64.43,65.3,29072800,2026-02-28T03:46:24Z
JNJ,2007-04-18,36.94,37.13,36.78,36.95,20506480,64.43,64.77,64.15,64.45,11756900,2026-02-28T03:46:24Z
JNJ,2007-04-19,37.23,37.28,36.87,37.23,21861903,64.94,65.03,64.3,64.94,12534000,2026-02-28T03:46:24Z
JNJ,2007-04-20,37.34,37.52,37.19,37.52,27548891,65.12,65.45,64.87,65.45,15794500,2026-02-28T03:46:24Z
JNJ,2007-04-23,37.12,37.34,37.08,37.27,18946145,64.75,65.12,64.68,65,10862300,2026-02-28T03:46:24Z
JNJ,2007-04-24,36.97,37.35,36.9,37.35,18085691,64.49,65.15,64.36,65.15,10369000,2026-02-28T03:46:24Z
JNJ,2007-04-25,37.08,37.34,36.98,37.12,22513733,64.68,65.12,64.5,64.75,12907700,2026-02-28T03:46:24Z
JNJ,2007-04-26,36.83,37.09,36.78,36.97,18371777,64.24,64.7,64.15,64.49,10533000,2026-02-28T03:46:24Z
JNJ,2007-04-27,36.79,37,36.61,36.7,17123778,64.17,64.53,63.85,64.01,9817500,2026-02-28T03:46:24Z
JNJ,2007-04-30,36.82,36.91,36.55,36.69,24275541,64.22,64.37,63.75,64,13917800,2026-02-28T03:46:24Z
JNJ,2007-05-01,37.01,37.23,36.84,37,17527560,64.56,64.94,64.26,64.53,10049000,2026-02-28T03:46:24Z
JNJ,2007-05-02,36.97,37.15,36.69,36.7,14252997,64.48,64.8,64,64.01,8171600,2026-02-28T03:46:24Z
JNJ,2007-05-03,36.88,37.15,36.77,37.03,15731375,64.32,64.8,64.14,64.59,9019200,2026-02-28T03:46:24Z
JNJ,2007-05-04,36.97,37.15,36.78,37.01,11318361,64.48,64.79,64.16,64.56,6489100,2026-02-28T03:46:24Z
JNJ,2007-05-07,36.84,36.88,36.46,36.69,18949094,64.26,64.33,63.59,63.99,10864000,2026-02-28T03:46:24Z
JNJ,2007-05-08,36.52,36.74,36.41,36.66,19113767,63.7,64.09,63.5,63.94,10958400,2026-02-28T03:46:24Z
JNJ,2007-05-09,36.76,36.86,36.3,36.49,24017070,64.11,64.29,63.31,63.64,13769600,2026-02-28T03:46:24Z
JNJ,2007-05-10,35.83,36.7,35.82,36.7,41116544,62.5,64.01,62.47,64.01,23573200,2026-02-28T03:46:24Z
JNJ,2007-05-11,35.7,36.14,35.35,35.72,41629729,62.27,63.03,61.65,62.3,23867400,2026-02-28T03:46:24Z
JNJ,2007-05-14,35.9,36.38,35.87,36.12,29305001,62.61,63.46,62.56,63,16801300,2026-02-28T03:46:24Z
JNJ,2007-05-15,35.44,35.78,35.35,35.54,38141489,61.82,62.4,61.66,61.99,21867500,2026-02-28T03:46:24Z
JNJ,2007-05-16,36.15,36.33,35.78,35.99,30025850,63.05,63.37,62.41,62.78,17214600,2026-02-28T03:46:24Z
JNJ,2007-05-17,35.97,36.18,35.85,36.18,22953590,62.74,63.1,62.53,63.1,13159900,2026-02-28T03:46:24Z
JNJ,2007-05-18,36.36,36.48,36.01,36.11,23335088,63.42,63.63,62.8,62.98,13378600,2026-02-28T03:46:24Z
JNJ,2007-05-21,36.42,36.71,36.34,36.61,18934463,63.52,64.03,63.38,63.85,10855600,2026-02-28T03:46:24Z
JNJ,2007-05-22,36.45,36.62,36.29,36.44,15526756,63.58,63.88,63.3,63.55,8901900,2026-02-28T03:46:24Z
JNJ,2007-05-23,36.58,36.75,36.49,36.56,17131979,63.81,64.1,63.64,63.77,9822200,2026-02-28T03:46:24Z
JNJ,2007-05-24,36.63,36.98,36.62,36.79,19124405,63.48,64.08,63.46,63.76,11036300,2026-02-28T03:46:24Z
JNJ,2007-05-25,36.47,36.69,36.41,36.69,14717057,63.19,63.58,63.09,63.58,8492900,2026-02-28T03:46:24Z
JNJ,2007-05-29,36.38,36.56,36.23,36.47,17431597,63.05,63.36,62.79,63.2,10059400,2026-02-28T03:46:24Z
JNJ,2007-05-30,36.48,36.56,36.22,36.38,18830196,63.22,63.36,62.76,63.05,10866500,2026-02-28T03:46:24Z
JNJ,2007-05-31,36.51,36.67,36.34,36.36,21075618,63.27,63.55,62.97,63,12162300,2026-02-28T03:46:24Z
JNJ,2007-06-01,36.59,36.8,36.37,36.73,18781646,63.41,63.77,63.02,63.64,10838500,2026-02-28T03:46:24Z
JNJ,2007-06-04,36.7,36.74,36.36,36.38,17485137,63.6,63.67,63.01,63.05,10090300,2026-02-28T03:46:24Z
JNJ,2007-06-05,36.53,36.67,36.37,36.59,19776652,63.31,63.55,63.02,63.4,11412700,2026-02-28T03:46:24Z
JNJ,2007-06-06,36.3,36.6,36.1,36.47,19994644,62.9,63.43,62.55,63.2,11538500,2026-02-28T03:46:24Z
JNJ,2007-06-07,35.78,36.3,35.77,36.15,24688819,62,62.9,61.99,62.64,14247400,2026-02-28T03:46:24Z
JNJ,2007-06-08,35.85,35.98,35.47,35.81,24162562,62.13,62.35,61.46,62.05,13943700,2026-02-28T03:46:24Z
JNJ,2007-06-11,35.93,36.29,35.87,36.29,15755385,62.27,62.89,62.15,62.89,9092100,2026-02-28T03:46:24Z
JNJ,2007-06-12,35.68,36.02,35.64,35.92,20658172,61.83,62.41,61.76,62.25,11921400,2026-02-28T03:46:24Z
JNJ,2007-06-13,35.88,35.93,35.39,35.73,25671508,62.18,62.26,61.32,61.91,14814500,2026-02-28T03:46:24Z
JNJ,2007-06-14,36.04,36.13,35.88,35.89,15757454,62.45,62.61,62.18,62.2,9093300,2026-02-28T03:46:24Z
JNJ,2007-06-15,36.22,36.42,36.11,36.12,29141628,62.77,63.12,62.57,62.59,16817000,2026-02-28T03:46:24Z
JNJ,2007-06-18,35.97,36.3,35.91,36.27,14748428,62.33,62.9,62.23,62.85,8511000,2026-02-28T03:46:24Z
JNJ,2007-06-19,36.02,36.17,35.89,35.98,19758456,62.42,62.67,62.2,62.34,11402200,2026-02-28T03:46:24Z
JNJ,2007-06-20,35.8,36.26,35.77,36.08,19807330,62.04,62.84,61.99,62.52,11430400,2026-02-28T03:46:24Z
JNJ,2007-06-21,35.84,35.98,35.66,35.73,17970837,62.11,62.34,61.79,61.91,10370600,2026-02-28T03:46:24Z
JNJ,2007-06-22,35.05,35.77,35.05,35.69,38232034,60.73,61.98,60.73,61.85,22062900,2026-02-28T03:46:24Z
JNJ,2007-06-25,35.27,35.5,35.18,35.2,22471270,61.11,61.51,60.97,61,12967700,2026-02-28T03:46:24Z
JNJ,2007-06-26,35.58,35.76,35.39,35.41,24101220,61.65,61.96,61.32,61.36,13908300,2026-02-28T03:46:24Z
JNJ,2007-06-27,35.46,35.51,35.24,35.29,24534253,61.45,61.53,61.07,61.15,14158200,2026-02-28T03:46:24Z
JNJ,2007-06-28,35.49,35.69,35.32,35.49,16489404,61.5,61.84,61.2,61.5,9515700,2026-02-28T03:46:24Z
JNJ,2007-06-29,35.56,35.74,35.32,35.54,20838918,61.62,61.94,61.21,61.58,12025700,2026-02-28T03:46:24Z
JNJ,2007-07-02,35.69,35.78,35.42,35.74,14044885,61.85,62,61.38,61.94,8105000,2026-02-28T03:46:24Z
JNJ,2007-07-03,35.75,35.94,35.71,35.78,8172894,61.95,62.28,61.88,62,4716400,2026-02-28T03:46:24Z
JNJ,2007-07-05,35.94,36.02,35.7,35.84,14382772,62.28,62.42,61.87,62.1,8300000,2026-02-28T03:46:24Z
JNJ,2007-07-06,35.85,36.01,35.78,35.84,13098386,62.13,62.4,62,62.1,7558800,2026-02-28T03:46:24Z
JNJ,2007-07-09,36.19,36.55,35.77,35.99,32568152,62.72,63.33,61.99,62.36,18794400,2026-02-28T03:46:24Z
JNJ,2007-07-10,35.89,36.27,35.85,36.19,24846175,62.2,62.85,62.12,62.72,14338200,2026-02-28T03:46:24Z
JNJ,2007-07-11,36.28,36.35,35.87,35.89,19314333,62.86,62.99,62.15,62.2,11145900,2026-02-28T03:46:24Z
JNJ,2007-07-12,36.56,36.59,36.14,36.38,19134827,63.36,63.41,62.62,63.05,11042300,2026-02-28T03:46:24Z
JNJ,2007-07-13,36.6,36.7,36.36,36.63,15594927,63.43,63.6,63.01,63.47,8999500,2026-02-28T03:46:24Z
JNJ,2007-07-16,36.82,36.86,36.52,36.57,23167563,63.8,63.88,63.28,63.37,13369500,2026-02-28T03:46:24Z
JNJ,2007-07-17,36.21,36.66,35.94,36.29,47773406,62.74,63.52,62.28,62.88,27569000,2026-02-28T03:46:24Z
JNJ,2007-07-18,35.89,36.3,35.79,36.07,29272954,62.2,62.9,62.02,62.51,16892800,2026-02-28T03:46:24Z
JNJ,2007-07-19,36,36.18,35.81,35.98,21927820,62.39,62.7,62.06,62.35,12654100,2026-02-28T03:46:24Z
JNJ,2007-07-20,35.66,36.07,35.62,36,23868317,61.79,62.5,61.72,62.39,13773900,2026-02-28T03:46:24Z
JNJ,2007-07-23,35.78,35.97,35.69,35.72,16364829,62,62.33,61.85,61.89,9443800,2026-02-28T03:46:24Z
JNJ,2007-07-24,35.47,35.85,35.44,35.53,18636642,61.47,62.13,61.42,61.57,10754800,2026-02-28T03:46:24Z
JNJ,2007-07-25,35.51,35.77,35.31,35.65,18407169,61.53,61.99,61.19,61.77,10622400,2026-02-28T03:46:24Z
JNJ,2007-07-26,35.18,35.5,35.06,35.22,40438179,60.96,61.52,60.75,61.03,23336000,2026-02-28T03:46:24Z
JNJ,2007-07-27,34.49,35.28,34.46,35.06,40703798,59.77,61.14,59.72,60.75,23489300,2026-02-28T03:46:24Z
JNJ,2007-07-30,34.67,34.88,34.49,34.58,23575825,60.07,60.44,59.77,59.93,13605100,2026-02-28T03:46:24Z
JNJ,2007-07-31,34.91,35.65,34.91,35.4,37905012,60.5,61.78,60.5,61.35,21874200,2026-02-28T03:46:24Z
JNJ,2007-08-01,35.18,35.43,34.88,34.92,30565517,60.96,61.4,60.45,60.51,17638700,2026-02-28T03:46:24Z
JNJ,2007-08-02,35.22,35.48,35.06,35.09,29635135,61.03,61.48,60.75,60.8,17101800,2026-02-28T03:46:24Z
JNJ,2007-08-03,34.94,35.49,34.86,35.49,22501618,60.55,61.5,60.41,61.5,12985200,2026-02-28T03:46:24Z
JNJ,2007-08-06,35.95,35.99,34.8,34.91,25591138,62.3,62.36,60.31,60.49,14768100,2026-02-28T03:46:24Z
JNJ,2007-08-07,35.83,36.01,35.52,35.63,31341258,62.08,62.4,61.55,61.75,18086400,2026-02-28T03:46:24Z
JNJ,2007-08-08,36.06,36.06,35.32,35.77,26820568,62.49,62.49,61.2,61.99,15477600,2026-02-28T03:46:24Z
JNJ,2007-08-09,35.1,36.12,35.1,35.78,36082081,60.83,62.6,60.83,62,20822200,2026-02-28T03:46:24Z
JNJ,2007-08-10,35.29,35.44,34.91,35.03,27122096,61.15,61.42,60.5,60.7,15651600,2026-02-28T03:46:24Z
JNJ,2007-08-13,35.46,35.7,35.28,35.39,19291470,61.45,61.87,61.13,61.32,11132700,2026-02-28T03:46:24Z
JNJ,2007-08-14,35.28,35.74,35.27,35.5,32271529,61.13,61.94,61.11,61.51,18623200,2026-02-28T03:46:24Z
JNJ,2007-08-15,35.37,35.63,35.08,35.25,23839917,61.3,61.75,60.78,61.08,13757500,2026-02-28T03:46:24Z
JNJ,2007-08-16,35.57,35.74,35.05,35.09,41592029,61.63,61.93,60.73,60.8,24001900,2026-02-28T03:46:24Z
JNJ,2007-08-17,35.79,36.34,35.4,36.06,31759809,62.02,62.98,61.35,62.49,18327900,2026-02-28T03:46:24Z
JNJ,2007-08-20,35.68,35.84,35.51,35.69,22449088,61.83,62.1,61.54,61.84,12954900,2026-02-28T03:46:24Z
JNJ,2007-08-21,35.59,35.73,35.49,35.53,21622144,61.67,61.91,61.5,61.57,12477700,2026-02-28T03:46:24Z
JNJ,2007-08-22,35.78,35.84,35.56,35.61,21039735,62.01,62.1,61.62,61.7,12141600,2026-02-28T03:46:24Z
JNJ,2007-08-23,35.84,35.99,35.76,35.87,15265490,62.11,62.37,61.97,62.15,8809400,2026-02-28T03:46:24Z
JNJ,2007-08-24,35.95,36.01,35.64,35.74,15777852,61.88,61.98,61.35,61.52,9166300,2026-02-28T03:46:24Z
JNJ,2007-08-27,35.79,35.93,35.73,35.82,18002412,61.6,61.85,61.51,61.66,10458700,2026-02-28T03:46:24Z
JNJ,2007-08-28,35.58,35.83,35.57,35.79,25457172,61.25,61.68,61.23,61.6,14789600,2026-02-28T03:46:24Z
JNJ,2007-08-29,35.94,36.01,35.59,35.64,17517033,61.86,61.99,61.26,61.35,10176700,2026-02-28T03:46:24Z
JNJ,2007-08-30,35.79,35.97,35.64,35.64,14379621,61.6,61.91,61.35,61.35,8354000,2026-02-28T03:46:24Z
JNJ,2007-08-31,35.9,36.06,35.82,36.01,23005492,61.79,62.07,61.65,61.98,13365300,2026-02-28T03:46:24Z
JNJ,2007-09-04,36.01,36.05,35.79,35.8,15780089,61.98,62.05,61.6,61.63,9167600,2026-02-28T03:46:24Z
JNJ,2007-09-05,35.82,36,35.7,35.93,19422670,61.65,61.97,61.45,61.85,11283800,2026-02-28T03:46:24Z
JNJ,2007-09-06,35.82,35.96,35.79,35.84,13296094,61.66,61.9,61.61,61.7,7724500,2026-02-28T03:46:24Z
JNJ,2007-09-07,35.83,36.04,35.59,35.73,23328400,61.68,62.03,61.26,61.51,13552900,2026-02-28T03:46:24Z
JNJ,2007-09-10,35.93,36.01,35.77,35.93,17523564,61.84,61.98,61.57,61.85,10180500,2026-02-28T03:46:24Z
JNJ,2007-09-11,36.05,36.1,35.86,36.01,17121817,62.05,62.14,61.72,61.98,9947100,2026-02-28T03:46:24Z
JNJ,2007-09-12,36.32,36.41,35.99,36.02,20033514,62.51,62.67,61.95,62,11638700,2026-02-28T03:46:24Z
JNJ,2007-09-13,36.66,36.76,36.35,36.41,23235671,63.11,63.27,62.57,62.68,13499000,2026-02-28T03:46:24Z
JNJ,2007-09-14,36.72,36.79,36.52,36.59,16126914,63.2,63.32,62.87,62.99,9369100,2026-02-28T03:46:24Z
JNJ,2007-09-17,36.57,36.79,36.43,36.61,19081479,62.94,63.33,62.7,63.02,11085600,2026-02-28T03:46:24Z
JNJ,2007-09-18,37.08,37.15,36.57,36.58,21787029,63.83,63.95,62.94,62.97,12657400,2026-02-28T03:46:24Z
JNJ,2007-09-19,37.47,37.63,36.98,37.04,30907128,64.49,64.78,63.65,63.76,17955800,2026-02-28T03:46:24Z
JNJ,2007-09-20,37.64,37.76,37.29,37.47,20791964,64.79,65,64.18,64.5,12079300,2026-02-28T03:46:24Z
JNJ,2007-09-21,37.83,38.09,37.64,37.7,30360373,65.12,65.56,64.79,64.9,17638200,2026-02-28T03:46:24Z
JNJ,2007-09-24,37.88,38.08,37.62,37.75,21097316,65.2,65.55,64.75,64.98,12256700,2026-02-28T03:46:24Z
JNJ,2007-09-25,37.74,37.96,37.62,37.65,17298424,64.97,65.34,64.75,64.8,10049700,2026-02-28T03:46:24Z
JNJ,2007-09-26,37.99,38.13,37.68,37.77,21548284,65.39,65.63,64.86,65.02,12518700,2026-02-28T03:46:24Z
JNJ,2007-09-27,38.08,38.2,37.97,37.98,15619115,65.54,65.75,65.35,65.38,9074100,2026-02-28T03:46:24Z
JNJ,2007-09-28,38.17,38.2,37.96,38.08,15246820,65.7,65.75,65.34,65.55,8857800,2026-02-28T03:46:24Z
JNJ,2007-10-01,38.42,38.46,38.15,38.15,21634359,66.14,66.2,65.66,65.66,12568700,2026-02-28T03:46:24Z
JNJ,2007-10-02,38.37,38.54,38.27,38.44,16937098,66.05,66.34,65.88,66.16,9839800,2026-02-28T03:46:24Z
JNJ,2007-10-03,38.4,38.81,38.24,38.27,16142055,66.1,66.8,65.82,65.87,9377900,2026-02-28T03:46:24Z
JNJ,2007-10-04,38.41,38.55,38.34,38.4,15047149,66.11,66.35,66,66.1,8741800,2026-02-28T03:46:24Z
JNJ,2007-10-05,38.49,38.58,38.46,38.52,16192679,66.25,66.4,66.2,66.3,9407300,2026-02-28T03:46:24Z
JNJ,2007-10-08,38.35,38.56,38.31,38.49,9774850,66.02,66.38,65.95,66.25,5678800,2026-02-28T03:46:24Z
JNJ,2007-10-09,38.49,38.5,38.31,38.4,13149785,66.25,66.27,65.94,66.1,7639500,2026-02-28T03:46:24Z
JNJ,2007-10-10,38.24,38.52,38.15,38.5,14671922,65.83,66.3,65.67,66.27,8523800,2026-02-28T03:46:24Z
JNJ,2007-10-11,38.31,38.48,38.24,38.33,17848175,65.95,66.23,65.83,65.98,10369100,2026-02-28T03:46:24Z
JNJ,2007-10-12,38.31,38.48,38.23,38.44,12093261,65.94,66.24,65.81,66.17,7025700,2026-02-28T03:46:24Z
JNJ,2007-10-15,38.14,38.44,38,38.31,15832213,65.65,66.16,65.41,65.95,9197900,2026-02-28T03:46:24Z
JNJ,2007-10-16,37.8,38.34,37.54,38.21,24640056,65.07,66,64.61,65.77,14314900,2026-02-28T03:46:24Z
JNJ,2007-10-17,37.68,38.1,37.6,38.08,17554199,64.85,65.58,64.72,65.55,10198300,2026-02-28T03:46:24Z
JNJ,2007-10-18,37.7,37.95,37.58,37.9,23288009,64.9,65.32,64.69,65.24,13529400,2026-02-28T03:46:24Z
JNJ,2007-10-19,37.32,37.76,37.27,37.52,26101596,64.23,65,64.16,64.58,15164000,2026-02-28T03:46:24Z
JNJ,2007-10-22,37.38,37.41,36.92,37.36,19198720,64.34,64.39,63.55,64.3,11153700,2026-02-28T03:46:24Z
JNJ,2007-10-23,37.5,37.53,37.16,37.41,13305208,64.55,64.6,63.96,64.4,7729800,2026-02-28T03:46:24Z
JNJ,2007-10-24,37.44,37.48,37.02,37.37,19130731,64.44,64.52,63.73,64.33,11114200,2026-02-28T03:46:24Z
JNJ,2007-10-25,37.15,37.44,37.02,37.42,18255125,63.95,64.45,63.73,64.42,10605500,2026-02-28T03:46:24Z
JNJ,2007-10-26,37.36,37.53,37.08,37.29,16406089,64.3,64.6,63.82,64.18,9531300,2026-02-28T03:46:24Z
JNJ,2007-10-29,37.75,38.03,37.36,37.44,22028012,64.98,65.46,64.3,64.45,12797400,2026-02-28T03:46:24Z
JNJ,2007-10-30,37.66,37.92,37.62,37.65,13252865,64.82,65.27,64.75,64.8,7699400,2026-02-28T03:46:24Z
JNJ,2007-10-31,37.86,37.91,37.53,37.66,18159408,65.17,65.25,64.6,64.83,10549900,2026-02-28T03:46:24Z
JNJ,2007-11-01,37.56,37.98,37.48,37.65,19204063,64.66,65.38,64.52,64.8,11156800,2026-02-28T03:46:24Z
JNJ,2007-11-02,37.63,37.76,37.39,37.61,17035074,64.78,65,64.36,64.73,9896700,2026-02-28T03:46:24Z
JNJ,2007-11-05,37.47,37.68,37.19,37.42,17454219,64.49,64.86,64.01,64.42,10140200,2026-02-28T03:46:24Z
JNJ,2007-11-06,37.54,37.7,37.27,37.47,13460452,64.61,64.89,64.15,64.49,7820000,2026-02-28T03:46:24Z
JNJ,2007-11-07,37.13,37.49,37.02,37.24,18507962,63.91,64.53,63.73,64.1,10752400,2026-02-28T03:46:24Z
JNJ,2007-11-08,37.52,37.7,37.15,37.16,28286460,64.59,64.89,63.95,63.97,16433300,2026-02-28T03:46:24Z
JNJ,2007-11-09,37.86,38.2,37.09,37.09,27830627,65.16,65.75,63.85,63.85,16168500,2026-02-28T03:46:24Z
JNJ,2007-11-12,38.52,38.9,37.75,37.76,30265904,66.31,66.95,64.98,65,17583300,2026-02-28T03:46:24Z
JNJ,2007-11-13,39.1,39.13,38.65,38.77,28402756,67.31,67.35,66.53,66.73,16500900,2026-02-28T03:46:24Z
JNJ,2007-11-14,38.86,39.1,38.78,39.04,20880220,66.89,67.3,66.75,67.2,12130600,2026-02-28T03:46:24Z
JNJ,2007-11-15,38.85,39.1,38.66,38.78,19780537,66.88,67.3,66.54,66.76,11491700,2026-02-28T03:46:24Z
JNJ,2007-11-16,39.36,39.38,38.68,39.04,26052701,67.75,67.78,66.58,67.2,15135600,2026-02-28T03:46:24Z
JNJ,2007-11-19,39.27,39.51,39.18,39.19,33101747,67.59,68.01,67.44,67.46,19230800,2026-02-28T03:46:24Z
JNJ,2007-11-20,39.3,39.48,39.04,39.41,26630188,67.64,67.95,67.2,67.83,15471100,2026-02-28T03:46:24Z
JNJ,2007-11-21,39.01,39.3,38.89,38.92,25770246,67.14,67.65,66.94,67,14971500,2026-02-28T03:46:24Z
JNJ,2007-11-23,39.1,39.4,38.68,39.4,10203329,66.88,67.4,66.17,67.4,5964600,2026-02-28T03:46:24Z
JNJ,2007-11-26,39.38,39.8,38.81,39.02,27328071,67.37,68.08,66.39,66.75,15975300,2026-02-28T03:46:24Z
JNJ,2007-11-27,39.59,39.68,39.3,39.51,25972587,67.73,67.88,67.23,67.58,15182900,2026-02-28T03:46:24Z
JNJ,2007-11-28,39.96,40.03,39.2,39.66,25980135,68.35,68.48,67.06,67.84,15187300,2026-02-28T03:46:24Z
JNJ,2007-11-29,39.98,40.14,39.49,39.74,18880568,68.4,68.66,67.56,67.99,11037100,2026-02-28T03:46:24Z
JNJ,2007-11-30,39.6,40.19,39.28,40.07,28491377,67.74,68.75,67.2,68.54,16655300,2026-02-28T03:46:24Z
JNJ,2007-12-03,39.58,39.8,39.34,39.53,16709606,67.71,68.08,67.3,67.62,9768000,2026-02-28T03:46:24Z
JNJ,2007-12-04,39.72,39.87,39.4,39.42,13868717,67.94,68.21,67.4,67.44,8107300,2026-02-28T03:46:24Z
JNJ,2007-12-05,39.87,39.9,39.43,39.43,16683257,68.21,68.25,67.45,67.45,9752600,2026-02-28T03:46:24Z
JNJ,2007-12-06,39.93,39.97,39.6,39.86,13009817,68.3,68.37,67.75,68.19,7605200,2026-02-28T03:46:24Z
JNJ,2007-12-07,39.56,40.04,39.51,40.04,20627483,67.68,68.5,67.58,68.5,12058300,2026-02-28T03:46:24Z
JNJ,2007-12-10,39.63,39.75,39.43,39.59,14224023,67.79,68,67.45,67.73,8315000,2026-02-28T03:46:24Z
JNJ,2007-12-11,39.49,39.73,39.45,39.63,17502306,67.55,67.97,67.48,67.79,10231400,2026-02-28T03:46:24Z
JNJ,2007-12-12,39.58,39.98,39.18,39.75,32965166,67.7,68.4,67.02,68,19270600,2026-02-28T03:46:24Z
JNJ,2007-12-13,39.67,39.75,39.41,39.46,13301665,67.87,68,67.42,67.5,7775800,2026-02-28T03:46:24Z
JNJ,2007-12-14,39.51,39.71,39.39,39.51,16237446,67.59,67.93,67.39,67.58,9492000,2026-02-28T03:46:24Z
JNJ,2007-12-17,39.49,39.61,39.29,39.42,21139483,67.55,67.76,67.21,67.43,12357600,2026-02-28T03:46:24Z
JNJ,2007-12-18,39.58,39.69,39.27,39.69,20998712,67.71,67.9,67.18,67.9,12275300,2026-02-28T03:46:24Z
JNJ,2007-12-19,39.35,39.6,39.29,39.51,15152752,67.32,67.75,67.21,67.59,8857900,2026-02-28T03:46:24Z
JNJ,2007-12-20,39.36,39.56,39.3,39.56,18867228,67.33,67.68,67.23,67.68,11029300,2026-02-28T03:46:24Z
JNJ,2007-12-21,39.77,39.86,39.37,39.37,33783034,68.03,68.19,67.35,67.35,19748700,2026-02-28T03:46:24Z
JNJ,2007-12-24,39.67,39.93,39.51,39.52,4741748,67.87,68.3,67.59,67.61,2771900,2026-02-28T03:46:24Z
JNJ,2007-12-26,39.49,39.74,39.38,39.74,10947634,67.56,67.99,67.36,67.98,6399700,2026-02-28T03:46:24Z
JNJ,2007-12-27,39.36,39.74,39.17,39.23,13043846,67.33,67.98,67.01,67.1,7625100,2026-02-28T03:46:24Z
JNJ,2007-12-28,39.39,39.71,39.18,39.6,9030677,67.38,67.93,67.03,67.75,5279100,2026-02-28T03:46:24Z
JNJ,2007-12-31,38.99,39.36,38.9,39.34,14566156,66.7,67.33,66.55,67.29,8515000,2026-02-28T03:46:24Z
JNJ,2008-01-02,38.53,39.17,38.42,38.91,20477119,65.91,67,65.72,66.56,11970400,2026-02-28T03:46:24Z
JNJ,2008-01-03,38.54,38.82,38.21,38.44,15871030,65.93,66.4,65.36,65.75,9277800,2026-02-28T03:46:24Z
JNJ,2008-01-04,38.49,38.82,38.42,38.42,21750340,65.84,66.4,65.72,65.72,12714700,2026-02-28T03:46:24Z
JNJ,2008-01-07,39.08,39.29,38.44,38.44,21131296,66.86,67.21,65.75,65.76,12352800,2026-02-28T03:46:24Z
JNJ,2008-01-08,39.13,39.6,38.93,39.2,23056781,66.94,67.75,66.6,67.05,13478400,2026-02-28T03:46:24Z
JNJ,2008-01-09,39.63,39.92,39.16,39.16,33340361,67.8,68.29,66.99,66.99,19489900,2026-02-28T03:46:24Z
JNJ,2008-01-10,39.7,39.89,39.37,39.42,22312501,67.91,68.23,67.35,67.43,13043300,2026-02-28T03:46:24Z
JNJ,2008-01-11,39.68,39.77,39.37,39.37,26586356,67.88,68.03,67.34,67.34,15541700,2026-02-28T03:46:24Z
JNJ,2008-01-14,39.72,39.92,39.35,39.92,19948715,67.95,68.29,67.31,68.29,11661500,2026-02-28T03:46:24Z
JNJ,2008-01-15,39.61,39.85,39.43,39.58,19756627,67.76,68.17,67.45,67.7,11549200,2026-02-28T03:46:24Z
JNJ,2008-01-16,39.93,40.25,39.36,39.36,31835871,68.31,68.85,67.33,67.33,18610400,2026-02-28T03:46:24Z
JNJ,2008-01-17,39.65,40.08,39.51,39.97,31350146,67.83,68.56,67.58,68.37,18326500,2026-02-28T03:46:24Z
JNJ,2008-01-18,38.75,39.84,38.59,39.84,38859934,66.29,68.16,66.01,68.16,22716500,2026-02-28T03:46:24Z
JNJ,2008-01-22,38.16,39.02,37.7,37.8,50444137,65.27,66.75,64.5,64.67,29488300,2026-02-28T03:46:24Z
JNJ,2008-01-23,37.53,38.33,36.32,38,39075687,64.2,65.57,62.13,65,22842600,2026-02-28T03:46:24Z
JNJ,2008-01-24,37.13,37.73,37.03,37.73,30935855,63.51,64.54,63.34,64.54,18084300,2026-02-28T03:46:24Z
JNJ,2008-01-25,36.51,37.41,36.44,37.14,40949980,62.46,63.99,62.34,63.54,23938300,2026-02-28T03:46:24Z
JNJ,2008-01-28,36.87,36.9,36.54,36.63,17417804,63.07,63.13,62.5,62.66,10182000,2026-02-28T03:46:24Z
JNJ,2008-01-29,36.81,37.06,36.73,37.03,17232902,62.97,63.39,62.83,63.34,10073900,2026-02-28T03:46:24Z
JNJ,2008-01-30,36.35,36.83,36.24,36.81,23357015,62.18,63,62,62.97,13653900,2026-02-28T03:46:24Z
JNJ,2008-01-31,36.91,37.06,36.08,36.16,36398643,63.14,63.39,61.72,61.86,21277700,2026-02-28T03:46:24Z
JNJ,2008-02-01,37.04,37.47,36.68,37.03,20151943,63.36,64.09,62.75,63.35,11780300,2026-02-28T03:46:24Z
JNJ,2008-02-04,37.1,37.24,36.83,37.05,13644298,63.47,63.71,63,63.38,7976100,2026-02-28T03:46:24Z
JNJ,2008-02-05,36.75,37.27,36.71,37.25,19365879,62.87,63.75,62.8,63.72,11320800,2026-02-28T03:46:24Z
JNJ,2008-02-06,36.86,37.04,36.7,36.93,16349851,63.05,63.37,62.78,63.18,9557700,2026-02-28T03:46:24Z
JNJ,2008-02-07,36.72,36.93,36.54,36.72,23424233,62.81,63.18,62.5,62.81,13693200,2026-02-28T03:46:24Z
JNJ,2008-02-08,36.26,36.94,36.21,36.74,22817827,62.03,63.19,61.94,62.85,13338700,2026-02-28T03:46:24Z
JNJ,2008-02-11,36.17,36.33,35.87,36.32,19045171,61.88,62.14,61.36,62.13,11133300,2026-02-28T03:46:24Z
JNJ,2008-02-12,36.81,36.92,36.25,36.33,19537659,62.97,63.15,62.01,62.14,11421200,2026-02-28T03:46:24Z
JNJ,2008-02-13,37.07,37.27,36.59,36.68,19143020,63.41,63.75,62.59,62.75,11190500,2026-02-28T03:46:24Z
JNJ,2008-02-14,36.71,37.2,36.61,37,18584475,62.79,63.63,62.62,63.3,10864000,2026-02-28T03:46:24Z
JNJ,2008-02-15,36.77,36.89,36.51,36.63,20383907,62.9,63.1,62.45,62.67,11915900,2026-02-28T03:46:24Z
JNJ,2008-02-19,37.21,37.31,36.86,36.97,17778406,63.66,63.83,63.05,63.25,10392800,2026-02-28T03:46:24Z
JNJ,2008-02-20,36.96,37.24,36.89,37.21,23560584,63.23,63.71,63.11,63.66,13772900,2026-02-28T03:46:24Z
JNJ,2008-02-21,36.82,37.16,36.68,37.05,18962338,62.98,63.57,62.75,63.38,11084900,2026-02-28T03:46:24Z
JNJ,2008-02-22,37.18,37.24,36.78,36.93,17235390,63.18,63.28,62.5,62.76,10142200,2026-02-28T03:46:24Z
JNJ,2008-02-25,37.57,37.63,37.2,37.27,16957909,63.85,63.94,63.21,63.34,9978900,2026-02-28T03:46:24Z
JNJ,2008-02-26,37.5,37.7,37.31,37.47,15666893,63.72,64.07,63.4,63.67,9219200,2026-02-28T03:46:24Z
JNJ,2008-02-27,37.1,37.57,37.05,37.2,16262505,63.04,63.85,62.96,63.21,9569700,2026-02-28T03:46:24Z
JNJ,2008-02-28,36.9,37.36,36.78,37.13,14521330,62.71,63.49,62.5,63.1,8545100,2026-02-28T03:46:24Z
JNJ,2008-02-29,36.46,36.92,36.41,36.9,20440572,61.96,62.75,61.88,62.7,12028300,2026-02-28T03:46:24Z
JNJ,2008-03-03,36.62,36.66,36.26,36.48,15024361,62.23,62.3,61.62,62,8841100,2026-02-28T03:46:24Z
JNJ,2008-03-04,36.86,36.95,36.49,36.54,24381959,62.64,62.8,62.01,62.1,14347600,2026-02-28T03:46:24Z
JNJ,2008-03-05,37.15,37.24,36.86,36.93,23204148,63.13,63.28,62.64,62.76,13654500,2026-02-28T03:46:24Z
JNJ,2008-03-06,36.85,37.25,36.78,37.04,20626350,62.63,63.3,62.51,62.95,12137600,2026-02-28T03:46:24Z
JNJ,2008-03-07,36.2,36.73,36.13,36.52,25394240,61.51,62.42,61.4,62.06,14943300,2026-02-28T03:46:24Z
JNJ,2008-03-10,36.09,36.33,36,36.3,24181114,61.33,61.74,61.17,61.69,14229400,2026-02-28T03:46:24Z
JNJ,2008-03-11,36.74,36.8,36.18,36.34,24293767,62.44,62.53,61.49,61.76,14295700,2026-02-28T03:46:24Z
JNJ,2008-03-12,36.81,37.15,36.57,36.75,22316733,62.55,63.13,62.14,62.45,13132300,2026-02-28T03:46:24Z
JNJ,2008-03-13,36.96,37.33,36.28,36.79,26867832,62.81,63.44,61.66,62.52,15810400,2026-02-28T03:46:24Z
JNJ,2008-03-14,36.87,37.29,36.63,37.27,35406302,62.65,63.37,62.25,63.34,20834900,2026-02-28T03:46:24Z
JNJ,2008-03-17,37.68,37.83,36.27,36.27,37478739,64.04,64.29,61.64,61.64,22054400,2026-02-28T03:46:24Z
JNJ,2008-03-18,38.43,38.43,37.91,38.1,25596648,65.31,65.31,64.43,64.74,15062400,2026-02-28T03:46:24Z
JNJ,2008-03-19,38.18,38.73,38.14,38.48,26927815,64.88,65.81,64.82,65.39,15845700,2026-02-28T03:46:24Z
JNJ,2008-03-20,38.47,38.54,38.18,38.23,27659343,65.38,65.5,64.88,64.97,16276200,2026-02-28T03:46:24Z
JNJ,2008-03-24,38.18,38.57,38.04,38.34,16803771,64.89,65.54,64.64,65.16,9888200,2026-02-28T03:46:24Z
JNJ,2008-03-25,37.98,38.33,37.87,38.21,16164137,64.55,65.14,64.35,64.93,9511800,2026-02-28T03:46:24Z
JNJ,2008-03-26,38.07,38.16,37.78,37.78,19295902,64.7,64.85,64.21,64.21,11354700,2026-02-28T03:46:24Z
JNJ,2008-03-27,38.03,38.4,37.97,38.14,18305859,64.62,65.25,64.52,64.82,10772100,2026-02-28T03:46:24Z
JNJ,2008-03-28,37.77,38.25,37.7,38.16,14878208,64.18,65,64.06,64.84,8755100,2026-02-28T03:46:24Z
JNJ,2008-03-31,38.17,38.26,37.5,37.83,23227711,64.87,65.01,63.72,64.29,13668400,2026-02-28T03:46:24Z
JNJ,2008-04-01,38.76,38.79,37.96,38.33,19041671,65.87,65.92,64.51,65.13,11205100,2026-02-28T03:46:24Z
JNJ,2008-04-02,38.43,38.82,38.34,38.75,16639248,65.31,65.97,65.15,65.85,9791400,2026-02-28T03:46:24Z
JNJ,2008-04-03,38.41,38.59,38.13,38.13,13002100,65.27,65.58,64.8,64.8,7651100,2026-02-28T03:46:24Z
JNJ,2008-04-04,38.68,38.81,38.27,38.39,13730109,65.73,65.95,65.03,65.24,8079500,2026-02-28T03:46:24Z
JNJ,2008-04-07,38.92,38.98,38.54,38.63,15127492,66.14,66.24,65.5,65.65,8901800,2026-02-28T03:46:24Z
JNJ,2008-04-08,39.03,39.2,38.69,38.83,15058166,66.32,66.61,65.75,65.98,8861000,2026-02-28T03:46:24Z
JNJ,2008-04-09,39.01,39.13,38.8,38.97,14597276,66.29,66.5,65.94,66.22,8589800,2026-02-28T03:46:24Z
JNJ,2008-04-10,39.03,39.17,38.93,38.99,14057229,66.33,66.57,66.15,66.26,8272000,2026-02-28T03:46:24Z
JNJ,2008-04-11,38.84,39.28,38.8,38.96,15693221,66,66.75,65.94,66.2,9234700,2026-02-28T03:46:24Z
JNJ,2008-04-14,38.68,39.09,38.69,38.83,17558966,65.74,66.42,65.74,65.99,10332600,2026-02-28T03:46:24Z
JNJ,2008-04-15,38.63,38.85,38.24,38.62,29504416,65.65,66.02,64.99,65.63,17361900,2026-02-28T03:46:24Z
JNJ,2008-04-16,38.66,38.78,38.33,38.7,21442357,65.7,65.91,65.13,65.77,12617800,2026-02-28T03:46:24Z
JNJ,2008-04-17,38.7,38.84,38.57,38.63,15024846,65.76,66,65.55,65.64,8841400,2026-02-28T03:46:24Z
JNJ,2008-04-18,39.14,39.31,38.8,38.88,18252995,66.51,66.8,65.94,66.07,10741000,2026-02-28T03:46:24Z
JNJ,2008-04-21,39.03,39.17,38.87,38.98,15252745,66.32,66.57,66.05,66.25,8975500,2026-02-28T03:46:24Z
JNJ,2008-04-22,39.42,39.52,38.71,38.87,22407095,66.99,67.16,65.79,66.06,13185500,2026-02-28T03:46:24Z
JNJ,2008-04-23,39.58,39.72,39.28,39.5,18086259,67.26,67.49,66.75,67.12,10642900,2026-02-28T03:46:24Z
JNJ,2008-04-24,39.64,39.86,39.44,39.55,16336086,67.37,67.74,67.02,67.21,9613000,2026-02-28T03:46:24Z
JNJ,2008-04-25,39.61,39.84,39.39,39.76,15603822,67.31,67.7,66.94,67.57,9182100,2026-02-28T03:46:24Z
JNJ,2008-04-28,39.61,39.82,39.53,39.6,15417226,67.32,67.67,67.17,67.3,9072300,2026-02-28T03:46:24Z
JNJ,2008-04-29,39.54,39.72,39.5,39.57,13096561,67.19,67.49,67.13,67.25,7706700,2026-02-28T03:46:24Z
JNJ,2008-04-30,39.48,39.82,39.38,39.69,22265392,67.09,67.67,66.92,67.45,13102100,2026-02-28T03:46:24Z
JNJ,2008-05-01,39.9,39.94,39.4,39.5,22372273,67.81,67.88,66.95,67.13,13165000,2026-02-28T03:46:24Z
JNJ,2008-05-02,40.17,40.2,39.73,39.73,21347893,68.26,68.32,67.51,67.51,12562200,2026-02-28T03:46:24Z
JNJ,2008-05-05,39.96,40.2,39.84,40.04,17928901,67.9,68.32,67.71,68.04,10550300,2026-02-28T03:46:24Z
JNJ,2008-05-06,39.77,40,39.61,39.84,16122804,67.58,67.98,67.31,67.7,9487500,2026-02-28T03:46:24Z
JNJ,2008-05-07,39.37,39.83,39.3,39.71,21460219,66.91,67.68,66.79,67.48,12628300,2026-02-28T03:46:24Z
JNJ,2008-05-08,39.37,39.52,39.25,39.44,16049073,66.9,67.16,66.7,67.03,9444100,2026-02-28T03:46:24Z
JNJ,2008-05-09,39.16,39.41,39.04,39.13,14884810,66.55,66.97,66.35,66.5,8759000,2026-02-28T03:46:24Z
JNJ,2008-05-12,39.26,39.36,39.01,39.19,13098445,66.71,66.89,66.3,66.6,7707800,2026-02-28T03:46:24Z
JNJ,2008-05-13,39.08,39.43,39.01,39.28,16198941,66.41,67,66.3,66.75,9532300,2026-02-28T03:46:24Z
JNJ,2008-05-14,39.31,39.49,39.08,39.18,15331611,66.81,67.11,66.41,66.58,9021900,2026-02-28T03:46:24Z
JNJ,2008-05-15,39.24,39.42,39.04,39.41,14288195,66.68,66.99,66.34,66.98,8407900,2026-02-28T03:46:24Z
JNJ,2008-05-16,39.24,39.37,39.01,39.37,16594080,66.68,66.91,66.3,66.91,9764800,2026-02-28T03:46:24Z
JNJ,2008-05-19,39.21,39.3,38.99,39.14,14866484,66.63,66.79,66.26,66.51,8748200,2026-02-28T03:46:24Z
JNJ,2008-05-20,38.93,39.39,38.86,39.1,21433013,66.15,66.94,66.04,66.44,12612300,2026-02-28T03:46:24Z
JNJ,2008-05-21,38.68,39.25,38.59,39.07,19061902,65.73,66.7,65.58,66.39,11217000,2026-02-28T03:46:24Z
JNJ,2008-05-22,38.76,38.96,38.64,38.92,16676708,65.41,65.75,65.21,65.67,9882600,2026-02-28T03:46:24Z
JNJ,2008-05-23,38.47,38.81,38.44,38.72,15311207,64.92,65.49,64.86,65.33,9073400,2026-02-28T03:46:24Z
JNJ,2008-05-27,38.61,38.72,38.41,38.41,14104151,65.15,65.33,64.81,64.82,8358100,2026-02-28T03:46:24Z
JNJ,2008-05-28,38.45,38.7,38.31,38.63,24939643,64.88,65.31,64.64,65.19,14779200,2026-02-28T03:46:24Z
JNJ,2008-05-29,39.36,39.5,38.25,38.32,22382602,66.42,66.65,64.54,64.66,13263900,2026-02-28T03:46:24Z
JNJ,2008-05-30,39.55,39.72,39.33,39.4,18553720,66.74,67.03,66.36,66.49,10994900,2026-02-28T03:46:24Z
JNJ,2008-06-02,39.41,39.7,39.2,39.44,16252330,66.51,67,66.15,66.55,9631100,2026-02-28T03:46:24Z
JNJ,2008-06-03,39.56,39.73,39.37,39.47,19512186,66.76,67.04,66.44,66.61,11562900,2026-02-28T03:46:24Z
JNJ,2008-06-04,39.44,39.67,39.27,39.53,15124754,66.55,66.94,66.27,66.7,8962900,2026-02-28T03:46:24Z
JNJ,2008-06-05,39.68,39.76,39.41,39.5,14647014,66.96,67.1,66.5,66.66,8679800,2026-02-28T03:46:24Z
JNJ,2008-06-06,38.97,39.56,38.92,39.56,24075478,65.76,66.76,65.68,66.76,14267100,2026-02-28T03:46:24Z
JNJ,2008-06-09,38.89,39.23,38.7,39.04,14674161,65.63,66.2,65.31,65.88,8695900,2026-02-28T03:46:24Z
JNJ,2008-06-10,38.89,39.06,38.64,38.64,17161711,65.62,65.92,65.21,65.21,10170000,2026-02-28T03:46:24Z
JNJ,2008-06-11,38.64,39.02,38.58,38.82,17536839,65.2,65.85,65.11,65.51,10392300,2026-02-28T03:46:24Z
JNJ,2008-06-12,38.93,39.01,38.61,38.75,16441653,65.69,65.83,65.16,65.39,9743300,2026-02-28T03:46:24Z
JNJ,2008-06-13,39.27,39.33,38.96,38.98,15083062,66.27,66.37,65.74,65.78,8938200,2026-02-28T03:46:24Z
JNJ,2008-06-16,39.02,39.21,38.81,39.08,13473872,65.84,66.16,65.5,65.94,7984600,2026-02-28T03:46:24Z
JNJ,2008-06-17,38.87,39.26,38.81,39.24,12325187,65.59,66.25,65.5,66.21,7303900,2026-02-28T03:46:24Z
JNJ,2008-06-18,38.19,39.09,38.05,38.69,21676535,64.44,65.97,64.2,65.28,12845500,2026-02-28T03:46:24Z
JNJ,2008-06-19,38.29,38.51,38.01,38.09,15338384,64.62,64.98,64.14,64.27,9089500,2026-02-28T03:46:24Z
JNJ,2008-06-20,37.96,38.29,37.85,38.08,27733587,64.06,64.62,63.88,64.25,16434900,2026-02-28T03:46:24Z
JNJ,2008-06-23,38.1,38.2,37.9,38.05,14663874,64.29,64.46,63.95,64.2,8689800,2026-02-28T03:46:24Z
JNJ,2008-06-24,38.35,38.42,37.99,37.99,18043739,64.72,64.84,64.1,64.1,10692700,2026-02-28T03:46:24Z
JNJ,2008-06-25,38.68,38.92,38.35,38.46,17534651,65.28,65.68,64.72,64.9,10391000,2026-02-28T03:46:24Z
JNJ,2008-06-26,38.08,38.73,38.08,38.37,20946044,64.26,65.35,64.26,64.74,12412600,2026-02-28T03:46:24Z
JNJ,2008-06-27,37.67,38.35,37.57,38.05,32200373,63.57,64.71,63.4,64.2,19081900,2026-02-28T03:46:24Z
JNJ,2008-06-30,38.13,38.29,37.39,37.65,21141455,64.34,64.61,63.1,63.54,12528400,2026-02-28T03:46:24Z
JNJ,2008-07-01,38.34,38.51,37.77,37.78,28074992,64.69,64.98,63.74,63.75,16637200,2026-02-28T03:46:24Z
JNJ,2008-07-02,38.31,38.58,38.22,38.48,18069385,64.64,65.11,64.5,64.94,10707900,2026-02-28T03:46:24Z
JNJ,2008-07-03,38.59,38.73,38.08,38.13,13021300,65.12,65.36,64.25,64.35,7716400,2026-02-28T03:46:24Z
JNJ,2008-07-07,38.67,39.08,38.44,38.58,24479613,65.25,65.94,64.87,65.1,14506600,2026-02-28T03:46:24Z
JNJ,2008-07-08,39.24,39.28,38.61,38.61,26116803,66.21,66.28,65.15,65.15,15476800,2026-02-28T03:46:24Z
JNJ,2008-07-09,39.22,39.7,39.12,39.2,23524509,66.18,67,66.02,66.15,13940600,2026-02-28T03:46:24Z
JNJ,2008-07-10,39.67,39.82,39.15,39.15,29361998,66.94,67.2,66.06,66.06,17399900,2026-02-28T03:46:24Z
JNJ,2008-07-11,39.27,39.54,39.11,39.44,28065191,66.26,66.73,66,66.55,16631400,2026-02-28T03:46:24Z
JNJ,2008-07-14,39.35,39.67,39.16,39.37,18755685,66.41,66.94,66.09,66.44,11114600,2026-02-28T03:46:24Z
JNJ,2008-07-15,40.12,40.28,39.58,39.76,40842678,67.7,67.98,66.79,67.1,24203300,2026-02-28T03:46:24Z
JNJ,2008-07-16,40.41,40.78,40,40.16,31865917,68.19,68.81,67.5,67.77,18883700,2026-02-28T03:46:24Z
JNJ,2008-07-17,40.2,40.56,39.7,40.56,23991598,67.83,68.45,67,68.44,14217400,2026-02-28T03:46:24Z
JNJ,2008-07-18,40.19,40.43,40.03,40.15,21774288,67.82,68.22,67.55,67.75,12903400,2026-02-28T03:46:24Z
JNJ,2008-07-21,39.77,40.28,39.7,40.28,19034972,67.11,67.98,67,67.98,11280100,2026-02-28T03:46:24Z
JNJ,2008-07-22,40.29,40.45,39.72,39.72,26242371,67.99,68.25,67.02,67.02,15551200,2026-02-28T03:46:24Z
JNJ,2008-07-23,40.46,40.5,40.07,40.42,17308008,68.27,68.35,67.62,68.21,10256700,2026-02-28T03:46:24Z
JNJ,2008-07-24,40.69,41.04,40.13,40.45,27916043,68.66,69.25,67.72,68.26,16543000,2026-02-28T03:46:24Z
JNJ,2008-07-25,40.91,41.01,40.63,40.82,17726998,69.03,69.21,68.56,68.88,10505000,2026-02-28T03:46:24Z
JNJ,2008-07-28,40.58,40.88,40.55,40.87,16561276,68.48,68.99,68.42,68.96,9814200,2026-02-28T03:46:24Z
JNJ,2008-07-29,40.58,40.89,40.47,40.62,21957672,68.48,69,68.3,68.55,13012100,2026-02-28T03:46:24Z
JNJ,2008-07-30,40.34,40.71,40.12,40.71,22820513,68.08,68.7,67.71,68.7,13523400,2026-02-28T03:46:24Z
JNJ,2008-07-31,40.58,40.92,40.17,40.18,23284410,68.47,69.05,67.79,67.8,13798300,2026-02-28T03:46:24Z
JNJ,2008-08-01,40.36,40.77,40.26,40.59,15275418,68.1,68.8,67.93,68.5,9052200,2026-02-28T03:46:24Z
JNJ,2008-08-04,40.88,41.14,40.28,40.4,23109378,68.98,69.42,67.97,68.18,13694600,2026-02-28T03:46:24Z
JNJ,2008-08-05,41.75,41.78,40.97,41.07,34052198,70.45,70.5,69.13,69.31,20179300,2026-02-28T03:46:24Z
JNJ,2008-08-06,42.12,42.37,41.53,41.69,31605358,71.07,71.49,70.08,70.35,18729300,2026-02-28T03:46:24Z
JNJ,2008-08-07,41.87,42.13,41.49,41.82,23930020,70.65,71.1,70.01,70.57,14180900,2026-02-28T03:46:24Z
JNJ,2008-08-08,42.4,42.48,41.71,41.94,20369959,71.55,71.68,70.38,70.77,12071200,2026-02-28T03:46:24Z
JNJ,2008-08-11,42.47,42.61,42.13,42.34,17265488,71.66,71.9,71.09,71.44,10231500,2026-02-28T03:46:24Z
JNJ,2008-08-12,42.49,42.59,42.25,42.35,14675538,71.7,71.87,71.29,71.47,8696700,2026-02-28T03:46:24Z
JNJ,2008-08-13,42.19,42.57,42.08,42.47,17888170,71.2,71.84,71,71.67,10600500,2026-02-28T03:46:24Z
JNJ,2008-08-14,42.19,42.55,41.86,42.19,15962574,71.19,71.8,70.64,71.2,9459400,2026-02-28T03:46:24Z
JNJ,2008-08-15,42.27,42.32,41.94,41.97,18209104,71.33,71.41,70.77,70.82,10790700,2026-02-28T03:46:24Z
JNJ,2008-08-18,42.13,42.44,41.96,42.44,16615644,71.09,71.61,70.8,71.61,9846400,2026-02-28T03:46:24Z
JNJ,2008-08-19,42.16,42.3,41.87,41.87,15412791,71.15,71.38,70.65,70.65,9133600,2026-02-28T03:46:24Z
JNJ,2008-08-20,42.12,42.4,41.83,42.18,17344459,71.08,71.55,70.59,71.18,10278300,2026-02-28T03:46:24Z
JNJ,2008-08-21,42.24,42.4,41.78,41.88,13229875,71.28,71.54,70.51,70.68,7840000,2026-02-28T03:46:24Z
JNJ,2008-08-22,42.6,42.75,42.24,42.38,12939271,71.42,71.68,70.82,71.05,7717600,2026-02-28T03:46:24Z
JNJ,2008-08-25,42.23,42.56,42.08,42.5,13756276,70.8,71.35,70.55,71.25,8204900,2026-02-28T03:46:24Z
JNJ,2008-08-26,42.17,42.36,41.9,42.18,10797932,70.71,71.02,70.25,70.72,6440400,2026-02-28T03:46:24Z
JNJ,2008-08-27,42.47,42.58,41.94,42.18,14082019,71.21,71.39,70.31,70.72,8399200,2026-02-28T03:46:24Z
JNJ,2008-08-28,42.59,42.76,42.45,42.63,13661057,71.41,71.69,71.17,71.48,8148100,2026-02-28T03:46:24Z
JNJ,2008-08-29,42.01,42.59,42,42.5,17383422,70.43,71.4,70.42,71.26,10368300,2026-02-28T03:46:24Z
JNJ,2008-09-02,42.78,43,42.21,42.4,25355615,71.73,72.1,70.77,71.09,15123300,2026-02-28T03:46:24Z
JNJ,2008-09-03,42.65,42.88,42.53,42.75,16505041,71.51,71.9,71.31,71.67,9844400,2026-02-28T03:46:24Z
JNJ,2008-09-04,42.02,42.64,41.99,42.64,22929220,70.45,71.49,70.4,71.49,13676100,2026-02-28T03:46:24Z
JNJ,2008-09-05,42.15,42.39,41.94,41.99,18019667,70.67,71.07,70.31,70.4,10747800,2026-02-28T03:46:24Z
JNJ,2008-09-08,43.08,43.17,42.23,42.47,25530124,72.22,72.38,70.8,71.2,15227400,2026-02-28T03:46:24Z
JNJ,2008-09-09,42.55,43.4,42.55,42.89,31939079,71.34,72.76,71.34,71.91,19050000,2026-02-28T03:46:24Z
JNJ,2008-09-10,42.48,42.95,42.36,42.74,21148026,71.23,72.01,71.02,71.65,12613700,2026-02-28T03:46:24Z
JNJ,2008-09-11,42.44,42.68,41.94,42.3,26365946,71.16,71.55,70.32,70.92,15725900,2026-02-28T03:46:24Z
JNJ,2008-09-12,42.1,42.87,41.93,42.38,25385426,70.59,71.87,70.3,71.06,15141100,2026-02-28T03:46:24Z
JNJ,2008-09-15,41.52,42.28,41.52,41.75,35152305,69.61,70.89,69.61,70,20966500,2026-02-28T03:46:24Z
JNJ,2008-09-16,41.63,42.05,41.45,41.52,39110006,69.8,70.5,69.5,69.62,23327100,2026-02-28T03:46:24Z
JNJ,2008-09-17,41.46,42.35,41.46,41.64,40366470,69.51,71,69.51,69.81,24076500,2026-02-28T03:46:24Z
JNJ,2008-09-18,42.31,42.32,41.27,41.82,49094874,70.93,70.95,69.2,70.11,29282500,2026-02-28T03:46:24Z
JNJ,2008-09-19,41.75,43.36,41.28,42.85,46015742,69.99,72.69,69.21,71.85,27446000,2026-02-28T03:46:24Z
JNJ,2008-09-22,40.8,42.17,40.74,41.65,26939320,68.41,70.71,68.3,69.83,16067900,2026-02-28T03:46:24Z
JNJ,2008-09-23,40.65,41.22,40.59,40.96,22861693,68.15,69.1,68.06,68.68,13635800,2026-02-28T03:46:24Z
JNJ,2008-09-24,40.67,41.16,40.29,40.71,20906260,68.19,69,67.55,68.25,12469500,2026-02-28T03:46:24Z
JNJ,2008-09-25,41.37,41.73,40.83,40.89,24440709,69.36,69.97,68.46,68.55,14577600,2026-02-28T03:46:24Z
JNJ,2008-09-26,41.39,41.6,41,41.02,21941722,69.4,69.75,68.74,68.77,13087100,2026-02-28T03:46:24Z
JNJ,2008-09-29,39.9,41.67,39.9,41.04,41837984,66.9,69.86,66.9,68.81,24954200,2026-02-28T03:46:24Z
JNJ,2008-09-30,41.32,41.44,40.21,40.26,32901290,69.28,69.48,67.41,67.5,19623900,2026-02-28T03:46:24Z
JNJ,2008-10-01,40.43,41.2,40.13,41.2,42833918,67.79,69.07,67.28,69.07,25548200,2026-02-28T03:46:24Z
JNJ,2008-10-02,40.43,40.71,40.35,40.53,51802516,67.79,68.26,67.65,67.96,30897500,2026-02-28T03:46:24Z
JNJ,2008-10-03,39.46,40.78,39.42,40.56,42613608,66.16,68.37,66.1,68,25416800,2026-02-28T03:46:24Z
JNJ,2008-10-06,38.47,39.39,37.15,38.79,56118549,64.5,66.04,62.29,65.04,33471800,2026-02-28T03:46:24Z
JNJ,2008-10-07,37.27,39.16,37.04,38.84,40527966,62.49,65.65,62.1,65.11,24172800,2026-02-28T03:46:24Z
JNJ,2008-10-08,37.19,38.09,36.45,36.77,63560275,62.36,63.86,61.12,61.64,37910400,2026-02-28T03:46:24Z
JNJ,2008-10-09,34.34,37.67,34.34,37.22,56156746,57.58,63.16,57.58,62.4,33494600,2026-02-28T03:46:24Z
JNJ,2008-10-10,33.31,35.19,31.05,33.07,83984909,55.85,59,52.06,55.45,50092600,2026-02-28T03:46:24Z
JNJ,2008-10-13,37.39,37.46,34.56,34.74,54552562,62.68,62.8,57.95,58.25,32537800,2026-02-28T03:46:24Z
JNJ,2008-10-14,38.17,40.25,37.58,39.78,65250738,64,67.48,63,66.69,38918700,2026-02-28T03:46:24Z
JNJ,2008-10-15,36.11,38.63,35.85,38.23,42024069,60.54,64.76,60.1,64.1,25065200,2026-02-28T03:46:24Z
JNJ,2008-10-16,37.87,38.16,34.78,36.19,58017202,63.5,63.98,58.31,60.68,34604200,2026-02-28T03:46:24Z
JNJ,2008-10-17,37.37,38.77,37,37.53,42340621,62.65,65,62.04,62.92,25254000,2026-02-28T03:46:24Z
JNJ,2008-10-20,38.44,38.49,37.07,37.73,30237177,64.44,64.53,62.15,63.25,18034900,2026-02-28T03:46:24Z
JNJ,2008-10-21,37.97,38.71,37.8,38,23543365,63.66,64.9,63.37,63.71,14042400,2026-02-28T03:46:24Z
JNJ,2008-10-22,36.63,37.64,35.94,37.33,39106211,61.42,63.1,60.25,62.59,23324800,2026-02-28T03:46:24Z
JNJ,2008-10-23,37.25,37.66,35.91,36.97,39385974,62.45,63.14,60.2,61.99,23491700,2026-02-28T03:46:24Z
JNJ,2008-10-24,36.26,37.27,34.98,35.41,38783739,60.79,62.49,58.64,59.36,23132500,2026-02-28T03:46:24Z
JNJ,2008-10-27,35.88,37.39,35.85,36.02,35325002,60.15,62.69,60.1,60.4,21069500,2026-02-28T03:46:24Z
JNJ,2008-10-28,38.29,38.47,36.13,36.65,46119357,64.19,64.5,60.57,61.44,27507800,2026-02-28T03:46:24Z
JNJ,2008-10-29,36.7,37.8,35.81,37.8,48654757,61.53,63.37,60.04,63.37,29020000,2026-02-28T03:46:24Z
JNJ,2008-10-30,36.13,37.43,35.6,37.19,39617262,60.57,62.75,59.68,62.35,23629600,2026-02-28T03:46:24Z
JNJ,2008-10-31,36.59,36.77,35.69,36.29,33171055,61.34,61.64,59.83,60.84,19784800,2026-02-28T03:46:24Z
JNJ,2008-11-03,36.48,36.87,36.12,36.66,19862452,61.16,61.82,60.56,61.47,11846900,2026-02-28T03:46:24Z
JNJ,2008-11-04,36.91,37.08,36.57,36.88,24572949,61.89,62.17,61.31,61.83,14656500,2026-02-28T03:46:24Z
JNJ,2008-11-05,35.7,36.83,35.63,36.83,33130979,59.85,61.75,59.73,61.75,19760900,2026-02-28T03:46:24Z
JNJ,2008-11-06,34.55,35.98,34.3,35.63,38394258,57.92,60.32,57.5,59.73,22900200,2026-02-28T03:46:24Z
JNJ,2008-11-07,35.92,36.08,34.76,34.95,27237413,60.22,60.49,58.28,58.59,16245700,2026-02-28T03:46:24Z
JNJ,2008-11-10,35.79,36.53,35.54,36.48,21809303,60.01,61.25,59.58,61.16,13008100,2026-02-28T03:46:24Z
JNJ,2008-11-11,35.52,36.02,34.6,35.36,24132012,59.55,60.4,58.01,59.29,14393500,2026-02-28T03:46:24Z
JNJ,2008-11-12,34.55,35.51,34.35,35.09,30824284,57.92,59.54,57.59,58.84,18385100,2026-02-28T03:46:24Z
JNJ,2008-11-13,37.52,37.58,34.19,34.69,45778648,62.9,63.01,57.32,58.16,27304600,2026-02-28T03:46:24Z
JNJ,2008-11-14,35.82,37.28,35.56,36.91,36993503,60.05,62.5,59.62,61.89,22064700,2026-02-28T03:46:24Z
JNJ,2008-11-17,35.35,36.44,34.98,35.07,27783455,59.27,61.1,58.65,58.8,16571400,2026-02-28T03:46:24Z
JNJ,2008-11-18,36.32,36.38,34.87,35.04,35543100,60.89,61,58.46,58.75,21199600,2026-02-28T03:46:24Z
JNJ,2008-11-19,34.67,36.7,34.6,36.05,46165541,58.12,61.53,58.01,60.44,27535300,2026-02-28T03:46:24Z
JNJ,2008-11-20,33.29,34.92,32.8,34.73,52052761,55.81,58.55,55,58.23,31046800,2026-02-28T03:46:24Z
JNJ,2008-11-21,35.09,35.19,32.77,33.95,51216874,58.35,58.51,54.49,56.45,30802100,2026-02-28T03:46:24Z
JNJ,2008-11-24,35.55,36.02,34.83,35.48,34101027,59.11,59.89,57.92,59,20508500,2026-02-28T03:46:24Z
JNJ,2008-11-25,35.3,36.08,34.56,36.05,35610085,58.7,60,57.46,59.95,21416100,2026-02-28T03:46:24Z
JNJ,2008-11-26,35.04,35.18,33.99,34.69,30774408,58.27,58.5,56.52,57.68,18507900,2026-02-28T03:46:24Z
JNJ,2008-11-28,35.23,35.34,34.66,34.94,12786394,58.58,58.76,57.63,58.09,7689800,2026-02-28T03:46:24Z
JNJ,2008-12-01,33.28,34.77,33.21,34.58,31432101,55.33,57.82,55.22,57.5,18903400,2026-02-28T03:46:24Z
JNJ,2008-12-02,34.18,34.28,33.05,33.74,26739090,56.83,57,54.95,56.11,16081000,2026-02-28T03:46:24Z
JNJ,2008-12-03,34.47,34.89,33.38,33.73,31268644,57.32,58.01,55.5,56.08,18805100,2026-02-28T03:46:24Z
JNJ,2008-12-04,33.79,34.65,33.4,34.53,28356128,56.18,57.61,55.53,57.42,17053500,2026-02-28T03:46:24Z
JNJ,2008-12-05,35.02,35.1,33.23,33.59,27625821,58.23,58.37,55.25,55.86,16614300,2026-02-28T03:46:24Z
JNJ,2008-12-08,35.34,35.95,34.73,35.52,27204772,58.77,59.77,57.75,59.07,16361100,2026-02-28T03:46:24Z
JNJ,2008-12-09,34.77,35.48,34.58,35.45,22911531,57.81,59,57.5,58.95,13779100,2026-02-28T03:46:24Z
JNJ,2008-12-10,34.76,35.38,34.18,35.38,21835374,57.8,58.82,56.84,58.82,13131900,2026-02-28T03:46:24Z
JNJ,2008-12-11,35.03,35.39,34.31,34.52,26620363,58.25,58.84,57.05,57.4,16009600,2026-02-28T03:46:24Z
JNJ,2008-12-12,34.43,34.66,33.92,34.41,24526592,57.25,57.64,56.41,57.21,14750400,2026-02-28T03:46:24Z
JNJ,2008-12-15,34.77,35.12,34.25,34.72,21589792,57.81,58.39,56.95,57.73,12984200,2026-02-28T03:46:24Z
JNJ,2008-12-16,35.84,35.93,34.66,35.15,29795425,59.6,59.75,57.63,58.45,17919100,2026-02-28T03:46:24Z
JNJ,2008-12-17,35.35,35.72,35.12,35.51,26238214,58.78,59.39,58.4,59.05,15779800,2026-02-28T03:46:24Z
JNJ,2008-12-18,35.48,36.23,35.18,35.81,31458320,58.99,60.25,58.49,59.55,18919200,2026-02-28T03:46:24Z
JNJ,2008-12-19,35.39,36.17,35.21,35.81,38461738,58.84,60.15,58.54,59.55,23131100,2026-02-28T03:46:24Z
JNJ,2008-12-22,35.44,35.81,34.92,35.59,23540373,58.93,59.54,58.06,59.18,14157300,2026-02-28T03:46:24Z
JNJ,2008-12-23,35.29,36.05,35.23,35.6,17559570,58.68,59.94,58.58,59.19,10560400,2026-02-28T03:46:24Z
JNJ,2008-12-24,35.22,35.46,35.04,35.36,6050993,58.56,58.96,58.26,58.8,3639100,2026-02-28T03:46:24Z
JNJ,2008-12-26,35.22,35.69,35,35.39,7065117,58.56,59.34,58.2,58.84,4249000,2026-02-28T03:46:24Z
JNJ,2008-12-29,34.97,35.41,34.48,35.23,16395441,58.15,58.88,57.34,58.58,9860300,2026-02-28T03:46:24Z
JNJ,2008-12-30,35.59,35.59,35.04,35.17,18092317,59.17,59.17,58.27,58.48,10880800,2026-02-28T03:46:24Z
JNJ,2008-12-31,35.98,36.11,35.52,35.59,19821120,59.83,60.05,59.07,59.18,11920500,2026-02-28T03:46:24Z
JNJ,2009-01-02,36.48,36.69,35.51,36.16,19359008,60.65,61,59.04,60.13,11642600,2026-02-28T03:46:24Z
JNJ,2009-01-05,36.11,36.55,35.7,36.34,25846288,60.05,60.77,59.36,60.42,15544100,2026-02-28T03:46:24Z
JNJ,2009-01-06,35.9,36.35,35.42,36.28,36749573,59.69,60.44,58.9,60.33,22101400,2026-02-28T03:46:24Z
JNJ,2009-01-07,35.56,35.98,35.33,35.63,23796096,59.13,59.82,58.75,59.24,14311100,2026-02-28T03:46:24Z
JNJ,2009-01-08,35.49,36.02,35.26,35.88,28841481,59.02,59.89,58.63,59.66,17345400,2026-02-28T03:46:24Z
JNJ,2009-01-09,35.51,35.81,35.21,35.57,24440077,59.05,59.55,58.55,59.14,14698400,2026-02-28T03:46:24Z
JNJ,2009-01-12,35.09,35.73,34.97,35.53,25362420,58.34,59.41,58.15,59.08,15253100,2026-02-28T03:46:24Z
JNJ,2009-01-13,35.39,35.55,35.11,35.24,25795241,58.84,59.12,58.38,58.6,15513400,2026-02-28T03:46:24Z
JNJ,2009-01-14,34.85,35.24,34.51,35.21,27781795,57.95,58.59,57.38,58.55,16708100,2026-02-28T03:46:24Z
JNJ,2009-01-15,34.65,35,33.69,34.94,33893188,57.62,58.2,56.01,58.09,20383500,2026-02-28T03:46:24Z
JNJ,2009-01-16,34.54,34.92,34.06,34.92,34498053,57.44,58.07,56.63,58.07,20747300,2026-02-28T03:46:24Z
JNJ,2009-01-20,34.13,34.9,33.98,33.98,38499719,56.75,58.03,56.5,56.51,23153900,2026-02-28T03:46:24Z
JNJ,2009-01-21,33.9,34.63,33.13,34.63,37097116,56.36,57.59,55.09,57.59,22310400,2026-02-28T03:46:24Z
JNJ,2009-01-22,34.2,34.26,33.44,33.9,31840775,56.87,56.97,55.61,56.37,19149200,2026-02-28T03:46:24Z
JNJ,2009-01-23,33.66,33.91,33.14,33.77,35473473,55.97,56.39,55.1,56.15,21333900,2026-02-28T03:46:24Z
JNJ,2009-01-26,34.01,34.25,33.56,33.8,27495990,56.55,56.95,55.8,56.2,16536200,2026-02-28T03:46:24Z
JNJ,2009-01-27,34.6,34.73,33.98,34.19,24562015,57.54,57.74,56.51,56.85,14771700,2026-02-28T03:46:24Z
JNJ,2009-01-28,35.22,35.33,34.82,35.02,30171994,58.56,58.75,57.9,58.23,18145600,2026-02-28T03:46:24Z
JNJ,2009-01-29,35.05,35.34,34.67,34.98,26869067,58.28,58.77,57.65,58.17,16159200,2026-02-28T03:46:24Z
JNJ,2009-01-30,34.7,35.12,34.43,34.99,23044241,57.69,58.39,57.25,58.18,13858900,2026-02-28T03:46:24Z
JNJ,2009-02-02,34.7,34.97,34.23,34.43,18180788,57.69,58.14,56.92,57.25,10934000,2026-02-28T03:46:24Z
JNJ,2009-02-03,35.23,35.37,34.42,34.92,21919009,58.58,58.81,57.23,58.07,13182200,2026-02-28T03:46:24Z
JNJ,2009-02-04,34.86,35.56,34.68,35.31,19020978,57.96,59.13,57.67,58.71,11439300,2026-02-28T03:46:24Z
JNJ,2009-02-05,34.95,35.21,34.27,34.84,24577811,58.11,58.54,56.99,57.93,14781200,2026-02-28T03:46:24Z
JNJ,2009-02-06,35.19,35.31,34.76,35.04,19053218,58.51,58.72,57.8,58.26,11458700,2026-02-28T03:46:24Z
JNJ,2009-02-09,35.18,35.3,34.86,35.16,15558563,58.5,58.7,57.96,58.46,9357000,2026-02-28T03:46:24Z
JNJ,2009-02-10,34.12,35.18,34.04,34.87,27621824,56.73,58.5,56.6,57.98,16611900,2026-02-28T03:46:24Z
JNJ,2009-02-11,34.48,34.5,34,34.21,24430326,57.33,57.37,56.53,56.88,14692500,2026-02-28T03:46:24Z
JNJ,2009-02-12,34.75,34.79,33.73,34.23,23988480,57.78,57.85,56.08,56.92,14426800,2026-02-28T03:46:24Z
JNJ,2009-02-13,34.34,34.76,34.17,34.71,20890929,57.1,57.8,56.81,57.71,12563900,2026-02-28T03:46:24Z
JNJ,2009-02-17,33.67,34.15,33.52,33.72,25351841,55.98,56.79,55.73,56.07,15246700,2026-02-28T03:46:24Z
JNJ,2009-02-18,33.58,33.84,33.33,33.5,25801447,55.83,56.26,55.42,55.7,15517100,2026-02-28T03:46:24Z
JNJ,2009-02-19,33.64,33.98,33.46,33.84,20286484,55.93,56.5,55.63,56.26,12200400,2026-02-28T03:46:24Z
JNJ,2009-02-20,33.14,33.64,33.08,33.36,40282387,54.65,55.47,54.55,55.01,24426900,2026-02-28T03:46:24Z
JNJ,2009-02-23,32.53,33.41,32.49,32.85,33807206,53.65,55.09,53.58,54.17,20500400,2026-02-28T03:46:24Z
JNJ,2009-02-24,33.07,33.21,32.65,33.11,31083705,54.54,54.77,53.84,54.6,18848900,2026-02-28T03:46:24Z
JNJ,2009-02-25,32.72,33.21,32.5,32.94,34659438,53.96,54.76,53.59,54.32,21017200,2026-02-28T03:46:24Z
JNJ,2009-02-26,31.8,33.04,31.71,33.04,35104842,52.44,54.49,52.3,54.49,21287300,2026-02-28T03:46:24Z
JNJ,2009-02-27,30.32,31.53,30.28,31.28,49275387,50,52,49.94,51.59,29880200,2026-02-28T03:46:24Z
JNJ,2009-03-02,29.06,29.97,29.01,29.73,46015947,47.92,49.43,47.84,49.03,27903700,2026-02-28T03:46:24Z
JNJ,2009-03-03,28.89,29.43,28.71,29.09,42866186,47.64,48.53,47.34,47.98,25993700,2026-02-28T03:46:24Z
JNJ,2009-03-04,29.77,29.94,28.74,28.97,39997160,49.1,49.37,47.39,47.78,24254000,2026-02-28T03:46:24Z
JNJ,2009-03-05,28.91,29.48,28.75,29.3,36856529,47.67,48.61,47.41,48.31,22349500,2026-02-28T03:46:24Z
JNJ,2009-03-06,29.09,29.46,28.51,28.86,31666836,47.97,48.59,47.01,47.6,19202500,2026-02-28T03:46:24Z
JNJ,2009-03-09,28.26,28.95,28.05,28.78,38432686,46.6,47.75,46.25,47.46,23305300,2026-02-28T03:46:24Z
JNJ,2009-03-10,28.97,29.03,28.46,28.64,36087887,47.78,47.87,46.93,47.23,21883400,2026-02-28T03:46:24Z
JNJ,2009-03-11,29.05,29.55,28.85,29.24,27324218,47.9,48.73,47.57,48.22,16569200,2026-02-28T03:46:24Z
JNJ,2009-03-12,29.71,29.91,28.7,28.94,26941490,49,49.32,47.33,47.72,16337100,2026-02-28T03:46:24Z
JNJ,2009-03-13,30.71,30.8,29.86,30.03,27225779,50.64,50.79,49.25,49.52,16509500,2026-02-28T03:46:24Z
JNJ,2009-03-16,30.76,31.23,30.71,31,27288422,50.73,51.51,50.65,51.13,16547500,2026-02-28T03:46:24Z
JNJ,2009-03-17,30.76,30.8,29.99,30.74,28608558,50.72,50.79,49.46,50.7,17348000,2026-02-28T03:46:24Z
JNJ,2009-03-18,30.72,31.28,30.47,30.74,27594707,50.66,51.58,50.25,50.69,16733200,2026-02-28T03:46:24Z
JNJ,2009-03-19,30.36,31.02,30.01,31.02,31273646,50.06,51.16,49.49,51.16,18964100,2026-02-28T03:46:24Z
JNJ,2009-03-20,31.33,31.53,30.86,30.98,45503200,51.67,52,50.89,51.09,27592800,2026-02-28T03:46:24Z
JNJ,2009-03-23,32.28,32.28,31.33,31.76,31041252,53.23,53.23,51.67,52.38,18823200,2026-02-28T03:46:24Z
JNJ,2009-03-24,31.96,32.5,31.72,32.13,28188989,52.7,53.6,52.31,52.99,17093600,2026-02-28T03:46:24Z
JNJ,2009-03-25,32.05,32.3,31.54,32.13,26091852,52.86,53.27,52.01,52.98,15821900,2026-02-28T03:46:24Z
JNJ,2009-03-26,32.08,32.56,31.68,32.19,24050313,52.9,53.7,52.25,53.08,14583900,2026-02-28T03:46:24Z
JNJ,2009-03-27,32.04,32.31,31.87,31.95,18624085,52.83,53.29,52.55,52.69,11293500,2026-02-28T03:46:24Z
JNJ,2009-03-30,32.14,32.42,31.75,31.86,25963271,53.01,53.46,52.36,52.54,15743900,2026-02-28T03:46:24Z
JNJ,2009-03-31,31.9,32.44,31.78,32.36,30538348,52.6,53.5,52.41,53.36,18518200,2026-02-28T03:46:24Z
JNJ,2009-04-01,32.16,32.26,31.46,31.71,22643297,53.04,53.2,51.88,52.3,13730700,2026-02-28T03:46:24Z
JNJ,2009-04-02,32.12,32.82,31.93,32.31,28725463,52.97,54.13,52.66,53.29,17418900,2026-02-28T03:46:24Z
JNJ,2009-04-03,31.62,32.32,31.38,32.14,25089580,52.15,53.3,51.75,53,15214100,2026-02-28T03:46:24Z
JNJ,2009-04-06,31.65,31.86,31.33,31.55,21056652,52.2,52.54,51.67,52.03,12768600,2026-02-28T03:46:24Z
JNJ,2009-04-07,31.14,31.53,31.1,31.41,21654469,51.36,52,51.28,51.8,13131100,2026-02-28T03:46:24Z
JNJ,2009-04-08,31.2,31.45,31.05,31.25,18046063,51.45,51.87,51.2,51.54,10943000,2026-02-28T03:46:24Z
JNJ,2009-04-09,31.17,31.57,30.99,31.53,24832461,51.41,52.06,51.1,51.99,15058200,2026-02-28T03:46:24Z
JNJ,2009-04-13,31.02,31.27,30.93,31.09,19901286,51.15,51.56,51,51.27,12068000,2026-02-28T03:46:24Z
JNJ,2009-04-14,31.15,31.81,31.05,31.53,34255351,51.37,52.46,51.21,51.99,20772200,2026-02-28T03:46:24Z
JNJ,2009-04-15,31.39,31.58,31.14,31.41,18968760,51.77,52.08,51.35,51.79,11502500,2026-02-28T03:46:24Z
JNJ,2009-04-16,31.65,31.73,31.26,31.48,20145856,52.2,52.32,51.55,51.91,12216300,2026-02-28T03:46:24Z
JNJ,2009-04-17,32.17,32.36,31.68,31.84,29175344,53.05,53.37,52.25,52.5,17691700,2026-02-28T03:46:24Z
JNJ,2009-04-20,31.82,32.44,31.74,32.24,25245706,52.47,53.49,52.34,53.17,15308800,2026-02-28T03:46:24Z
JNJ,2009-04-21,31.81,32.07,31.53,31.87,20179206,52.46,52.88,52,52.55,12236500,2026-02-28T03:46:24Z
JNJ,2009-04-22,31.04,31.62,30.99,31.59,22012523,51.18,52.15,51.11,52.1,13348200,2026-02-28T03:46:24Z
JNJ,2009-04-23,31.17,31.23,30.51,31.16,24068879,51.4,51.51,50.31,51.38,14595200,2026-02-28T03:46:24Z
JNJ,2009-04-24,30.88,31.43,30.71,31.29,24352547,50.92,51.84,50.64,51.6,14767200,2026-02-28T03:46:24Z
JNJ,2009-04-27,30.84,31.36,30.7,31.12,21530460,50.86,51.71,50.63,51.32,13055900,2026-02-28T03:46:24Z
JNJ,2009-04-28,30.71,31.1,30.57,30.79,19927673,50.65,51.28,50.41,50.78,12084000,2026-02-28T03:46:24Z
JNJ,2009-04-29,30.94,30.98,30.39,30.96,30502693,51.03,51.09,50.12,51.05,18496600,2026-02-28T03:46:24Z
JNJ,2009-04-30,31.75,31.9,31.14,31.21,32989041,52.36,52.61,51.35,51.47,20004300,2026-02-28T03:46:24Z
JNJ,2009-05-01,31.89,31.89,31.33,31.85,20621285,52.59,52.59,51.67,52.53,12504600,2026-02-28T03:46:24Z
JNJ,2009-05-04,32.6,32.68,31.9,31.9,24926309,53.76,53.9,52.6,52.61,15115100,2026-02-28T03:46:24Z
JNJ,2009-05-05,32.96,32.99,32.41,32.59,21966957,54.36,54.4,53.45,53.75,13320600,2026-02-28T03:46:24Z
JNJ,2009-05-06,32.87,33.2,32.49,33.2,27404061,54.21,54.75,53.58,54.75,16617600,2026-02-28T03:46:24Z
JNJ,2009-05-07,33.28,33.35,32.47,32.65,25137006,54.89,55,53.54,53.84,15242900,2026-02-28T03:46:24Z
JNJ,2009-05-08,33.34,33.66,33.17,33.39,21489253,54.98,55.5,54.7,55.07,13030900,2026-02-28T03:46:24Z
JNJ,2009-05-11,32.81,33.27,32.74,33.09,21558807,54.11,54.87,54,54.56,13073100,2026-02-28T03:46:24Z
JNJ,2009-05-12,33.35,33.45,32.68,33.04,19502047,55,55.17,53.9,54.48,11825900,2026-02-28T03:46:24Z
JNJ,2009-05-13,33.44,33.62,33.05,33.17,18094411,55.15,55.44,54.51,54.7,10972300,2026-02-28T03:46:24Z
JNJ,2009-05-14,33.36,33.59,33.21,33.5,19766413,55.02,55.4,54.76,55.25,11986200,2026-02-28T03:46:24Z
JNJ,2009-05-15,33.6,33.62,33.18,33.35,27050638,55.41,55.44,54.71,55,16403300,2026-02-28T03:46:24Z
JNJ,2009-05-18,33.99,34.03,33.48,33.84,21253724,56.05,56.12,55.22,55.8,12888100,2026-02-28T03:46:24Z
JNJ,2009-05-19,33.89,34.09,33.78,34.09,22016913,55.89,56.21,55.7,56.21,13350900,2026-02-28T03:46:24Z
JNJ,2009-05-20,33.88,34.25,33.84,34.09,22641966,55.87,56.48,55.8,56.22,13729900,2026-02-28T03:46:24Z
JNJ,2009-05-21,33.64,34,33.31,33.91,20433941,54.99,55.58,54.45,55.43,12500600,2026-02-28T03:46:24Z
JNJ,2009-05-22,33.51,33.92,33.42,33.71,12138454,54.77,55.44,54.63,55.1,7425800,2026-02-28T03:46:24Z
JNJ,2009-05-26,33.81,33.9,33.11,33.46,18618172,55.26,55.42,54.12,54.69,11389800,2026-02-28T03:46:24Z
JNJ,2009-05-27,33.17,33.95,33.13,33.92,20400726,54.22,55.5,54.16,55.44,12480300,2026-02-28T03:46:24Z
JNJ,2009-05-28,33.36,33.6,32.95,33.19,17802498,54.53,54.92,53.86,54.25,10890800,2026-02-28T03:46:24Z
JNJ,2009-05-29,33.74,33.82,33.03,33.4,20441296,55.16,55.28,54,54.59,12505100,2026-02-28T03:46:24Z
JNJ,2009-06-01,34.12,34.29,33.81,34.1,20358086,55.78,56.05,55.27,55.75,12454200,2026-02-28T03:46:24Z
JNJ,2009-06-02,34.39,34.55,34.03,34.29,16798969,56.21,56.48,55.62,56.05,10276900,2026-02-28T03:46:24Z
JNJ,2009-06-03,34.36,34.44,34.05,34.19,18293523,56.16,56.3,55.66,55.88,11191200,2026-02-28T03:46:24Z
JNJ,2009-06-04,34.16,34.5,33.93,34.48,19974767,55.84,56.4,55.47,56.36,12219700,2026-02-28T03:46:24Z
JNJ,2009-06-05,34.22,34.38,33.73,34.14,16698445,55.93,56.2,55.14,55.81,10215400,2026-02-28T03:46:24Z
JNJ,2009-06-08,34.03,34.34,33.74,34.09,16168320,55.63,56.14,55.16,55.72,9891100,2026-02-28T03:46:24Z
JNJ,2009-06-09,34.07,34.41,34.04,34.28,18264912,55.7,56.25,55.65,56.03,11173700,2026-02-28T03:46:24Z
JNJ,2009-06-10,34.05,34.41,33.78,34.27,21681481,55.66,56.25,55.22,56.02,13263800,2026-02-28T03:46:24Z
JNJ,2009-06-11,34.29,34.55,34.02,34.04,20887854,56.05,56.48,55.61,55.65,12778300,2026-02-28T03:46:24Z
JNJ,2009-06-12,34.3,34.59,34.09,34.19,19423070,56.06,56.54,55.72,55.88,11882200,2026-02-28T03:46:24Z
JNJ,2009-06-15,33.49,34.25,33.37,34.16,24209610,54.75,55.98,54.54,55.84,14810400,2026-02-28T03:46:24Z
JNJ,2009-06-16,33.41,33.84,33.4,33.65,20607181,54.62,55.32,54.59,55.01,12606600,2026-02-28T03:46:24Z
JNJ,2009-06-17,33.77,33.97,33.37,33.45,21350952,55.2,55.53,54.55,54.68,13061600,2026-02-28T03:46:24Z
JNJ,2009-06-18,34.13,34.36,33.65,33.87,19785972,55.79,56.17,55.01,55.37,12104200,2026-02-28T03:46:24Z
JNJ,2009-06-19,34.31,34.66,34.2,34.45,31605479,56.09,56.65,55.91,56.31,19334900,2026-02-28T03:46:24Z
JNJ,2009-06-22,33.95,34.23,33.88,34.18,21638819,55.49,55.96,55.39,55.87,13237700,2026-02-28T03:46:24Z
JNJ,2009-06-23,33.65,34.01,33.59,33.98,20346774,55.01,55.59,54.91,55.54,12447300,2026-02-28T03:46:24Z
JNJ,2009-06-24,33.93,34.15,33.67,33.81,20379951,55.46,55.83,55.04,55.26,12467600,2026-02-28T03:46:24Z
JNJ,2009-06-25,34.42,34.53,33.72,33.84,23276866,56.27,56.44,55.12,55.31,14239800,2026-02-28T03:46:24Z
JNJ,2009-06-26,34.63,34.63,34.04,34.39,52795554,56.6,56.6,55.65,56.21,32298100,2026-02-28T03:46:24Z
JNJ,2009-06-29,34.85,34.87,34.28,34.63,22581174,56.96,57,56.03,56.61,13814200,2026-02-28T03:46:24Z
JNJ,2009-06-30,34.75,35.01,34.4,35.01,26112981,56.8,57.23,56.23,57.23,15974800,2026-02-28T03:46:24Z
JNJ,2009-07-01,34.91,34.98,34.5,34.76,25039172,57.07,57.18,56.39,56.82,15317900,2026-02-28T03:46:24Z
JNJ,2009-07-02,34.25,34.7,34.23,34.7,24715499,55.98,56.73,55.95,56.73,15119900,2026-02-28T03:46:24Z
JNJ,2009-07-06,34.64,34.72,34.08,34.33,21053119,56.62,56.76,55.71,56.11,12879400,2026-02-28T03:46:24Z
JNJ,2009-07-07,34.4,34.69,34.34,34.63,15820822,56.23,56.71,56.13,56.61,9678500,2026-02-28T03:46:24Z
JNJ,2009-07-08,34.92,35.01,34.4,34.53,25196434,57.08,57.22,56.23,56.45,15414100,2026-02-28T03:46:24Z
JNJ,2009-07-09,34.68,35.02,34.44,34.93,18512091,56.69,57.25,56.29,57.1,11324900,2026-02-28T03:46:24Z
JNJ,2009-07-10,34.83,35.1,34.41,34.47,22332022,56.93,57.38,56.25,56.34,13661800,2026-02-28T03:46:24Z
JNJ,2009-07-13,35.31,35.4,34.73,34.81,22173518,57.72,57.86,56.77,56.91,13564800,2026-02-28T03:46:24Z
JNJ,2009-07-14,35.62,35.92,35.14,35.48,33402161,58.23,58.71,57.44,58,20434000,2026-02-28T03:46:24Z
JNJ,2009-07-15,36.07,36.09,35.62,35.76,21229014,58.96,59,58.22,58.46,12987000,2026-02-28T03:46:24Z
JNJ,2009-07-16,36.25,36.52,35.98,36.06,18955076,59.25,59.7,58.82,58.94,11595900,2026-02-28T03:46:24Z
JNJ,2009-07-17,36.23,36.44,35.94,36.44,18489185,59.23,59.56,58.74,59.56,11310900,2026-02-28T03:46:24Z
JNJ,2009-07-20,36.13,36.38,35.94,36.38,15081955,59.06,59.46,58.74,59.46,9226500,2026-02-28T03:46:24Z
JNJ,2009-07-21,36.39,36.64,35.98,36.3,18344716,59.49,59.9,58.82,59.33,11222500,2026-02-28T03:46:24Z
JNJ,2009-07-22,36.21,36.6,36.06,36.37,15297739,59.19,59.83,58.95,59.45,9358500,2026-02-28T03:46:24Z
JNJ,2009-07-23,36.84,36.92,36.16,36.25,20424126,60.22,60.35,59.1,59.26,12494600,2026-02-28T03:46:24Z
JNJ,2009-07-24,37.63,37.7,36.84,36.86,18656740,61.51,61.62,60.22,60.26,11413400,2026-02-28T03:46:24Z
JNJ,2009-07-27,37.48,37.74,37.09,37.62,12979810,61.27,61.69,60.62,61.49,7940500,2026-02-28T03:46:24Z
JNJ,2009-07-28,37.27,37.67,37.07,37.34,14753217,60.92,61.57,60.6,61.03,9025400,2026-02-28T03:46:24Z
JNJ,2009-07-29,37.42,37.59,37.13,37.16,17201091,61.16,61.44,60.69,60.74,10522900,2026-02-28T03:46:24Z
JNJ,2009-07-30,37.8,38.22,37.63,37.72,20656059,61.79,62.47,61.52,61.66,12636500,2026-02-28T03:46:24Z
JNJ,2009-07-31,37.25,38.03,37.18,37.83,21630964,60.89,62.17,60.78,61.83,13232900,2026-02-28T03:46:24Z
JNJ,2009-08-03,37.38,37.43,36.97,37.41,18273082,61.1,61.19,60.43,61.16,11178700,2026-02-28T03:46:24Z
JNJ,2009-08-04,37.35,37.41,37.12,37.41,14565089,61.06,61.15,60.67,61.15,8910300,2026-02-28T03:46:24Z
JNJ,2009-08-05,36.98,37.46,36.88,37.43,14017170,60.45,61.23,60.29,61.19,8575100,2026-02-28T03:46:24Z
JNJ,2009-08-06,36.66,37.12,36.52,37.12,17711769,59.93,60.67,59.7,60.67,10835300,2026-02-28T03:46:24Z
JNJ,2009-08-07,36.64,36.97,36.61,36.68,16305143,59.9,60.43,59.85,59.96,9974800,2026-02-28T03:46:24Z
JNJ,2009-08-10,37.15,37.15,36.43,36.75,15560092,60.72,60.72,59.55,60.08,9519000,2026-02-28T03:46:24Z
JNJ,2009-08-11,36.84,37.27,36.8,37.12,13571077,60.22,60.92,60.15,60.68,8302200,2026-02-28T03:46:24Z
JNJ,2009-08-12,37.07,37.35,36.72,36.86,13436038,60.59,61.05,60.03,60.26,8219600,2026-02-28T03:46:24Z
JNJ,2009-08-13,36.9,37.13,36.74,37.13,13629751,60.32,60.69,60.05,60.69,8338100,2026-02-28T03:46:24Z
JNJ,2009-08-14,36.75,37.13,36.48,36.96,14648122,60.08,60.7,59.64,60.42,8961100,2026-02-28T03:46:24Z
JNJ,2009-08-17,36.6,36.83,36.45,36.46,21129308,59.82,60.2,59.59,59.6,12926000,2026-02-28T03:46:24Z
JNJ,2009-08-18,36.58,36.67,36.4,36.67,14389688,59.8,59.95,59.5,59.95,8803000,2026-02-28T03:46:24Z
JNJ,2009-08-19,36.93,37.01,36.51,36.56,17162519,60.37,60.49,59.68,59.77,10499300,2026-02-28T03:46:24Z
JNJ,2009-08-20,37.29,37.43,36.82,37.04,16273124,60.95,61.19,60.18,60.55,9955200,2026-02-28T03:46:24Z
JNJ,2009-08-21,37.64,37.88,37.38,37.67,20421759,61.03,61.42,60.61,61.09,12594400,2026-02-28T03:46:24Z
JNJ,2009-08-24,37.79,37.79,37.43,37.73,17026661,61.28,61.28,60.69,61.18,10500600,2026-02-28T03:46:24Z
JNJ,2009-08-25,37.71,37.92,37.53,37.63,17530603,61.14,61.49,60.85,61.02,10811400,2026-02-28T03:46:24Z
JNJ,2009-08-26,37.39,37.84,37.32,37.78,17618154,60.63,61.35,60.51,61.26,10865400,2026-02-28T03:46:24Z
JNJ,2009-08-27,37.31,37.45,36.97,37.35,17887675,60.49,60.73,59.95,60.57,11031600,2026-02-28T03:46:24Z
JNJ,2009-08-28,37.18,37.47,37.04,37.47,17670535,60.29,60.75,60.06,60.75,10897700,2026-02-28T03:46:24Z
JNJ,2009-08-31,37.27,37.37,36.98,37.03,16508902,60.44,60.59,59.96,60.04,10181300,2026-02-28T03:46:24Z
JNJ,2009-09-01,36.97,37.47,36.77,37.22,19280702,59.94,60.75,59.62,60.35,11890700,2026-02-28T03:46:24Z
JNJ,2009-09-02,36.85,37.02,36.68,36.8,13923606,59.76,60.02,59.47,59.67,8586900,2026-02-28T03:46:24Z
JNJ,2009-09-03,36.81,36.9,36.56,36.9,14148682,59.69,59.84,59.28,59.84,8725700,2026-02-28T03:46:24Z
JNJ,2009-09-04,37.2,37.22,36.77,36.83,12039905,60.32,60.35,59.63,59.72,7425200,2026-02-28T03:46:24Z
JNJ,2009-09-08,37.35,37.48,37,37.48,14257286,60.57,60.77,59.99,60.77,8792700,2026-02-28T03:46:24Z
JNJ,2009-09-09,37.57,37.7,37.41,37.48,15084754,60.92,61.13,60.66,60.78,9303000,2026-02-28T03:46:24Z
JNJ,2009-09-10,37.41,37.65,37.26,37.64,14310149,60.66,61.05,60.42,61.04,8825300,2026-02-28T03:46:24Z
JNJ,2009-09-11,37.26,37.55,37.15,37.44,13750441,60.42,60.89,60.23,60.7,8480100,2026-02-28T03:46:24Z
JNJ,2009-09-14,37.21,37.45,37.13,37.21,10792825,60.34,60.73,60.21,60.34,6656100,2026-02-28T03:46:24Z
JNJ,2009-09-15,37.1,37.33,36.89,37.33,13492782,60.15,60.53,59.81,60.53,8321200,2026-02-28T03:46:24Z
JNJ,2009-09-16,37.12,37.22,36.84,37.19,17553153,60.19,60.35,59.74,60.31,10825300,2026-02-28T03:46:24Z
JNJ,2009-09-17,37.48,37.56,37.11,37.13,19881779,60.77,60.9,60.17,60.2,12261400,2026-02-28T03:46:24Z
JNJ,2009-09-18,37.48,37.77,37.44,37.64,23452446,60.78,61.25,60.71,61.04,14463500,2026-02-28T03:46:24Z
JNJ,2009-09-21,37.42,37.55,37.26,37.28,11736052,60.67,60.89,60.42,60.45,7237800,2026-02-28T03:46:24Z
JNJ,2009-09-22,37.67,37.72,37.22,37.54,16210546,61.08,61.17,60.35,60.87,9997300,2026-02-28T03:46:24Z
JNJ,2009-09-23,37.48,37.79,37.44,37.72,18120675,60.77,61.28,60.7,61.16,11175300,2026-02-28T03:46:24Z
JNJ,2009-09-24,37.45,37.62,37.37,37.55,15065118,60.72,61,60.59,60.89,9290900,2026-02-28T03:46:24Z
JNJ,2009-09-25,37.39,37.59,37.3,37.35,12783039,60.62,60.96,60.49,60.57,7883500,2026-02-28T03:46:24Z
JNJ,2009-09-28,37.79,37.95,37.28,37.44,14141026,61.27,61.54,60.45,60.7,8721000,2026-02-28T03:46:24Z
JNJ,2009-09-29,37.58,37.88,37.55,37.79,12253292,60.93,61.42,60.88,61.28,7556800,2026-02-28T03:46:24Z
JNJ,2009-09-30,37.55,37.67,37.21,37.63,17899991,60.89,61.09,60.33,61.02,11039200,2026-02-28T03:46:24Z
JNJ,2009-10-01,36.89,37.58,36.86,37.58,19659284,59.81,60.93,59.77,60.93,12124200,2026-02-28T03:46:24Z
JNJ,2009-10-02,36.84,37.13,36.65,36.89,14796618,59.73,60.2,59.42,59.82,9125300,2026-02-28T03:46:24Z
JNJ,2009-10-05,36.89,36.96,36.66,36.88,11535309,59.82,59.93,59.44,59.8,7114000,2026-02-28T03:46:24Z
JNJ,2009-10-06,37.18,37.34,36.6,37.05,19078477,60.29,60.54,59.34,60.08,11766000,2026-02-28T03:46:24Z
JNJ,2009-10-07,37.44,37.48,36.98,37.11,11790525,60.71,60.77,59.96,60.17,7271400,2026-02-28T03:46:24Z
JNJ,2009-10-08,37.58,37.79,37.55,37.66,14951644,60.94,61.28,60.88,61.07,9220900,2026-02-28T03:46:24Z
JNJ,2009-10-09,38.08,38.08,37.5,37.5,14995575,61.74,61.74,60.81,60.81,9248000,2026-02-28T03:46:24Z
JNJ,2009-10-12,38.56,38.69,38.16,38.17,20592648,62.53,62.74,61.87,61.89,12699800,2026-02-28T03:46:24Z
JNJ,2009-10-13,37.63,37.87,37.39,37.57,38118398,61.01,61.4,60.63,60.92,23508200,2026-02-28T03:46:24Z
JNJ,2009-10-14,37.34,37.77,37.09,37.75,30731045,60.55,61.24,60.14,61.21,18952300,2026-02-28T03:46:24Z
JNJ,2009-10-15,37.58,37.58,37.18,37.27,22824974,60.94,60.94,60.29,60.43,14076500,2026-02-28T03:46:24Z
JNJ,2009-10-16,37.29,37.44,37.16,37.35,22559198,60.46,60.71,60.25,60.57,13912600,2026-02-28T03:46:24Z
JNJ,2009-10-19,37.72,37.91,37.26,37.38,18555081,61.16,61.47,60.42,60.61,11443200,2026-02-28T03:46:24Z
JNJ,2009-10-20,37.37,37.98,37.32,37.81,25499274,60.59,61.59,60.51,61.31,15725800,2026-02-28T03:46:24Z
JNJ,2009-10-21,37.19,37.67,37.18,37.37,20317803,60.31,61.08,60.28,60.6,12530300,2026-02-28T03:46:24Z
JNJ,2009-10-22,37.58,37.77,37.03,37.09,16101931,60.94,61.24,60.04,60.15,9930300,2026-02-28T03:46:24Z
JNJ,2009-10-23,37.34,37.65,37.08,37.53,17420978,60.54,61.05,60.12,60.86,10743800,2026-02-28T03:46:24Z
JNJ,2009-10-26,37.06,37.58,36.98,37.43,19148394,60.09,60.93,59.96,60.69,11809100,2026-02-28T03:46:24Z
JNJ,2009-10-27,37.02,37.25,36.97,37.19,16652232,60.02,60.4,59.94,60.3,10269700,2026-02-28T03:46:24Z
JNJ,2009-10-28,36.74,37.06,36.7,37.02,22436788,59.57,60.1,59.5,60.02,13837100,2026-02-28T03:46:24Z
JNJ,2009-10-29,36.92,37.02,36.7,36.89,22626959,59.86,60.02,59.51,59.82,13954400,2026-02-28T03:46:24Z
JNJ,2009-10-30,36.42,36.93,36.25,36.82,33998542,59.05,59.88,58.78,59.71,20967400,2026-02-28T03:46:24Z
JNJ,2009-11-02,36.69,36.92,36.33,36.48,19940640,59.49,59.87,58.91,59.15,12297700,2026-02-28T03:46:24Z
JNJ,2009-11-03,36.34,37.03,36.26,37.03,27826966,58.93,60.04,58.8,60.04,17161300,2026-02-28T03:46:24Z
JNJ,2009-11-04,36.71,37.04,36.37,36.47,22585133,59.52,60.06,58.97,59.13,13928600,2026-02-28T03:46:24Z
JNJ,2009-11-05,36.99,37.13,36.81,36.89,14901844,59.98,60.2,59.68,59.81,9190200,2026-02-28T03:46:24Z
JNJ,2009-11-06,37.19,37.21,36.74,36.97,13812868,60.3,60.34,59.57,59.94,8518600,2026-02-28T03:46:24Z
JNJ,2009-11-09,37.47,37.47,37.18,37.26,19091282,60.75,60.75,60.29,60.42,11773900,2026-02-28T03:46:24Z
JNJ,2009-11-10,37.76,37.86,37.37,37.46,19095347,61.23,61.39,60.6,60.74,11776400,2026-02-28T03:46:24Z
JNJ,2009-11-11,37.54,37.66,37.4,37.56,18127468,60.87,61.07,60.65,60.9,11179500,2026-02-28T03:46:24Z
JNJ,2009-11-12,37.71,37.88,37.38,37.4,22187026,61.15,61.43,60.62,60.64,13683100,2026-02-28T03:46:24Z
JNJ,2009-11-13,37.88,37.98,37.64,37.67,16107117,61.43,61.58,61.04,61.09,9933500,2026-02-28T03:46:24Z
JNJ,2009-11-16,38.35,38.45,37.87,37.9,22324902,62.19,62.35,61.41,61.45,13768100,2026-02-28T03:46:24Z
JNJ,2009-11-17,38.34,38.51,38.11,38.21,18527667,62.17,62.44,61.79,61.96,11426300,2026-02-28T03:46:24Z
JNJ,2009-11-18,38.43,38.54,38.21,38.28,18684470,62.32,62.49,61.95,62.07,11523000,2026-02-28T03:46:24Z
JNJ,2009-11-19,38.5,38.54,38.01,38.38,21563293,62.43,62.49,61.64,62.24,13298400,2026-02-28T03:46:24Z
JNJ,2009-11-20,38.73,38.92,38.37,38.43,26223081,62.31,62.62,61.72,61.82,16300100,2026-02-28T03:46:24Z
JNJ,2009-11-23,38.97,39.22,38.8,38.84,22310397,62.69,63.1,62.42,62.49,13868000,2026-02-28T03:46:24Z
JNJ,2009-11-24,39.27,39.41,38.94,39.12,15574638,63.18,63.4,62.65,62.93,9681100,2026-02-28T03:46:24Z
JNJ,2009-11-25,39.35,39.43,39.12,39.4,11561565,63.3,63.44,62.93,63.38,7186600,2026-02-28T03:46:24Z
JNJ,2009-11-27,39.09,39.22,38.55,38.86,9783061,62.89,63.09,62.01,62.52,6081100,2026-02-28T03:46:24Z
JNJ,2009-11-30,39.06,39.15,38.69,39.02,17399284,62.84,62.98,62.24,62.78,10815300,2026-02-28T03:46:24Z
JNJ,2009-12-01,39.48,39.57,39.13,39.13,19791391,63.51,63.66,62.95,62.95,12302200,2026-02-28T03:46:24Z
