ticker,tradeDate,clsPx,hiPx,loPx,open,stockVolume,unadjClsPx,unadjHiPx,unadjLoPx,unadjOpen,unadjStockVolume,updatedAt
JPM,2006-01-03,23.75,23.86,23.23,23.54,21722590,40.19,40.36,39.3,39.83,12839300,2026-01-10T03:44:48Z
JPM,2006-01-04,23.62,23.93,23.5,23.71,22633432,39.62,40.14,39.42,39.78,13491800,2026-01-10T03:44:48Z
JPM,2006-01-05,23.69,23.73,23.55,23.61,13604044,39.74,39.81,39.5,39.61,8109400,2026-01-10T03:44:48Z
JPM,2006-01-06,23.86,23.99,23.58,23.8,13364994,40.02,40.24,39.55,39.92,7966900,2026-01-10T03:44:48Z
JPM,2006-01-09,24.24,24.27,23.77,23.77,27806055,40.67,40.72,39.88,39.88,16575200,2026-01-10T03:44:48Z
JPM,2006-01-10,24.28,24.29,23.89,24.14,27872618,40.73,40.75,40.07,40.5,16614900,2026-01-10T03:44:48Z
JPM,2006-01-11,24.26,24.36,24.21,24.28,20689625,40.7,40.87,40.61,40.73,12333100,2026-01-10T03:44:48Z
JPM,2006-01-12,23.81,24.09,23.78,23.99,20516856,39.95,40.42,39.9,40.25,12230100,2026-01-10T03:44:48Z
JPM,2006-01-13,23.8,23.86,23.64,23.71,18388120,39.92,40.03,39.65,39.78,10961200,2026-01-10T03:44:48Z
JPM,2006-01-17,23.67,23.74,23.49,23.53,16676850,39.71,39.82,39.41,39.48,9941100,2026-01-10T03:44:48Z
JPM,2006-01-18,23.41,23.67,23.22,23.31,30042787,39.28,39.71,38.95,39.11,17908500,2026-01-10T03:44:48Z
JPM,2006-01-19,23.28,23.53,23.13,23.45,20284821,39.06,39.47,38.8,39.34,12091800,2026-01-10T03:44:48Z
JPM,2006-01-20,22.68,23.14,22.58,23.14,35073317,38.05,38.82,37.88,38.81,20907200,2026-01-10T03:44:48Z
JPM,2006-01-23,22.81,23.07,22.63,22.73,22097583,38.27,38.7,37.97,38.14,13172400,2026-01-10T03:44:48Z
JPM,2006-01-24,22.72,22.97,22.71,22.81,16409138,38.11,38.53,38.09,38.27,9781500,2026-01-10T03:44:48Z
JPM,2006-01-25,22.94,23.06,22.69,22.75,23903129,38.48,38.68,38.06,38.16,14248700,2026-01-10T03:44:48Z
JPM,2006-01-26,23.6,23.73,23.07,23.07,27156349,39.59,39.81,38.71,38.71,16187900,2026-01-10T03:44:48Z
JPM,2006-01-27,23.7,23.87,23.35,23.4,21689794,39.75,40.04,39.17,39.25,12929300,2026-01-10T03:44:48Z
JPM,2006-01-30,23.75,23.83,23.5,23.56,14597707,39.85,39.97,39.42,39.52,8701700,2026-01-10T03:44:48Z
JPM,2006-01-31,23.7,23.96,23.69,23.86,26140719,39.75,40.19,39.74,40.03,15582500,2026-01-10T03:44:48Z
JPM,2006-02-01,23.77,23.98,23.65,23.77,19174275,39.88,40.22,39.67,39.88,11429800,2026-01-10T03:44:48Z
JPM,2006-02-02,23.84,23.94,23.6,23.77,17294202,39.99,40.16,39.59,39.88,10309100,2026-01-10T03:44:48Z
JPM,2006-02-03,23.56,23.9,23.49,23.52,17514795,39.53,40.1,39.4,39.45,10440600,2026-01-10T03:44:48Z
JPM,2006-02-06,23.51,23.61,23.43,23.49,11058371,39.44,39.6,39.31,39.4,6591900,2026-01-10T03:44:48Z
JPM,2006-02-07,23.4,23.61,23.28,23.37,14414686,39.26,39.6,39.05,39.2,8592600,2026-01-10T03:44:48Z
JPM,2006-02-08,23.61,23.62,23.4,23.41,16885224,39.6,39.62,39.25,39.28,10065300,2026-01-10T03:44:48Z
JPM,2006-02-09,23.71,23.86,23.51,23.56,14253144,39.77,40.03,39.44,39.53,8496300,2026-01-10T03:44:48Z
JPM,2006-02-10,23.8,23.83,23.42,23.62,14746631,39.92,39.98,39.29,39.62,8790500,2026-01-10T03:44:48Z
JPM,2006-02-13,23.71,24.03,23.61,23.71,13070959,39.77,40.31,39.61,39.77,7791600,2026-01-10T03:44:48Z
JPM,2006-02-14,23.9,24.04,23.64,23.64,21647460,40.1,40.33,39.65,39.66,12904100,2026-01-10T03:44:48Z
JPM,2006-02-15,24.03,24.14,23.83,23.83,21280950,40.32,40.5,39.97,39.97,12685600,2026-01-10T03:44:48Z
JPM,2006-02-16,24.33,24.33,23.99,24.11,19412684,40.82,40.82,40.24,40.45,11571900,2026-01-10T03:44:48Z
JPM,2006-02-17,24.31,24.33,24.08,24.24,19323233,40.78,40.82,40.4,40.66,11518600,2026-01-10T03:44:48Z
JPM,2006-02-21,24.26,24.41,24.17,24.22,12287353,40.7,40.95,40.55,40.63,7324500,2026-01-10T03:44:48Z
JPM,2006-02-22,24.68,24.77,24.29,24.38,22090924,41.41,41.55,40.74,40.89,13168400,2026-01-10T03:44:48Z
JPM,2006-02-23,24.51,24.78,24.44,24.59,14661114,41.11,41.57,41,41.26,8739500,2026-01-10T03:44:48Z
JPM,2006-02-24,24.83,24.93,24.36,24.4,15591801,41.66,41.83,40.87,40.94,9294300,2026-01-10T03:44:48Z
JPM,2006-02-27,24.79,25.01,24.77,24.77,14329607,41.58,41.95,41.55,41.55,8541900,2026-01-10T03:44:48Z
JPM,2006-02-28,24.52,24.8,24.42,24.79,19654718,41.14,41.6,40.97,41.59,11716200,2026-01-10T03:44:48Z
JPM,2006-03-01,24.82,25,24.52,24.54,17658238,41.63,41.94,41.13,41.16,10526100,2026-01-10T03:44:48Z
JPM,2006-03-02,24.83,24.94,24.66,24.82,18352235,41.66,41.84,41.37,41.63,10939800,2026-01-10T03:44:48Z
JPM,2006-03-03,24.79,25.09,24.7,24.74,20618351,41.59,42.09,41.43,41.5,12290600,2026-01-10T03:44:48Z
JPM,2006-03-06,24.7,24.92,24.52,24.73,16570154,41.43,41.81,41.14,41.48,9877500,2026-01-10T03:44:48Z
JPM,2006-03-07,24.73,24.83,24.45,24.45,15838404,41.48,41.66,41.02,41.02,9441300,2026-01-10T03:44:48Z
JPM,2006-03-08,24.8,24.88,24.56,24.73,15344883,41.6,41.74,41.2,41.49,9147100,2026-01-10T03:44:48Z
JPM,2006-03-09,24.47,24.88,24.42,24.74,16385676,41.05,41.74,40.96,41.5,9767500,2026-01-10T03:44:48Z
JPM,2006-03-10,24.52,24.68,24.36,24.48,18747857,41.13,41.4,40.87,41.06,11175600,2026-01-10T03:44:48Z
JPM,2006-03-13,24.48,24.73,24.43,24.71,17826011,41.06,41.48,40.98,41.45,10626100,2026-01-10T03:44:48Z
JPM,2006-03-14,24.67,24.74,24.59,24.59,27238795,41.38,41.5,41.25,41.26,16237100,2026-01-10T03:44:48Z
JPM,2006-03-15,24.57,24.64,24.43,24.54,23515965,41.22,41.34,40.99,41.16,14017900,2026-01-10T03:44:48Z
JPM,2006-03-16,24.63,24.76,24.59,24.69,16852173,41.32,41.53,41.26,41.42,10045600,2026-01-10T03:44:48Z
JPM,2006-03-17,24.68,24.74,24.59,24.65,21879329,41.4,41.5,41.25,41.35,13042300,2026-01-10T03:44:48Z
JPM,2006-03-20,24.71,24.77,24.53,24.62,15799326,41.45,41.55,41.15,41.31,9418000,2026-01-10T03:44:48Z
JPM,2006-03-21,24.56,24.86,24.46,24.6,22602844,41.2,41.71,41.04,41.27,13473600,2026-01-10T03:44:48Z
JPM,2006-03-22,25.07,25.16,24.44,24.55,22674220,42.05,42.2,41,41.19,13516100,2026-01-10T03:44:48Z
JPM,2006-03-23,25.06,25.16,24.93,25.07,21786227,42.04,42.2,41.82,42.05,12986800,2026-01-10T03:44:48Z
JPM,2006-03-24,25.1,25.29,24.98,25.03,12100946,42.1,42.43,41.91,41.99,7213400,2026-01-10T03:44:48Z
JPM,2006-03-27,25.1,25.16,24.91,24.95,13145765,42.11,42.2,41.78,41.86,7836200,2026-01-10T03:44:48Z
JPM,2006-03-28,24.77,25.16,24.74,24.99,26107445,41.56,42.21,41.5,41.93,15562700,2026-01-10T03:44:48Z
JPM,2006-03-29,24.85,25.08,24.62,24.88,13123440,41.68,42.08,41.31,41.73,7822900,2026-01-10T03:44:48Z
JPM,2006-03-30,24.76,25.06,24.51,24.76,15642970,41.53,42.04,41.12,41.54,9324800,2026-01-10T03:44:48Z
JPM,2006-03-31,24.82,25,24.74,24.91,17398761,41.64,41.94,41.5,41.78,10371400,2026-01-10T03:44:48Z
JPM,2006-04-03,24.99,25.31,24.96,25.01,18240041,41.93,42.46,41.88,41.95,10872900,2026-01-10T03:44:48Z
JPM,2006-04-04,25.4,25.52,24.94,25,23312295,42.27,42.46,41.5,41.6,14010100,2026-01-10T03:44:48Z
JPM,2006-04-05,25.57,25.64,25.27,25.34,15646954,42.54,42.66,42.04,42.17,9403400,2026-01-10T03:44:48Z
JPM,2006-04-06,25.42,25.52,25.25,25.48,10360677,42.29,42.47,42.02,42.39,6226500,2026-01-10T03:44:48Z
JPM,2006-04-07,25.06,25.5,25.02,25.39,17894129,41.7,42.44,41.63,42.25,10753900,2026-01-10T03:44:48Z
JPM,2006-04-10,25.17,25.4,25.05,25.2,12221655,41.88,42.26,41.69,41.93,7344900,2026-01-10T03:44:48Z
JPM,2006-04-11,25.01,25.45,24.93,25.24,14690169,41.61,42.35,41.48,42,8828400,2026-01-10T03:44:48Z
JPM,2006-04-12,25.18,25.23,25.06,25.14,9773971,41.9,41.98,41.7,41.83,5873900,2026-01-10T03:44:48Z
JPM,2006-04-13,25.36,25.49,25.19,25.22,10906791,42.19,42.42,41.91,41.96,6554700,2026-01-10T03:44:48Z
JPM,2006-04-17,25.24,25.47,25.14,25.41,13288766,42,42.38,41.83,42.28,7986200,2026-01-10T03:44:48Z
JPM,2006-04-18,25.6,25.69,25.28,25.37,18436232,42.6,42.75,42.07,42.22,11079700,2026-01-10T03:44:48Z
JPM,2006-04-19,25.61,25.84,25.42,25.48,15721319,42.62,42.99,42.3,42.4,9448100,2026-01-10T03:44:48Z
JPM,2006-04-20,25.6,25.81,25.47,25.54,14037041,42.6,42.95,42.38,42.5,8435900,2026-01-10T03:44:48Z
JPM,2006-04-21,25.54,25.77,25.48,25.77,22851399,42.5,42.88,42.4,42.88,13733100,2026-01-10T03:44:48Z
JPM,2006-04-24,25.65,25.71,25.34,25.55,15767553,42.68,42.78,42.16,42.51,9475900,2026-01-10T03:44:48Z
JPM,2006-04-25,25.37,25.73,25.31,25.56,19383551,42.22,42.82,42.11,42.53,11649000,2026-01-10T03:44:48Z
JPM,2006-04-26,25.64,25.69,25.34,25.48,17717537,42.66,42.74,42.16,42.39,10647800,2026-01-10T03:44:48Z
JPM,2006-04-27,26.41,26.48,25.56,25.64,29061165,43.95,44.06,42.53,42.66,17465000,2026-01-10T03:44:48Z
JPM,2006-04-28,27.27,27.59,26.5,26.5,47027495,45.38,45.9,44.1,44.1,28262300,2026-01-10T03:44:48Z
JPM,2006-05-01,26.91,27.4,26.88,27.27,26997854,44.78,45.59,44.73,45.38,16225000,2026-01-10T03:44:48Z
JPM,2006-05-02,27.34,27.35,26.99,27.04,21572327,45.5,45.51,44.91,45,12964400,2026-01-10T03:44:48Z
JPM,2006-05-03,27.32,27.46,27.18,27.4,25940703,45.46,45.7,45.22,45.59,15589700,2026-01-10T03:44:48Z
JPM,2006-05-04,27.46,27.53,27.34,27.35,17555835,45.69,45.81,45.5,45.51,10550600,2026-01-10T03:44:48Z
JPM,2006-05-05,28.04,28.13,27.46,27.59,28857860,46.65,46.8,45.69,45.91,17342800,2026-01-10T03:44:48Z
JPM,2006-05-08,27.7,28.04,27.67,28,17112220,46.1,46.65,46.04,46.6,10284000,2026-01-10T03:44:48Z
JPM,2006-05-09,27.66,27.86,27.55,27.61,13196921,46.02,46.35,45.85,45.94,7931000,2026-01-10T03:44:48Z
JPM,2006-05-10,27.6,27.72,27.35,27.49,12006520,45.92,46.12,45.51,45.74,7215600,2026-01-10T03:44:48Z
JPM,2006-05-11,27.13,27.62,27.02,27.6,17526699,45.15,45.96,44.96,45.92,10533100,2026-01-10T03:44:48Z
JPM,2006-05-12,26.64,27.02,26.6,27.01,30292287,44.32,44.96,44.26,44.95,18204900,2026-01-10T03:44:48Z
JPM,2006-05-15,26.77,26.89,26.59,26.64,18690147,44.54,44.75,44.25,44.33,11232300,2026-01-10T03:44:48Z
JPM,2006-05-16,26.64,26.92,26.52,26.8,13753156,44.32,44.8,44.13,44.6,8265300,2026-01-10T03:44:48Z
JPM,2006-05-17,25.99,26.47,25.9,26.32,21640392,43.25,44.05,43.09,43.8,13005300,2026-01-10T03:44:48Z
JPM,2006-05-18,25.69,26.09,25.66,26.02,18145896,42.74,43.41,42.69,43.29,10905200,2026-01-10T03:44:48Z
JPM,2006-05-19,25.69,25.87,25.54,25.78,22201492,42.75,43.05,42.5,42.9,13342500,2026-01-10T03:44:48Z
JPM,2006-05-22,25.63,25.81,25.45,25.69,24655338,42.64,42.95,42.34,42.75,14817200,2026-01-10T03:44:48Z
JPM,2006-05-23,25.34,25.78,25.31,25.69,22061662,42.17,42.89,42.12,42.74,13258500,2026-01-10T03:44:48Z
JPM,2006-05-24,25.33,25.53,24.99,25.3,23554554,42.15,42.48,41.59,42.1,14155700,2026-01-10T03:44:48Z
JPM,2006-05-25,25.75,25.78,25.43,25.63,16477274,42.85,42.9,42.32,42.65,9902400,2026-01-10T03:44:48Z
JPM,2006-05-26,25.98,26.07,25.81,25.9,13175447,43.23,43.38,42.95,43.1,7918100,2026-01-10T03:44:48Z
JPM,2006-05-30,25.51,25.84,25.5,25.78,14444737,42.44,42.99,42.44,42.9,8680900,2026-01-10T03:44:48Z
JPM,2006-05-31,25.63,25.82,25.34,25.64,18882703,42.64,42.97,42.17,42.66,11348000,2026-01-10T03:44:48Z
JPM,2006-06-01,26.19,26.25,25.69,25.69,15033731,43.58,43.68,42.74,42.75,9034900,2026-01-10T03:44:48Z
JPM,2006-06-02,26.33,26.56,26.16,26.32,16036783,43.81,44.2,43.53,43.8,9637700,2026-01-10T03:44:48Z
JPM,2006-06-05,25.82,26.4,25.79,26.24,13093221,42.97,43.93,42.91,43.66,7868700,2026-01-10T03:44:48Z
JPM,2006-06-06,25.47,25.95,25.25,25.82,21097734,42.38,43.18,42.01,42.97,12679200,2026-01-10T03:44:48Z
JPM,2006-06-07,25.39,25.7,25.32,25.46,16569737,42.25,42.77,42.13,42.37,9958000,2026-01-10T03:44:48Z
JPM,2006-06-08,25.45,25.54,24.79,25.24,23965546,42.35,42.5,41.25,42,14402700,2026-01-10T03:44:48Z
JPM,2006-06-09,25.3,25.6,25.25,25.45,13488272,42.1,42.59,42.02,42.35,8106100,2026-01-10T03:44:48Z
JPM,2006-06-12,25,25.38,24.99,25.3,15074873,41.6,42.23,41.59,42.1,9059600,2026-01-10T03:44:48Z
JPM,2006-06-13,24.36,25.17,24.24,24.85,27517635,40.53,41.88,40.34,41.35,16537400,2026-01-10T03:44:48Z
JPM,2006-06-14,24.02,24.55,23.64,24.42,28087939,39.97,40.85,39.33,40.64,16880100,2026-01-10T03:44:48Z
JPM,2006-06-15,24.4,24.53,24.04,24.1,30752009,40.6,40.82,40,40.1,18481200,2026-01-10T03:44:48Z
JPM,2006-06-16,24.14,24.46,24.05,24.4,26214962,40.16,40.7,40.01,40.6,15754500,2026-01-10T03:44:48Z
JPM,2006-06-19,24.01,24.32,23.89,24.14,15125620,39.95,40.46,39.75,40.17,9090100,2026-01-10T03:44:48Z
JPM,2006-06-20,24.33,24.51,24.06,24.12,18647092,40.49,40.78,40.04,40.14,11206400,2026-01-10T03:44:48Z
JPM,2006-06-21,24.77,24.92,24.1,24.12,25362700,41.21,41.46,40.1,40.13,15242300,2026-01-10T03:44:48Z
JPM,2006-06-22,24.68,25.04,24.64,24.71,17466481,41.07,41.67,41,41.12,10496900,2026-01-10T03:44:48Z
JPM,2006-06-23,24.56,24.82,23.95,24.54,16564281,40.87,41.3,39.85,40.83,9954700,2026-01-10T03:44:48Z
JPM,2006-06-26,24.94,24.94,24.41,24.44,18608474,41.5,41.5,40.61,40.67,11183200,2026-01-10T03:44:48Z
JPM,2006-06-27,24.54,24.98,24.45,24.45,23488517,40.84,41.57,40.69,40.69,14116000,2026-01-10T03:44:48Z
JPM,2006-06-28,24.8,24.83,24.6,24.74,14210928,41.27,41.31,40.94,41.17,8540400,2026-01-10T03:44:48Z
JPM,2006-06-29,25.65,25.76,25.01,25.05,28821182,42.68,42.86,41.61,41.68,17320800,2026-01-10T03:44:48Z
JPM,2006-06-30,25.24,25.84,25.24,25.8,27050595,42,42.99,42,42.93,16256700,2026-01-10T03:44:48Z
JPM,2006-07-03,25.97,25.97,25.45,25.48,11270085,42.87,42.87,42,42.05,6828300,2026-01-10T03:44:48Z
JPM,2006-07-05,25.7,25.97,25.47,25.97,17250824,42.41,42.87,42.04,42.87,10451900,2026-01-10T03:44:48Z
JPM,2006-07-06,25.72,25.85,25.61,25.69,18001093,42.45,42.67,42.27,42.4,10906500,2026-01-10T03:44:48Z
JPM,2006-07-07,25.7,25.9,25.62,25.72,11118404,42.41,42.75,42.29,42.45,6736400,2026-01-10T03:44:48Z
JPM,2006-07-10,25.8,25.86,25.71,25.77,8800612,42.58,42.69,42.43,42.54,5332100,2026-01-10T03:44:48Z
JPM,2006-07-11,25.97,26.05,25.54,25.66,14548301,42.87,42.99,42.15,42.36,8814500,2026-01-10T03:44:48Z
JPM,2006-07-12,25.6,26.19,25.58,25.98,11595213,42.25,43.23,42.22,42.88,7025300,2026-01-10T03:44:48Z
JPM,2006-07-13,25.08,25.42,24.97,25.42,18318863,41.39,41.96,41.21,41.95,11099000,2026-01-10T03:44:48Z
JPM,2006-07-14,24.77,25.15,24.61,24.99,17230002,40.89,41.51,40.61,41.25,10439300,2026-01-10T03:44:48Z
JPM,2006-07-17,24.68,24.8,24.48,24.73,17836199,40.73,40.94,40.4,40.81,10806600,2026-01-10T03:44:48Z
JPM,2006-07-18,24.67,24.91,24.55,24.81,17760830,40.71,41.11,40.52,40.95,10760900,2026-01-10T03:44:48Z
JPM,2006-07-19,26.08,26.09,25.29,25.39,44640746,43.05,43.06,41.74,41.9,27046900,2026-01-10T03:44:48Z
JPM,2006-07-20,26.04,26.28,25.9,26.08,27015272,42.98,43.37,42.75,43.05,16368000,2026-01-10T03:44:48Z
JPM,2006-07-21,26.14,26.34,25.93,26.16,25092944,43.15,43.47,42.79,43.17,15203300,2026-01-10T03:44:48Z
JPM,2006-07-24,26.78,26.87,26.27,26.3,20844388,44.2,44.35,43.35,43.4,12629200,2026-01-10T03:44:48Z
JPM,2006-07-25,27.04,27.18,26.66,26.75,20690584,44.63,44.86,44.01,44.15,12536000,2026-01-10T03:44:48Z
JPM,2006-07-26,27.05,27.17,26.88,26.96,23387505,44.65,44.84,44.37,44.5,14170000,2026-01-10T03:44:48Z
JPM,2006-07-27,27.08,27.25,26.78,27.07,22844652,44.7,44.97,44.2,44.68,13841100,2026-01-10T03:44:48Z
JPM,2006-07-28,27.56,27.59,27.14,27.19,23124894,45.48,45.54,44.8,44.88,14010900,2026-01-10T03:44:48Z
JPM,2006-07-31,27.64,27.7,27.29,27.32,24174959,45.62,45.71,45.04,45.1,14647100,2026-01-10T03:44:48Z
JPM,2006-08-01,27.57,27.74,27.42,27.74,22122200,45.51,45.79,45.25,45.79,13403400,2026-01-10T03:44:48Z
JPM,2006-08-02,27.56,27.82,27.39,27.81,18240960,45.49,45.91,45.2,45.9,11051800,2026-01-10T03:44:48Z
JPM,2006-08-03,27.66,27.75,27.32,27.36,14929732,45.66,45.8,45.1,45.15,9045600,2026-01-10T03:44:48Z
JPM,2006-08-04,27.34,27.93,26.73,27.85,23293560,45.12,46.1,44.12,45.96,14113100,2026-01-10T03:44:48Z
JPM,2006-08-07,27.43,27.46,27.17,27.27,9794050,45.27,45.33,44.84,45,5934000,2026-01-10T03:44:48Z
JPM,2006-08-08,27.26,27.7,27.23,27.55,18198516,44.99,45.72,44.94,45.48,11026100,2026-01-10T03:44:48Z
JPM,2006-08-09,26.87,27.5,26.86,27.34,17254951,44.35,45.38,44.33,45.12,10454400,2026-01-10T03:44:48Z
JPM,2006-08-10,26.69,26.87,26.46,26.81,17152415,44.05,44.35,43.67,44.25,10392300,2026-01-10T03:44:48Z
JPM,2006-08-11,26.62,26.75,26.36,26.69,11336571,43.93,44.15,43.5,44.05,6868600,2026-01-10T03:44:48Z
JPM,2006-08-14,26.59,26.96,26.48,26.84,11529707,43.89,44.5,43.71,44.3,6985600,2026-01-10T03:44:48Z
JPM,2006-08-15,27.29,27.33,26.75,26.75,18284503,45.04,45.11,44.15,44.15,11078200,2026-01-10T03:44:48Z
JPM,2006-08-16,27.55,27.66,27.34,27.53,14548789,45.47,45.65,45.12,45.44,8814800,2026-01-10T03:44:48Z
JPM,2006-08-17,27.54,27.68,27.42,27.43,10173137,45.46,45.68,45.25,45.28,6163700,2026-01-10T03:44:48Z
JPM,2006-08-18,27.69,27.7,27.43,27.68,15207011,45.71,45.71,45.27,45.68,9213600,2026-01-10T03:44:48Z
JPM,2006-08-21,27.54,27.63,27.46,27.51,9323629,45.46,45.6,45.33,45.41,5649000,2026-01-10T03:44:48Z
JPM,2006-08-22,27.48,27.62,27.33,27.43,10319556,45.35,45.59,45.11,45.27,6252400,2026-01-10T03:44:48Z
JPM,2006-08-23,27.58,27.65,27.36,27.39,15984387,45.52,45.64,45.16,45.2,9684600,2026-01-10T03:44:48Z
JPM,2006-08-24,27.68,27.85,27.65,27.69,14330890,45.68,45.97,45.63,45.7,8682800,2026-01-10T03:44:48Z
JPM,2006-08-25,27.58,27.68,27.45,27.68,7346189,45.52,45.69,45.3,45.68,4450900,2026-01-10T03:44:48Z
JPM,2006-08-28,27.88,27.89,27.45,27.51,12089686,46.02,46.04,45.31,45.4,7324900,2026-01-10T03:44:48Z
JPM,2006-08-29,27.85,27.88,27.52,27.8,13287781,45.97,46.02,45.42,45.88,8050800,2026-01-10T03:44:48Z
JPM,2006-08-30,27.71,27.91,27.69,27.8,14188335,45.73,46.07,45.7,45.89,8596400,2026-01-10T03:44:48Z
JPM,2006-08-31,27.66,27.79,27.62,27.69,10307846,45.66,45.87,45.58,45.7,6245300,2026-01-10T03:44:48Z
JPM,2006-09-01,27.71,27.81,27.46,27.78,11063779,45.73,45.9,45.32,45.85,6703300,2026-01-10T03:44:48Z
JPM,2006-09-05,27.75,27.83,27.53,27.65,10124778,45.8,45.94,45.44,45.64,6134400,2026-01-10T03:44:48Z
JPM,2006-09-06,27.8,27.9,27.55,27.66,11762756,45.88,46.05,45.48,45.65,7126800,2026-01-10T03:44:48Z
JPM,2006-09-07,27.39,27.82,27.34,27.8,12013137,45.2,45.91,45.13,45.89,7278500,2026-01-10T03:44:48Z
JPM,2006-09-08,27.42,27.53,27.07,27.27,12755343,45.26,45.44,44.68,45,7728200,2026-01-10T03:44:48Z
JPM,2006-09-11,27.5,27.62,27.34,27.62,11842154,45.39,45.59,45.12,45.59,7174900,2026-01-10T03:44:48Z
JPM,2006-09-12,27.88,27.88,27.44,27.5,19072450,46.01,46.02,45.29,45.39,11555600,2026-01-10T03:44:48Z
JPM,2006-09-13,28.11,28.31,27.71,27.88,19386038,46.4,46.73,45.73,46.01,11745600,2026-01-10T03:44:48Z
JPM,2006-09-14,28.17,28.21,27.93,28.12,12613726,46.5,46.56,46.1,46.41,7642400,2026-01-10T03:44:48Z
JPM,2006-09-15,28.45,28.69,28.33,28.39,25452294,46.95,47.35,46.76,46.86,15421000,2026-01-10T03:44:48Z
JPM,2006-09-18,28.22,28.45,28.16,28.29,18362276,46.58,46.95,46.47,46.7,11125300,2026-01-10T03:44:48Z
JPM,2006-09-19,28.36,28.39,28,28.31,11171717,46.8,46.85,46.22,46.73,6768700,2026-01-10T03:44:48Z
JPM,2006-09-20,28.61,28.77,28.45,28.45,14993426,47.22,47.49,46.95,46.95,9084200,2026-01-10T03:44:48Z
JPM,2006-09-21,28.36,28.69,28.28,28.52,12845302,46.81,47.35,46.67,47.08,7782700,2026-01-10T03:44:48Z
JPM,2006-09-22,28.37,28.44,28.18,28.29,9980029,46.82,46.94,46.51,46.7,6046700,2026-01-10T03:44:48Z
JPM,2006-09-25,28.42,28.66,28.32,28.54,25304212,46.91,47.3,46.75,47.11,15331300,2026-01-10T03:44:48Z
JPM,2006-09-26,28.42,28.45,28.11,28.42,20435451,46.9,46.95,46.39,46.91,12381400,2026-01-10T03:44:48Z
JPM,2006-09-27,28.38,28.6,28.25,28.35,14667435,46.84,47.21,46.62,46.79,8886700,2026-01-10T03:44:48Z
JPM,2006-09-28,28.57,28.67,28.42,28.48,10179259,47.15,47.32,46.9,47,6167400,2026-01-10T03:44:48Z
JPM,2006-09-29,28.45,28.75,28.38,28.57,16695233,46.96,47.46,46.84,47.15,10115300,2026-01-10T03:44:48Z
JPM,2006-10-02,28.4,28.68,28.32,28.45,12185292,46.87,47.33,46.74,46.96,7382800,2026-01-10T03:44:48Z
JPM,2006-10-03,28.93,29.03,28.44,28.45,19477832,47.75,47.92,46.94,46.95,11801200,2026-01-10T03:44:48Z
JPM,2006-10-04,28.98,29.01,28.65,28.71,33841553,47.49,47.54,46.95,47.05,20650900,2026-01-10T03:44:48Z
JPM,2006-10-05,28.93,28.96,28.68,28.86,21165192,47.41,47.46,47,47.29,12915500,2026-01-10T03:44:48Z
JPM,2006-10-06,28.6,28.8,28.55,28.74,17614677,46.86,47.2,46.78,47.1,10748900,2026-01-10T03:44:48Z
JPM,2006-10-09,28.75,28.81,28.49,28.59,11885452,47.11,47.21,46.69,46.86,7252800,2026-01-10T03:44:48Z
JPM,2006-10-10,29,29.08,28.73,28.86,23212824,47.53,47.66,47.09,47.29,14165000,2026-01-10T03:44:48Z
JPM,2006-10-11,29.07,29.11,28.78,28.86,16859530,47.64,47.7,47.17,47.3,10288100,2026-01-10T03:44:48Z
JPM,2006-10-12,29.45,29.64,29.02,29.11,24572786,48.26,48.57,47.55,47.7,14994900,2026-01-10T03:44:48Z
JPM,2006-10-13,29.39,29.57,29.13,29.3,11959538,48.16,48.46,47.74,48.02,7298000,2026-01-10T03:44:48Z
JPM,2006-10-16,29.13,29.35,28.99,29.28,12013289,47.73,48.1,47.5,47.98,7330800,2026-01-10T03:44:48Z
JPM,2006-10-17,29.28,29.42,28.68,28.71,14555286,47.99,48.21,47,47.05,8882000,2026-01-10T03:44:48Z
JPM,2006-10-18,28.81,29.29,28.44,29.19,35286517,47.21,48,46.61,47.84,21532700,2026-01-10T03:44:48Z
JPM,2006-10-19,28.6,28.81,28.3,28.81,19646719,46.87,47.21,46.37,47.21,11988900,2026-01-10T03:44:48Z
JPM,2006-10-20,28.75,28.76,28.4,28.61,17992053,47.12,47.13,46.54,46.88,10979200,2026-01-10T03:44:48Z
JPM,2006-10-23,28.92,28.97,28.57,28.58,15312908,47.39,47.47,46.82,46.83,9344300,2026-01-10T03:44:48Z
JPM,2006-10-24,28.77,28.81,28.53,28.72,22011556,47.14,47.21,46.75,47.07,13432000,2026-01-10T03:44:48Z
JPM,2006-10-25,28.85,28.99,28.63,28.86,14784564,47.27,47.5,46.92,47.3,9021900,2026-01-10T03:44:48Z
JPM,2006-10-26,29.15,29.26,28.87,28.89,12527039,47.77,47.95,47.31,47.35,7644300,2026-01-10T03:44:48Z
JPM,2006-10-27,28.86,29.11,28.78,29.03,11655553,47.29,47.71,47.16,47.57,7112500,2026-01-10T03:44:48Z
JPM,2006-10-30,28.96,29.09,28.73,28.89,16752881,47.45,47.67,47.08,47.34,10223000,2026-01-10T03:44:48Z
JPM,2006-10-31,28.95,29.34,28.94,29.16,20589507,47.44,48.08,47.43,47.78,12564200,2026-01-10T03:44:48Z
JPM,2006-11-01,28.64,29.18,28.5,29.14,18832273,46.93,47.82,46.71,47.75,11491900,2026-01-10T03:44:48Z
JPM,2006-11-02,28.62,28.73,28.49,28.64,11567885,46.9,47.08,46.69,46.93,7059000,2026-01-10T03:44:48Z
JPM,2006-11-03,28.61,28.83,28.38,28.77,13091914,46.89,47.25,46.5,47.15,7989000,2026-01-10T03:44:48Z
JPM,2006-11-06,29.08,29.12,28.71,28.79,14148398,47.65,47.72,47.05,47.18,8633700,2026-01-10T03:44:48Z
JPM,2006-11-07,28.98,29.29,28.97,28.99,13987505,47.49,48,47.47,47.5,8535500,2026-01-10T03:44:48Z
JPM,2006-11-08,29.07,29.23,28.8,28.98,12308910,47.64,47.9,47.2,47.49,7511200,2026-01-10T03:44:48Z
JPM,2006-11-09,28.83,29.14,28.79,29.08,11203584,47.24,47.75,47.18,47.65,6836700,2026-01-10T03:44:48Z
JPM,2006-11-10,29.05,29.05,28.87,28.95,9586467,47.61,47.61,47.31,47.45,5849900,2026-01-10T03:44:48Z
JPM,2006-11-13,29.08,29.22,28.9,28.93,12560295,47.66,47.89,47.36,47.4,7664600,2026-01-10T03:44:48Z
JPM,2006-11-14,29.14,29.18,28.72,28.98,13563542,47.75,47.81,47.06,47.49,8276800,2026-01-10T03:44:48Z
JPM,2006-11-15,28.96,29.09,28.67,29.03,18584506,47.45,47.67,46.99,47.57,11340700,2026-01-10T03:44:48Z
JPM,2006-11-16,29.2,29.28,28.91,28.99,13425405,47.85,47.98,47.37,47.5,8192500,2026-01-10T03:44:48Z
JPM,2006-11-17,29.08,29.29,29.04,29.29,21289869,47.66,47.99,47.59,47.99,12991600,2026-01-10T03:44:48Z
JPM,2006-11-20,29.23,29.32,29.02,29.08,14116961,47.9,48.05,47.55,47.66,8614500,2026-01-10T03:44:48Z
JPM,2006-11-21,29.14,29.25,28.93,29.16,12165695,47.75,47.94,47.4,47.78,7423800,2026-01-10T03:44:48Z
JPM,2006-11-22,29.04,29.22,28.91,29.05,11477409,47.59,47.89,47.38,47.6,7003800,2026-01-10T03:44:48Z
JPM,2006-11-24,28.85,29,28.79,28.82,4796597,47.27,47.53,47.18,47.22,2927000,2026-01-10T03:44:48Z
JPM,2006-11-27,28.45,28.84,28.34,28.77,18206130,46.63,47.26,46.45,47.14,11109800,2026-01-10T03:44:48Z
JPM,2006-11-28,28.19,28.43,27.94,28.35,21987295,46.2,46.59,45.78,46.46,13417200,2026-01-10T03:44:48Z
JPM,2006-11-29,28.48,28.6,28.2,28.2,15427751,46.67,46.87,46.21,46.21,9414400,2026-01-10T03:44:48Z
JPM,2006-11-30,28.24,28.52,28.1,28.51,21399494,46.28,46.74,46.05,46.72,13058500,2026-01-10T03:44:48Z
JPM,2006-12-01,28.08,28.38,27.77,28.38,24140974,46.01,46.51,45.51,46.5,14731400,2026-01-10T03:44:48Z
JPM,2006-12-04,28.58,28.76,28.17,28.24,21553392,46.84,47.13,46.16,46.28,13152400,2026-01-10T03:44:48Z
JPM,2006-12-05,28.8,28.99,28.54,28.62,17612696,47.2,47.5,46.77,46.9,10747700,2026-01-10T03:44:48Z
JPM,2006-12-06,28.58,28.83,28.53,28.72,23211962,46.83,47.25,46.76,47.07,14164500,2026-01-10T03:44:48Z
JPM,2006-12-07,28.45,28.73,28.41,28.73,12121961,46.63,47.08,46.56,47.08,7397100,2026-01-10T03:44:48Z
JPM,2006-12-08,28.53,28.77,28.28,28.47,14945645,46.76,47.14,46.35,46.66,9120200,2026-01-10T03:44:48Z
JPM,2006-12-11,29.02,29.19,28.5,28.5,18419598,47.55,47.84,46.7,46.7,11240100,2026-01-10T03:44:48Z
JPM,2006-12-12,29.07,29.27,28.89,29.02,26254266,47.63,47.97,47.35,47.56,16021000,2026-01-10T03:44:48Z
JPM,2006-12-13,29.05,29.23,28.99,29.16,18605766,47.6,47.9,47.5,47.78,11353700,2026-01-10T03:44:48Z
JPM,2006-12-14,29.26,29.32,28.86,29.05,16474464,47.95,48.04,47.3,47.61,10053100,2026-01-10T03:44:48Z
JPM,2006-12-15,29.47,29.69,29.29,29.41,26502087,48.3,48.65,48,48.2,16172200,2026-01-10T03:44:48Z
JPM,2006-12-18,29.43,29.66,29.31,29.47,13991912,48.23,48.6,48.03,48.3,8538200,2026-01-10T03:44:48Z
JPM,2006-12-19,29.46,29.58,29.26,29.31,15226218,48.27,48.48,47.95,48.03,9291400,2026-01-10T03:44:48Z
JPM,2006-12-20,29.43,29.52,29.38,29.49,9907674,48.22,48.37,48.14,48.33,6045900,2026-01-10T03:44:48Z
JPM,2006-12-21,29.69,29.88,29.49,29.55,17938001,48.65,48.97,48.33,48.42,10946200,2026-01-10T03:44:48Z
JPM,2006-12-22,29.22,29.78,29.06,29.68,13670402,47.89,48.8,47.62,48.64,8342000,2026-01-10T03:44:48Z
JPM,2006-12-26,29.48,29.52,29.26,29.28,6720815,48.31,48.37,47.95,47.98,4101200,2026-01-10T03:44:48Z
JPM,2006-12-27,29.87,29.9,29.18,29.62,12645505,48.95,49,47.82,48.54,7716600,2026-01-10T03:44:48Z
JPM,2006-12-28,29.85,29.9,29.68,29.78,10694746,48.92,49,48.64,48.8,6526200,2026-01-10T03:44:48Z
JPM,2006-12-29,29.47,29.85,29.46,29.75,15733740,48.3,48.91,48.27,48.75,9601100,2026-01-10T03:44:48Z
JPM,2007-01-03,29.54,29.73,29.25,29.5,23179902,48.07,48.37,47.59,48,14245200,2026-01-10T03:44:48Z
JPM,2007-01-04,29.62,29.84,29.34,29.53,15469836,48.19,48.55,47.75,48.05,9507000,2026-01-10T03:44:48Z
JPM,2007-01-05,29.37,29.65,29.27,29.6,17509586,47.79,48.25,47.63,48.17,10760500,2026-01-10T03:44:48Z
JPM,2007-01-08,29.47,29.54,29.08,29.23,13406870,47.95,48.06,47.32,47.57,8239200,2026-01-10T03:44:48Z
JPM,2007-01-09,29.34,29.57,29.11,29.44,15099809,47.75,48.11,47.36,47.9,9279600,2026-01-10T03:44:48Z
JPM,2007-01-10,29.56,29.57,29.15,29.17,25379506,48.1,48.12,47.44,47.47,15597000,2026-01-10T03:44:48Z
JPM,2007-01-11,29.69,29.76,29.46,29.5,13098044,48.31,48.42,47.94,48,8049400,2026-01-10T03:44:48Z
JPM,2007-01-12,29.49,29.66,29.44,29.56,17324682,47.99,48.26,47.9,48.1,10646900,2026-01-10T03:44:48Z
JPM,2007-01-16,29.74,29.78,29.56,29.6,14151643,48.39,48.46,48.1,48.16,8696900,2026-01-10T03:44:48Z
JPM,2007-01-17,29.76,30.05,29.57,29.9,26509928,48.43,48.89,48.12,48.65,16291700,2026-01-10T03:44:48Z
JPM,2007-01-18,29.59,29.86,29.45,29.53,20591316,48.15,48.58,47.92,48.05,12654400,2026-01-10T03:44:48Z
JPM,2007-01-19,29.97,30.01,29.58,29.68,23839522,48.76,48.83,48.14,48.3,14650600,2026-01-10T03:44:48Z
JPM,2007-01-22,30.52,30.64,29.93,30.03,29819659,49.66,49.86,48.7,48.87,18325700,2026-01-10T03:44:48Z
JPM,2007-01-23,30.62,30.64,30.29,30.46,20902956,49.83,49.86,49.28,49.57,12845900,2026-01-10T03:44:48Z
JPM,2007-01-24,30.95,30.97,30.43,30.53,22568086,50.36,50.4,49.51,49.68,13869200,2026-01-10T03:44:48Z
JPM,2007-01-25,30.86,31.14,30.68,30.88,24244371,50.21,50.68,49.93,50.24,14899400,2026-01-10T03:44:48Z
JPM,2007-01-26,30.54,30.88,30.42,30.73,22765139,49.7,50.25,49.5,50,13990300,2026-01-10T03:44:48Z
JPM,2007-01-29,30.4,30.51,30.18,30.46,19664789,49.47,49.65,49.11,49.57,12085000,2026-01-10T03:44:48Z
JPM,2007-01-30,30.84,30.88,30.34,30.54,20056313,50.18,50.25,49.37,49.7,12325600,2026-01-10T03:44:48Z
JPM,2007-01-31,31.3,31.44,30.64,30.77,30039083,50.93,51.16,49.85,50.07,18460500,2026-01-10T03:44:48Z
JPM,2007-02-01,31.47,31.49,31.26,31.32,21837771,51.21,51.24,50.86,50.96,13420400,2026-01-10T03:44:48Z
JPM,2007-02-02,31.3,31.55,31.18,31.48,25129632,50.93,51.33,50.73,51.22,15443400,2026-01-10T03:44:48Z
JPM,2007-02-05,31.32,31.43,31.06,31.23,13147656,50.96,51.15,50.54,50.81,8079900,2026-01-10T03:44:48Z
JPM,2007-02-06,31.34,31.54,31.2,31.25,16026660,51,51.32,50.76,50.85,9849200,2026-01-10T03:44:48Z
JPM,2007-02-07,31.47,31.48,31.22,31.24,12264911,51.21,51.22,50.8,50.84,7537400,2026-01-10T03:44:48Z
JPM,2007-02-08,31.3,31.38,31.05,31.38,16780262,50.93,51.06,50.52,51.06,10312300,2026-01-10T03:44:48Z
JPM,2007-02-09,30.99,31.46,30.78,31.35,15440571,50.42,51.19,50.08,51.02,9489000,2026-01-10T03:44:48Z
JPM,2007-02-12,31,31.13,30.88,31.09,12837360,50.44,50.65,50.25,50.59,7889200,2026-01-10T03:44:48Z
JPM,2007-02-13,31.31,31.35,30.93,30.94,13627053,50.95,51.02,50.33,50.35,8374500,2026-01-10T03:44:48Z
JPM,2007-02-14,31.6,31.68,31.34,31.4,17485780,51.42,51.55,51,51.09,10745900,2026-01-10T03:44:48Z
JPM,2007-02-15,31.47,31.63,31.27,31.37,21706292,51.21,51.47,50.89,51.05,13339600,2026-01-10T03:44:48Z
JPM,2007-02-16,31.5,31.56,31.35,31.44,18375550,51.25,51.35,51.01,51.16,11292700,2026-01-10T03:44:48Z
JPM,2007-02-20,31.73,31.8,31.42,31.43,14923935,51.63,51.75,51.12,51.15,9171500,2026-01-10T03:44:48Z
JPM,2007-02-21,31.74,31.86,31.51,31.62,15193396,51.65,51.85,51.27,51.45,9337100,2026-01-10T03:44:48Z
JPM,2007-02-22,31.74,31.93,31.58,31.83,14826928,51.64,51.95,51.38,51.8,9111900,2026-01-10T03:44:48Z
JPM,2007-02-23,31.36,31.8,31.17,31.68,16341380,51.03,51.75,50.72,51.55,10042600,2026-01-10T03:44:48Z
JPM,2007-02-26,31.23,31.6,30.99,31.46,21711323,50.81,51.42,50.43,51.2,13342700,2026-01-10T03:44:48Z
JPM,2007-02-27,30.25,31.1,29.25,31.1,34593714,49.22,50.61,47.6,50.61,21259600,2026-01-10T03:44:48Z
JPM,2007-02-28,30.35,30.66,30.05,30.16,31216361,49.39,49.89,48.89,49.07,19184000,2026-01-10T03:44:48Z
JPM,2007-03-01,30.24,30.38,29.68,30.1,36828200,49.2,49.44,48.3,48.98,22632800,2026-01-10T03:44:48Z
JPM,2007-03-02,29.62,30.11,29.57,30.08,27536212,48.19,49,48.11,48.95,16922400,2026-01-10T03:44:48Z
JPM,2007-03-05,29.22,29.6,29.01,29.25,32889439,47.54,48.16,47.2,47.6,20212200,2026-01-10T03:44:48Z
JPM,2007-03-06,29.82,29.92,29.15,29.48,28885980,48.52,48.68,47.43,47.97,17751900,2026-01-10T03:44:48Z
JPM,2007-03-07,29.72,30.03,29.66,29.92,22234997,48.36,48.87,48.26,48.69,13664500,2026-01-10T03:44:48Z
JPM,2007-03-08,29.95,30.33,29.88,29.98,19493266,48.74,49.35,48.62,48.79,11979600,2026-01-10T03:44:48Z
JPM,2007-03-09,30,30.33,29.82,30.19,15381839,48.82,49.35,48.53,49.12,9452900,2026-01-10T03:44:48Z
JPM,2007-03-12,30.01,30.1,29.87,29.89,16997164,48.84,48.98,48.6,48.64,10445600,2026-01-10T03:44:48Z
JPM,2007-03-13,28.7,29.81,28.61,29.77,41157575,46.7,48.5,46.56,48.45,25293400,2026-01-10T03:44:48Z
JPM,2007-03-14,29.07,29.22,28.21,28.71,40751630,47.3,47.55,45.91,46.72,25043900,2026-01-10T03:44:48Z
JPM,2007-03-15,29.31,29.61,28.97,28.97,25756601,47.7,48.19,47.14,47.14,15828700,2026-01-10T03:44:48Z
JPM,2007-03-16,28.9,29.39,28.87,29.27,40294178,47.03,47.83,46.98,47.62,24762800,2026-01-10T03:44:48Z
JPM,2007-03-19,29.24,29.38,28.98,29.01,23510041,47.58,47.8,47.16,47.2,14448100,2026-01-10T03:44:48Z
JPM,2007-03-20,29.34,29.43,29.09,29.2,23606348,47.75,47.88,47.33,47.51,14507300,2026-01-10T03:44:48Z
JPM,2007-03-21,30.14,30.51,29.38,29.38,33760448,49.05,49.65,47.81,47.81,20747500,2026-01-10T03:44:48Z
JPM,2007-03-22,29.79,30.17,29.72,30.15,31909243,48.47,49.1,48.36,49.06,19609800,2026-01-10T03:44:48Z
JPM,2007-03-23,29.82,30.05,29.76,29.86,19116729,48.52,48.89,48.43,48.59,11748200,2026-01-10T03:44:48Z
JPM,2007-03-26,29.93,29.98,29.46,29.84,19284018,48.7,48.78,47.94,48.55,11851000,2026-01-10T03:44:48Z
JPM,2007-03-27,29.85,30,29.71,29.86,18198027,48.57,48.82,48.35,48.59,11183600,2026-01-10T03:44:48Z
JPM,2007-03-28,29.49,29.79,29.37,29.68,21441183,47.99,48.48,47.79,48.29,13176700,2026-01-10T03:44:48Z
JPM,2007-03-29,29.81,29.89,29.51,29.65,17634026,48.5,48.64,48.02,48.24,10837000,2026-01-10T03:44:48Z
JPM,2007-03-30,29.73,30.12,29.47,29.87,20624379,48.38,49.02,47.95,48.61,12674700,2026-01-10T03:44:48Z
JPM,2007-04-02,29.65,29.8,29.31,29.73,22511424,48.24,48.49,47.7,48.38,13834400,2026-01-10T03:44:48Z
JPM,2007-04-03,30.05,30.07,29.76,29.86,21928942,48.56,48.59,48.09,48.25,13572100,2026-01-10T03:44:48Z
JPM,2007-04-04,30.05,30.15,29.88,30.05,14808551,48.56,48.71,48.27,48.56,9165200,2026-01-10T03:44:48Z
JPM,2007-04-05,30.18,30.26,29.92,29.92,12912029,48.77,48.89,48.34,48.35,7991400,2026-01-10T03:44:48Z
JPM,2007-04-09,30.33,30.41,30.12,30.19,12132414,49,49.13,48.66,48.78,7508900,2026-01-10T03:44:48Z
JPM,2007-04-10,30.48,30.54,30.31,30.33,13249067,49.24,49.34,48.98,49.01,8200000,2026-01-10T03:44:48Z
JPM,2007-04-11,30.42,30.54,30.31,30.39,19463365,49.15,49.34,48.98,49.1,12046100,2026-01-10T03:44:48Z
JPM,2007-04-12,30.45,30.65,30.16,30.65,15305068,49.2,49.52,48.73,49.52,9472500,2026-01-10T03:44:48Z
JPM,2007-04-13,30.38,30.61,30.12,30.61,18203226,49.09,49.45,48.66,49.45,11266200,2026-01-10T03:44:48Z
JPM,2007-04-16,30.93,31.1,30.52,30.62,25471985,49.97,50.25,49.32,49.47,15764900,2026-01-10T03:44:48Z
JPM,2007-04-17,31.06,31.21,30.77,30.93,19774059,50.18,50.42,49.71,49.97,12238400,2026-01-10T03:44:48Z
JPM,2007-04-18,32.23,32.6,31.83,31.92,63335559,52.07,52.67,51.43,51.57,39199200,2026-01-10T03:44:48Z
JPM,2007-04-19,32.24,32.33,31.78,32.2,33459711,52.09,52.23,51.35,52.03,20708600,2026-01-10T03:44:48Z
JPM,2007-04-20,32.52,32.62,32.24,32.59,34203284,52.54,52.71,52.1,52.65,21168800,2026-01-10T03:44:48Z
JPM,2007-04-23,32.36,32.62,32.21,32.4,20480306,52.28,52.7,52.05,52.35,12675500,2026-01-10T03:44:48Z
JPM,2007-04-24,32.28,32.36,31.97,32.22,17548023,52.16,52.28,51.65,52.06,10860700,2026-01-10T03:44:48Z
JPM,2007-04-25,32.69,32.77,32.3,32.33,29226156,52.82,52.94,52.18,52.24,18088400,2026-01-10T03:44:48Z
JPM,2007-04-26,32.77,32.8,32.53,32.66,23331910,52.94,53,52.56,52.77,14440400,2026-01-10T03:44:48Z
JPM,2007-04-27,32.52,32.68,32.27,32.66,23312702,52.55,52.8,52.14,52.77,14428500,2026-01-10T03:44:48Z
JPM,2007-04-30,32.25,32.84,32.18,32.47,48310441,52.1,53.06,51.99,52.46,29899900,2026-01-10T03:44:48Z
JPM,2007-05-01,32.34,32.49,31.94,32.43,22392319,52.26,52.5,51.6,52.4,13858900,2026-01-10T03:44:48Z
JPM,2007-05-02,32.52,32.66,32.18,32.18,21319203,52.55,52.77,52,52,13194700,2026-01-10T03:44:48Z
JPM,2007-05-03,32.62,32.75,32.41,32.7,15761674,52.7,52.92,52.37,52.83,9755100,2026-01-10T03:44:48Z
JPM,2007-05-04,32.57,32.83,32.55,32.68,19351342,52.63,53.05,52.59,52.8,11976800,2026-01-10T03:44:48Z
JPM,2007-05-07,32.64,32.77,32.52,32.69,11916566,52.73,52.95,52.55,52.81,7375300,2026-01-10T03:44:48Z
JPM,2007-05-08,32.46,32.59,32.33,32.48,14587065,52.45,52.65,52.23,52.48,9028100,2026-01-10T03:44:48Z
JPM,2007-05-09,32.93,32.96,32.45,32.52,20299343,53.2,53.25,52.43,52.55,12563500,2026-01-10T03:44:48Z
JPM,2007-05-10,32.18,32.82,32.15,32.67,21777587,52,53.03,51.95,52.79,13478400,2026-01-10T03:44:48Z
JPM,2007-05-11,32.28,32.42,32.01,32.26,20066318,52.15,52.38,51.72,52.12,12419300,2026-01-10T03:44:48Z
JPM,2007-05-14,32.08,32.28,31.91,32.18,15095526,51.83,52.16,51.55,52,9342800,2026-01-10T03:44:48Z
JPM,2007-05-15,32.2,32.62,32.18,32.24,17942772,52.03,52.71,52,52.09,11105000,2026-01-10T03:44:48Z
JPM,2007-05-16,32.79,32.85,32.31,32.41,20884200,52.98,53.07,52.2,52.37,12925500,2026-01-10T03:44:48Z
JPM,2007-05-17,32.53,32.8,32.49,32.67,14622280,52.56,53,52.5,52.78,9049900,2026-01-10T03:44:48Z
JPM,2007-05-18,32.52,32.76,32.46,32.57,17958953,52.54,52.93,52.45,52.62,11115000,2026-01-10T03:44:48Z
JPM,2007-05-21,32.53,32.69,32.38,32.42,16816938,52.56,52.81,52.31,52.38,10408200,2026-01-10T03:44:48Z
JPM,2007-05-22,32.36,32.6,32.24,32.53,15617248,52.29,52.68,52.09,52.56,9665700,2026-01-10T03:44:48Z
JPM,2007-05-23,32.18,32.58,32.14,32.39,18171908,51.99,52.64,51.93,52.33,11246800,2026-01-10T03:44:48Z
JPM,2007-05-24,31.93,32.33,31.84,32.18,21175687,51.59,52.24,51.45,52,13105900,2026-01-10T03:44:48Z
JPM,2007-05-25,31.96,32.09,31.73,31.89,17387618,51.64,51.85,51.26,51.53,10761400,2026-01-10T03:44:48Z
JPM,2007-05-29,32.07,32.13,31.84,31.97,15433868,51.82,51.92,51.45,51.65,9552200,2026-01-10T03:44:48Z
JPM,2007-05-30,32.22,32.22,31.78,31.83,16550474,52.06,52.06,51.35,51.43,10243300,2026-01-10T03:44:48Z
JPM,2007-05-31,32.08,32.38,31.98,32.34,17811907,51.83,52.31,51.67,52.25,11024000,2026-01-10T03:44:48Z
JPM,2007-06-01,32.12,32.23,31.97,32.15,19558051,51.9,52.08,51.66,51.94,12104700,2026-01-10T03:44:48Z
JPM,2007-06-04,31.92,32.06,31.9,31.91,17970885,51.57,51.8,51.54,51.56,11122400,2026-01-10T03:44:48Z
JPM,2007-06-05,31.7,31.87,31.68,31.71,22001817,51.22,51.49,51.19,51.24,13617200,2026-01-10T03:44:48Z
JPM,2007-06-06,31.29,31.71,31.11,31.71,22435008,50.56,51.23,50.26,51.23,13885300,2026-01-10T03:44:48Z
JPM,2007-06-07,30.83,31.35,30.79,31.13,28134368,49.82,50.65,49.74,50.3,17412700,2026-01-10T03:44:48Z
JPM,2007-06-08,31.2,31.24,30.66,30.84,21916815,50.41,50.48,49.54,49.83,13564600,2026-01-10T03:44:48Z
JPM,2007-06-11,31.21,31.46,30.96,31.2,18180148,50.43,50.84,50.03,50.41,11251900,2026-01-10T03:44:48Z
JPM,2007-06-12,30.54,31.19,30.54,31.08,24864929,49.35,50.4,49.34,50.22,15389200,2026-01-10T03:44:48Z
JPM,2007-06-13,31.13,31.19,30.65,30.72,23440800,50.29,50.39,49.52,49.63,14507800,2026-01-10T03:44:48Z
JPM,2007-06-14,31.14,31.46,30.9,30.9,20100727,50.32,50.83,49.93,49.93,12440600,2026-01-10T03:44:48Z
JPM,2007-06-15,31.29,31.56,31.21,31.34,29655580,50.56,50.99,50.42,50.64,18354200,2026-01-10T03:44:48Z
JPM,2007-06-18,31.21,31.47,31.15,31.46,15013781,50.43,50.85,50.33,50.83,9292200,2026-01-10T03:44:48Z
JPM,2007-06-19,31.47,31.49,31.12,31.22,19795690,50.85,50.88,50.29,50.44,12251800,2026-01-10T03:44:48Z
JPM,2007-06-20,30.61,31.56,30.59,31.51,24108585,49.46,50.99,49.42,50.91,14921100,2026-01-10T03:44:48Z
JPM,2007-06-21,30.85,30.87,30.13,30.75,32479389,49.84,49.88,48.68,49.69,20101900,2026-01-10T03:44:48Z
JPM,2007-06-22,30.15,30.79,30.07,30.67,40571831,48.72,49.75,48.58,49.56,25110400,2026-01-10T03:44:48Z
JPM,2007-06-25,29.93,30.46,29.75,30.15,27855481,48.36,49.21,48.06,48.72,17240100,2026-01-10T03:44:48Z
JPM,2007-06-26,30.08,30.36,29.89,29.99,30641536,48.6,49.05,48.3,48.45,18964400,2026-01-10T03:44:48Z
JPM,2007-06-27,30.48,30.51,29.76,29.87,26423973,49.24,49.3,48.08,48.26,16354100,2026-01-10T03:44:48Z
JPM,2007-06-28,30.3,30.62,30.05,30.48,23316423,48.96,49.48,48.56,49.25,14430800,2026-01-10T03:44:48Z
JPM,2007-06-29,29.99,30.51,29.77,30.47,35171543,48.45,49.3,48.1,49.23,21768100,2026-01-10T03:44:48Z
JPM,2007-07-02,30.42,30.48,30.06,30.27,25396845,49.15,49.25,48.57,48.9,15718400,2026-01-10T03:44:48Z
JPM,2007-07-03,30.78,30.93,30.59,30.68,11934388,49.34,49.58,49.04,49.19,7443900,2026-01-10T03:44:48Z
JPM,2007-07-05,30.43,30.78,30.34,30.62,18618343,48.79,49.35,48.65,49.1,11612900,2026-01-10T03:44:48Z
JPM,2007-07-06,30.54,30.66,30.22,30.33,17302702,48.97,49.16,48.45,48.62,10792300,2026-01-10T03:44:48Z
JPM,2007-07-09,30.43,30.74,30.27,30.69,16958982,48.79,49.28,48.53,49.21,10577900,2026-01-10T03:44:48Z
JPM,2007-07-10,29.63,30.3,29.6,30.13,35081783,47.51,48.57,47.46,48.3,21881700,2026-01-10T03:44:48Z
JPM,2007-07-11,30.02,30.21,29.39,29.64,43668320,48.13,48.44,47.12,47.52,27237400,2026-01-10T03:44:48Z
JPM,2007-07-12,30.89,30.96,30.02,30.37,30738528,49.53,49.63,48.13,48.69,19172700,2026-01-10T03:44:48Z
JPM,2007-07-13,31.22,31.32,30.73,30.99,26283149,50.05,50.22,49.27,49.68,16393700,2026-01-10T03:44:48Z
JPM,2007-07-16,31.08,31.47,31.02,31.13,19661885,49.83,50.46,49.73,49.91,12263800,2026-01-10T03:44:48Z
JPM,2007-07-17,31.14,31.49,31.08,31.16,29339749,49.92,50.48,49.83,49.95,18300200,2026-01-10T03:44:48Z
JPM,2007-07-18,30.49,30.74,29.83,30.45,56973680,48.88,49.29,47.83,48.81,35536400,2026-01-10T03:44:48Z
JPM,2007-07-19,30.33,30.99,29.84,30.88,42004850,48.62,49.69,47.84,49.5,26199900,2026-01-10T03:44:48Z
JPM,2007-07-20,29.66,30.45,29.55,30.45,49184087,47.56,48.81,47.38,48.81,30677800,2026-01-10T03:44:48Z
JPM,2007-07-23,29.41,29.86,29.35,29.78,32900517,47.15,47.87,47.06,47.75,20521200,2026-01-10T03:44:48Z
JPM,2007-07-24,28.28,29.28,28.14,29.09,57246838,45.34,46.95,45.12,46.63,35706800,2026-01-10T03:44:48Z
JPM,2007-07-25,28.24,28.82,27.62,28.49,64410970,45.27,46.21,44.29,45.67,40175400,2026-01-10T03:44:48Z
JPM,2007-07-26,27.49,27.79,27.13,27.63,82098605,44.08,44.55,43.5,44.3,51207700,2026-01-10T03:44:48Z
JPM,2007-07-27,27.59,28.22,27.26,27.5,63619646,44.23,45.24,43.7,44.09,39681800,2026-01-10T03:44:48Z
JPM,2007-07-30,27.91,28.16,27.2,27.91,51814230,44.75,45.14,43.61,44.75,32318300,2026-01-10T03:44:48Z
JPM,2007-07-31,27.45,28.67,27.41,28.11,54639824,44.01,45.97,43.94,45.07,34080800,2026-01-10T03:44:48Z
JPM,2007-08-01,27.68,27.72,26.95,27.26,71351610,44.38,44.44,43.2,43.7,44504400,2026-01-10T03:44:48Z
JPM,2007-08-02,27.81,27.92,27.44,27.7,45378479,44.59,44.76,44,44.41,28304100,2026-01-10T03:44:48Z
JPM,2007-08-03,27.23,28.04,27.06,27.82,58724530,43.65,44.95,43.39,44.6,36628500,2026-01-10T03:44:48Z
JPM,2007-08-06,28.14,28.14,27,27.3,54830950,45.11,45.11,43.28,43.76,34200000,2026-01-10T03:44:48Z
JPM,2007-08-07,28.28,28.72,27.54,28.06,49007270,45.34,46.05,44.15,44.99,30567500,2026-01-10T03:44:48Z
JPM,2007-08-08,29.01,29.46,28.24,28.54,44052705,46.51,47.23,45.27,45.75,27477200,2026-01-10T03:44:48Z
JPM,2007-08-09,27.55,28.65,27.55,27.93,62975885,44.17,45.94,44.17,44.78,39280300,2026-01-10T03:44:48Z
JPM,2007-08-10,27.6,27.94,26.52,27.05,52183808,44.25,44.8,42.51,43.36,32548900,2026-01-10T03:44:48Z
JPM,2007-08-13,27.34,28.34,27.25,28.21,34243074,43.83,45.43,43.68,45.23,21358600,2026-01-10T03:44:48Z
JPM,2007-08-14,27.01,27.46,26.9,27.41,40429387,43.3,44.02,43.13,43.94,25217200,2026-01-10T03:44:48Z
JPM,2007-08-15,26.82,27.71,26.7,26.9,44420474,43,44.42,42.81,43.13,27706600,2026-01-10T03:44:48Z
JPM,2007-08-16,28.36,28.63,26.3,26.66,82437023,45.47,45.9,42.16,42.75,51418800,2026-01-10T03:44:48Z
JPM,2007-08-17,29.32,30.12,28.79,29.99,92779407,47.01,48.29,46.15,48.08,57869800,2026-01-10T03:44:48Z
JPM,2007-08-20,29,29.63,28.11,29.42,52412237,46.49,47.51,45.07,47.17,32691300,2026-01-10T03:44:48Z
JPM,2007-08-21,28.82,29.36,28.54,28.77,37808117,46.2,47.08,45.75,46.12,23582200,2026-01-10T03:44:48Z
JPM,2007-08-22,28.69,29.21,28.09,29.11,49452270,46,46.83,45.03,46.67,30845100,2026-01-10T03:44:48Z
JPM,2007-08-23,28.49,29.05,28.16,28.97,34432062,45.67,46.58,45.15,46.45,21476500,2026-01-10T03:44:48Z
JPM,2007-08-24,28.66,28.69,28.09,28.23,21240607,45.95,46,45.03,45.26,13248500,2026-01-10T03:44:48Z
JPM,2007-08-27,28.01,28.63,28,28.54,21687285,44.91,45.9,44.89,45.75,13527100,2026-01-10T03:44:48Z
JPM,2007-08-28,27.19,27.74,27.11,27.74,37702293,43.6,44.48,43.46,44.48,23516200,2026-01-10T03:44:48Z
JPM,2007-08-29,27.53,27.59,26.91,27.37,34638782,44.13,44.23,43.15,43.88,21605400,2026-01-10T03:44:48Z
JPM,2007-08-30,27.43,27.67,27.03,27.22,24980988,43.97,44.36,43.34,43.64,15581500,2026-01-10T03:44:48Z
JPM,2007-08-31,27.77,28.15,27.61,28.07,27155425,44.52,45.13,44.27,45,16937800,2026-01-10T03:44:48Z
JPM,2007-09-04,28.26,28.45,27.61,27.69,24716743,45.3,45.62,44.26,44.4,15416700,2026-01-10T03:44:48Z
JPM,2007-09-05,27.55,28.05,27.49,27.96,24941337,44.17,44.97,44.07,44.83,15556800,2026-01-10T03:44:48Z
JPM,2007-09-06,27.58,27.79,27.34,27.59,30452701,44.21,44.55,43.83,44.24,18994400,2026-01-10T03:44:48Z
JPM,2007-09-07,27.14,27.44,26.95,26.99,34511832,43.52,43.99,43.2,43.27,21526200,2026-01-10T03:44:48Z
JPM,2007-09-10,27.4,27.73,27.04,27.29,27555110,43.93,44.45,43.35,43.75,17187100,2026-01-10T03:44:48Z
JPM,2007-09-11,27.78,27.97,27.24,27.42,24285845,44.54,44.84,43.67,43.96,15147900,2026-01-10T03:44:48Z
JPM,2007-09-12,27.74,27.91,27.54,27.76,22289912,44.47,44.74,44.15,44.5,13903000,2026-01-10T03:44:48Z
JPM,2007-09-13,28.44,28.55,27.68,27.71,32486087,45.6,45.78,44.38,44.42,20262700,2026-01-10T03:44:48Z
JPM,2007-09-14,28.4,28.47,28.07,28.21,20012020,45.54,45.64,45.01,45.23,12482200,2026-01-10T03:44:48Z
JPM,2007-09-17,28.25,28.46,28,28.31,28791613,45.29,45.63,44.89,45.39,17958300,2026-01-10T03:44:48Z
JPM,2007-09-18,29.83,29.85,28.14,28.49,43716332,47.82,47.86,45.12,45.68,27267400,2026-01-10T03:44:48Z
JPM,2007-09-19,29.67,29.98,29.42,29.92,50795081,47.57,48.06,47.17,47.97,31682700,2026-01-10T03:44:48Z
JPM,2007-09-20,29.29,29.78,29.15,29.7,31349044,46.96,47.75,46.73,47.62,19553500,2026-01-10T03:44:48Z
JPM,2007-09-21,29.4,29.65,29.09,29.63,32922670,47.13,47.54,46.63,47.5,20535000,2026-01-10T03:44:48Z
JPM,2007-09-24,28.9,29.44,28.8,29.44,27811311,46.34,47.2,46.17,47.2,17346900,2026-01-10T03:44:48Z
JPM,2007-09-25,28.75,28.85,28.47,28.85,26262420,46.1,46.25,45.65,46.25,16380800,2026-01-10T03:44:48Z
JPM,2007-09-26,28.77,29.12,28.53,28.85,28033376,46.13,46.69,45.74,46.26,17485400,2026-01-10T03:44:48Z
JPM,2007-09-27,28.82,28.87,28.49,28.82,20595761,46.21,46.28,45.68,46.2,12846300,2026-01-10T03:44:48Z
JPM,2007-09-28,28.58,28.82,28.43,28.72,24991254,45.82,46.21,45.58,46.05,15587900,2026-01-10T03:44:48Z
JPM,2007-10-01,29.2,29.34,28.33,28.35,27698014,46.81,47.04,45.42,45.45,17276200,2026-01-10T03:44:48Z
JPM,2007-10-02,29.42,29.53,29.2,29.31,25656925,47.16,47.35,46.82,46.99,16003100,2026-01-10T03:44:48Z
JPM,2007-10-03,29.55,29.84,29.33,29.37,20158329,47,47.46,46.65,46.71,12675600,2026-01-10T03:44:48Z
JPM,2007-10-04,29.71,29.82,29.54,29.68,17717816,47.25,47.43,46.98,47.2,11141000,2026-01-10T03:44:48Z
JPM,2007-10-05,29.92,30.11,29.73,29.84,21379066,47.58,47.88,47.28,47.45,13443200,2026-01-10T03:44:48Z
JPM,2007-10-08,29.83,29.92,29.59,29.75,13215954,47.44,47.58,47.05,47.31,8310200,2026-01-10T03:44:48Z
JPM,2007-10-09,29.91,29.99,29.55,29.93,20622397,47.57,47.7,46.99,47.59,12967400,2026-01-10T03:44:48Z
JPM,2007-10-10,29.5,29.85,29.27,29.85,29991158,46.91,47.47,46.55,47.47,18858500,2026-01-10T03:44:48Z
JPM,2007-10-11,29.34,29.94,29.26,29.56,44402532,46.66,47.62,46.53,47.01,27920400,2026-01-10T03:44:48Z
JPM,2007-10-12,29.44,29.62,29.26,29.35,19889414,46.82,47.1,46.54,46.67,12506500,2026-01-10T03:44:48Z
JPM,2007-10-15,29.09,29.44,28.79,29.41,26360187,46.27,46.82,45.79,46.77,16575300,2026-01-10T03:44:48Z
JPM,2007-10-16,28.37,29.18,28.04,28.93,35798624,45.11,46.4,44.6,46,22510200,2026-01-10T03:44:48Z
JPM,2007-10-17,29.16,29.63,28.77,29.59,55120144,46.37,47.12,45.75,47.05,34659600,2026-01-10T03:44:48Z
JPM,2007-10-18,28.86,29.01,28.58,28.99,30851060,45.9,46.13,45.45,46.1,19399200,2026-01-10T03:44:48Z
JPM,2007-10-19,28.31,29.3,28.27,28.82,46916152,45.02,46.6,44.96,45.84,29500900,2026-01-10T03:44:48Z
JPM,2007-10-22,28.53,28.88,28.08,28.23,28775399,45.37,45.93,44.66,44.9,18094000,2026-01-10T03:44:48Z
JPM,2007-10-23,28.89,28.92,28.38,28.88,21499660,45.94,45.99,45.13,45.92,13519000,2026-01-10T03:44:48Z
JPM,2007-10-24,29.09,29.2,28.13,28.75,43499805,46.27,46.44,44.74,45.73,27352700,2026-01-10T03:44:48Z
JPM,2007-10-25,28.96,29.27,28.39,28.99,31927890,46.05,46.55,45.15,46.1,20076300,2026-01-10T03:44:48Z
JPM,2007-10-26,29.75,29.84,28.88,29.53,29980671,47.32,47.45,45.93,46.96,18851900,2026-01-10T03:44:48Z
JPM,2007-10-29,29.35,29.87,29.25,29.8,30014682,46.67,47.5,46.51,47.39,18873300,2026-01-10T03:44:48Z
JPM,2007-10-30,29.28,29.48,28.96,29.18,20881627,46.56,46.89,46.05,46.4,13130400,2026-01-10T03:44:48Z
JPM,2007-10-31,29.55,29.9,28.95,29.52,38006710,47,47.55,46.04,46.95,23898700,2026-01-10T03:44:48Z
JPM,2007-11-01,27.87,29.13,27.79,28.7,50461202,44.32,46.32,44.2,45.65,31730100,2026-01-10T03:44:48Z
JPM,2007-11-02,27.13,27.97,26.45,27.95,62929687,43.15,44.48,42.06,44.45,39570300,2026-01-10T03:44:48Z
JPM,2007-11-05,26.89,27.16,26.2,26.72,45885293,42.77,43.2,41.67,42.5,28852700,2026-01-10T03:44:48Z
JPM,2007-11-06,27.74,27.88,26.84,26.84,45732928,44.11,44.34,42.69,42.69,28756900,2026-01-10T03:44:48Z
JPM,2007-11-07,26.56,27.55,26.5,26.99,46091608,42.24,43.81,42.15,42.93,28982500,2026-01-10T03:44:48Z
JPM,2007-11-08,26.79,26.99,25.58,26.73,59387334,42.61,42.92,40.68,42.51,37342800,2026-01-10T03:44:48Z
JPM,2007-11-09,26.6,27.22,25.89,26.03,69317401,42.31,43.29,41.17,41.4,43586900,2026-01-10T03:44:48Z
JPM,2007-11-12,26.65,27.47,26.32,26.48,44041237,42.39,43.68,41.86,42.11,27693200,2026-01-10T03:44:48Z
JPM,2007-11-13,28.33,28.61,26.81,27.23,57198828,45.05,45.5,42.63,43.3,35966700,2026-01-10T03:44:48Z
JPM,2007-11-14,28.39,28.94,27.94,28.86,40342285,45.15,46.02,44.44,45.9,25367300,2026-01-10T03:44:48Z
JPM,2007-11-15,27.37,28.42,27.09,28.04,37267919,43.53,45.19,43.08,44.6,23434100,2026-01-10T03:44:48Z
JPM,2007-11-16,27.09,27.74,26.71,27.5,46157590,43.09,44.11,42.48,43.74,29023900,2026-01-10T03:44:48Z
JPM,2007-11-19,26.01,26.94,25.9,26.85,47163724,41.37,42.84,41.19,42.7,29656600,2026-01-10T03:44:48Z
JPM,2007-11-20,26.18,26.63,25.33,26.01,52922437,41.63,42.35,40.28,41.37,33277700,2026-01-10T03:44:48Z
JPM,2007-11-21,25.58,26.41,25.25,25.66,42555952,40.68,42,40.15,40.81,26759200,2026-01-10T03:44:48Z
JPM,2007-11-23,26.38,26.54,25.76,26.09,17188746,41.95,42.2,40.96,41.5,10808300,2026-01-10T03:44:48Z
JPM,2007-11-26,25.44,26.72,25.36,26.33,43140654,40.46,42.49,40.33,41.87,27126900,2026-01-10T03:44:48Z
JPM,2007-11-27,26.63,26.71,25.51,25.73,45325984,42.35,42.48,40.57,40.92,28501000,2026-01-10T03:44:48Z
JPM,2007-11-28,27.64,27.75,26.76,26.87,51093575,43.96,44.13,42.56,42.73,32127700,2026-01-10T03:44:48Z
JPM,2007-11-29,27.45,27.72,27.05,27.28,37457906,43.65,44.09,43.01,43.38,23553600,2026-01-10T03:44:48Z
JPM,2007-11-30,28.69,28.98,28.3,28.54,63793315,45.62,46.09,45.01,45.38,40113300,2026-01-10T03:44:48Z
JPM,2007-12-03,28.43,28.88,28.27,28.86,34060369,45.21,45.92,44.95,45.9,21417200,2026-01-10T03:44:48Z
JPM,2007-12-04,27.76,28.35,27.67,27.87,30717309,44.15,45.09,44,44.32,19315100,2026-01-10T03:44:48Z
JPM,2007-12-05,28.23,28.42,27.62,28.01,32804932,44.9,45.19,43.93,44.54,20627800,2026-01-10T03:44:48Z
JPM,2007-12-06,29.06,29.08,28,28.22,30425359,46.21,46.25,44.53,44.88,19131500,2026-01-10T03:44:48Z
JPM,2007-12-07,28.98,29.43,28.83,29.06,24310510,46.08,46.81,45.85,46.21,15286500,2026-01-10T03:44:48Z
JPM,2007-12-10,29.82,30.1,29.27,29.43,37197071,47.42,47.87,46.55,46.8,23389600,2026-01-10T03:44:48Z
JPM,2007-12-11,28.89,30.2,28.61,29.62,61157223,45.94,48.02,45.5,47.11,38455700,2026-01-10T03:44:48Z
JPM,2007-12-12,29.02,30.05,28.41,29.57,70553561,46.15,47.79,45.18,47.03,44364200,2026-01-10T03:44:48Z
JPM,2007-12-13,28.77,29.09,28.13,28.82,65637695,45.76,46.26,44.73,45.83,41273000,2026-01-10T03:44:48Z
JPM,2007-12-14,28.42,28.79,28.09,28.45,43975446,45.2,45.79,44.68,45.24,27651800,2026-01-10T03:44:48Z
JPM,2007-12-17,28,28.61,27.89,28.18,31751867,44.53,45.5,44.36,44.82,19965600,2026-01-10T03:44:48Z
JPM,2007-12-18,27.6,28.27,27.12,28.15,40115820,43.9,44.95,43.13,44.77,25224900,2026-01-10T03:44:48Z
JPM,2007-12-19,27.65,28.36,27.45,27.6,33871408,43.98,45.1,43.66,43.9,21298400,2026-01-10T03:44:48Z
JPM,2007-12-20,27.25,28.01,27.07,27.88,43173193,43.33,44.54,43.05,44.33,27147400,2026-01-10T03:44:48Z
JPM,2007-12-21,27.74,27.78,27.25,27.62,42013150,44.11,44.18,43.33,43.92,26417900,2026-01-10T03:44:48Z
JPM,2007-12-24,28.19,28.36,27.75,27.75,12213063,44.83,45.11,44.14,44.14,7679600,2026-01-10T03:44:48Z
JPM,2007-12-26,28.26,28.29,27.82,28.12,23184771,44.94,44.99,44.24,44.72,14578600,2026-01-10T03:44:48Z
JPM,2007-12-27,27.44,28.11,27.36,28.04,26293191,43.64,44.7,43.51,44.6,16533200,2026-01-10T03:44:48Z
JPM,2007-12-28,27.2,27.84,26.93,27.79,26800400,43.26,44.27,42.82,44.19,16852100,2026-01-10T03:44:48Z
JPM,2007-12-31,27.45,27.75,26.91,27.08,26019644,43.65,44.14,42.79,43.07,16361200,2026-01-10T03:44:48Z
JPM,2008-01-02,26.75,27.78,26.64,27.62,34875292,42.17,43.79,42,43.55,22122200,2026-01-10T03:44:48Z
JPM,2008-01-03,26.57,27.05,26.49,26.86,27039325,41.88,42.65,41.76,42.34,17151700,2026-01-10T03:44:48Z
JPM,2008-01-04,25.96,26.52,25.77,26.27,40789536,40.93,41.8,40.63,41.41,25873800,2026-01-10T03:44:48Z
JPM,2008-01-07,26.22,26.38,25.47,26.07,40437619,41.34,41.58,40.16,41.1,25650500,2026-01-10T03:44:48Z
JPM,2008-01-08,25.18,26.38,25,26.3,53042740,39.7,41.58,39.42,41.46,33646200,2026-01-10T03:44:48Z
JPM,2008-01-09,25.54,25.59,24.45,25.11,52884925,40.26,40.34,38.54,39.59,33546200,2026-01-10T03:44:48Z
JPM,2008-01-10,26.22,26.73,24.93,25.23,65998005,41.33,42.14,39.3,39.77,41864100,2026-01-10T03:44:48Z
JPM,2008-01-11,25.92,26.7,25.62,25.93,59150161,40.86,42.1,40.39,40.88,37520400,2026-01-10T03:44:48Z
JPM,2008-01-14,26.24,26.48,25.75,26.18,35970476,41.36,41.75,40.6,41.27,22816900,2026-01-10T03:44:48Z
JPM,2008-01-15,24.85,25.84,24.64,25.84,71336144,39.17,40.73,38.85,40.73,45250100,2026-01-10T03:44:48Z
JPM,2008-01-16,26.28,27.05,25.51,25.66,99606986,41.43,42.65,40.21,40.46,63183000,2026-01-10T03:44:48Z
JPM,2008-01-17,25.4,26.44,25.25,26.37,62511511,40.04,41.68,39.8,41.57,39652500,2026-01-10T03:44:48Z
JPM,2008-01-18,25.11,25.8,24.43,25.52,81849300,39.59,40.67,38.52,40.24,51919000,2026-01-10T03:44:48Z
JPM,2008-01-22,25.92,26.64,23.89,23.89,90140768,40.86,42,37.66,37.66,57178500,2026-01-10T03:44:48Z
JPM,2008-01-23,29,29.27,25.37,25.63,121605809,45.72,46.15,40,40.4,77137504,2026-01-10T03:44:48Z
JPM,2008-01-24,28.52,29.18,28.07,29.07,82075742,44.96,46.01,44.26,45.83,52062600,2026-01-10T03:44:48Z
JPM,2008-01-25,27.68,29.08,27.41,28.97,60553910,43.64,45.84,43.21,45.67,38410800,2026-01-10T03:44:48Z
JPM,2008-01-28,28.91,28.93,27.53,27.78,46878007,45.57,45.61,43.4,43.79,29735800,2026-01-10T03:44:48Z
JPM,2008-01-29,30.1,30.32,28.39,29.14,88462421,47.45,47.8,44.75,45.94,56113700,2026-01-10T03:44:48Z
JPM,2008-01-30,30.04,31.27,29.38,29.88,107747291,47.35,49.29,46.32,47.1,68346600,2026-01-10T03:44:48Z
JPM,2008-01-31,30.07,30.57,29.08,29.44,87502140,47.4,48.19,45.85,46.41,55504600,2026-01-10T03:44:48Z
JPM,2008-02-01,30.61,30.89,29.75,29.98,76993542,48.25,48.7,46.9,47.26,48838800,2026-01-10T03:44:48Z
JPM,2008-02-04,29.32,30.54,29.2,30.34,44630430,46.22,48.14,46.03,47.83,28310100,2026-01-10T03:44:48Z
JPM,2008-02-05,27.84,28.85,27.82,28.58,61555248,43.89,45.48,43.85,45.05,39046000,2026-01-10T03:44:48Z
JPM,2008-02-06,27.73,28.38,27.45,28.08,42996551,43.72,44.74,43.27,44.27,27273700,2026-01-10T03:44:48Z
JPM,2008-02-07,28.61,28.91,27.43,27.55,58043321,45.11,45.58,43.25,43.43,36818200,2026-01-10T03:44:48Z
JPM,2008-02-08,27.8,28.52,27.44,28.52,41080234,43.82,44.96,43.26,44.96,26058200,2026-01-10T03:44:48Z
JPM,2008-02-11,27.5,27.91,27.16,27.84,40789788,43.35,44,42.82,43.89,25873900,2026-01-10T03:44:48Z
JPM,2008-02-12,27.47,28.2,27.12,27.7,42869845,43.31,44.45,42.75,43.66,27193300,2026-01-10T03:44:48Z
JPM,2008-02-13,27.97,28.02,27.28,27.62,41829237,44.1,44.17,43.01,43.55,26533300,2026-01-10T03:44:48Z
JPM,2008-02-14,27.03,27.97,26.94,27.94,49154619,42.61,44.1,42.47,44.05,31179900,2026-01-10T03:44:48Z
JPM,2008-02-15,27.43,27.43,26.65,26.9,45776312,43.25,43.25,42.01,42.41,29037000,2026-01-10T03:44:48Z
JPM,2008-02-19,27.17,27.94,26.75,27.62,40692292,42.83,44.05,42.17,43.54,25812100,2026-01-10T03:44:48Z
JPM,2008-02-20,27.37,27.49,26.55,26.88,47532300,43.15,43.34,41.85,42.37,30150900,2026-01-10T03:44:48Z
JPM,2008-02-21,27.32,27.71,26.78,27.36,51836194,43.07,43.69,42.22,43.14,32880900,2026-01-10T03:44:48Z
JPM,2008-02-22,27.87,27.92,26.58,27.31,48008207,43.93,44.02,41.91,43.06,30452700,2026-01-10T03:44:48Z
JPM,2008-02-25,27.93,28.2,27.12,27.55,44010921,44.03,44.46,42.76,43.43,27917200,2026-01-10T03:44:48Z
JPM,2008-02-26,27.73,28.25,27.54,27.74,39395076,43.72,44.54,43.41,43.73,24989200,2026-01-10T03:44:48Z
JPM,2008-02-27,28.17,28.22,27.04,27.32,60799276,44.41,44.49,42.62,43.07,38566400,2026-01-10T03:44:48Z
JPM,2008-02-28,26.92,27.92,26.89,27.91,57709329,42.44,44.02,42.39,44,36606400,2026-01-10T03:44:48Z
JPM,2008-02-29,25.79,26.62,25.61,26.57,58103750,40.65,41.97,40.38,41.88,36856500,2026-01-10T03:44:48Z
JPM,2008-03-03,25.26,25.77,25.01,25.76,49630434,39.82,40.63,39.43,40.61,31481800,2026-01-10T03:44:48Z
JPM,2008-03-04,24.86,25.11,24.24,24.97,88991312,39.19,39.58,38.22,39.37,56449200,2026-01-10T03:44:48Z
JPM,2008-03-05,24.57,25.11,24.17,24.97,57266031,38.74,39.58,38.11,39.37,36325200,2026-01-10T03:44:48Z
JPM,2008-03-06,23.7,24.25,23.57,24.22,69927945,37.37,38.23,37.15,38.18,44357000,2026-01-10T03:44:48Z
JPM,2008-03-07,23.83,24.79,23.22,23.4,68204765,37.56,39.08,36.61,36.89,43263900,2026-01-10T03:44:48Z
JPM,2008-03-10,23.14,24.27,23.03,23.93,65080731,36.48,38.26,36.31,37.73,41282200,2026-01-10T03:44:48Z
JPM,2008-03-11,24.64,24.9,23.57,24.41,92081340,38.84,39.26,37.16,38.48,58409300,2026-01-10T03:44:48Z
JPM,2008-03-12,24.49,25.52,24.36,24.64,70268333,38.61,40.23,38.4,38.85,44572800,2026-01-10T03:44:48Z
JPM,2008-03-13,24.17,24.71,23.23,24,71790089,38.11,38.95,36.63,37.84,45538200,2026-01-10T03:44:48Z
JPM,2008-03-14,23.18,24.61,22.84,24.61,122613996,36.54,38.8,36.01,38.8,77777000,2026-01-10T03:44:48Z
JPM,2008-03-17,25.57,26.06,23.47,23.47,197546693,40.31,41.09,37,37,125308600,2026-01-10T03:44:48Z
JPM,2008-03-18,27.09,27.2,26.17,26.76,121333959,42.71,42.88,41.25,42.19,76965104,2026-01-10T03:44:48Z
JPM,2008-03-19,26.94,28.48,26.92,27.44,111289517,42.47,44.89,42.44,43.26,70593504,2026-01-10T03:44:48Z
JPM,2008-03-20,29.16,29.46,26.94,27.22,114727636,45.97,46.45,42.47,42.91,72774304,2026-01-10T03:44:48Z
JPM,2008-03-24,29.53,30.55,28.56,28.81,104065685,46.55,48.16,45.02,45.42,66011400,2026-01-10T03:44:48Z
JPM,2008-03-25,29.22,29.59,28.49,29.19,85898716,46.06,46.65,44.91,46.02,54487500,2026-01-10T03:44:48Z
JPM,2008-03-26,27.98,28.78,27.89,28.72,64842015,44.11,45.37,43.97,45.27,41130800,2026-01-10T03:44:48Z
JPM,2008-03-27,27.19,28.22,27.19,28.05,50691651,42.86,44.49,42.86,44.22,32154900,2026-01-10T03:44:48Z
JPM,2008-03-28,27.09,27.81,27.05,27.4,45736685,42.71,43.84,42.65,43.2,29011900,2026-01-10T03:44:48Z
JPM,2008-03-31,27.24,28.07,27.03,27.1,45592815,42.95,44.25,42.61,42.72,28920600,2026-01-10T03:44:48Z
JPM,2008-04-01,29.81,29.81,28.33,28.63,85993835,47,47,44.66,45.13,54547900,2026-01-10T03:44:48Z
JPM,2008-04-02,29.57,30.41,29.38,30.11,57232287,46.24,47.56,45.94,47.08,36599700,2026-01-10T03:44:48Z
JPM,2008-04-03,29.6,30.07,28.98,29.01,47404009,46.28,47.03,45.32,45.37,30314600,2026-01-10T03:44:48Z
JPM,2008-04-04,29.14,29.7,28.85,29.32,46718252,45.57,46.44,45.12,45.85,29876000,2026-01-10T03:44:48Z
JPM,2008-04-07,29.12,29.89,28.82,29.69,37638114,45.54,46.74,45.06,46.43,24069300,2026-01-10T03:44:48Z
JPM,2008-04-08,28.69,29.17,28.41,28.94,45652033,44.86,45.61,44.43,45.25,29194200,2026-01-10T03:44:48Z
JPM,2008-04-09,28.33,28.89,28.19,28.89,44530180,44.3,45.18,44.08,45.18,28476800,2026-01-10T03:44:48Z
JPM,2008-04-10,28.05,28.66,27.87,28.27,47334310,43.86,44.81,43.58,44.2,30270000,2026-01-10T03:44:48Z
JPM,2008-04-11,27.2,28.07,27.13,27.7,65616201,42.53,43.9,42.43,43.32,41961200,2026-01-10T03:44:48Z
JPM,2008-04-14,26.54,27.37,26.33,27.11,52814882,41.5,42.8,41.17,42.4,33774800,2026-01-10T03:44:48Z
JPM,2008-04-15,26.94,27.31,26.4,26.97,58283865,42.12,42.7,41.28,42.18,37272200,2026-01-10T03:44:48Z
JPM,2008-04-16,28.75,28.75,27.56,27.84,82205599,44.96,44.96,43.1,43.53,52569900,2026-01-10T03:44:48Z
JPM,2008-04-17,28.85,28.98,28.25,28.36,47388666,45.12,45.32,44.17,44.34,30304800,2026-01-10T03:44:48Z
JPM,2008-04-18,29.26,29.97,29.05,29.63,49098268,45.76,46.86,45.42,46.33,31398000,2026-01-10T03:44:48Z
JPM,2008-04-21,28.92,29.08,28.52,28.96,36770184,45.23,45.48,44.6,45.29,23514300,2026-01-10T03:44:48Z
JPM,2008-04-22,29.19,29.29,28.62,28.75,37066963,45.65,45.8,44.75,44.96,23704100,2026-01-10T03:44:48Z
JPM,2008-04-23,28.87,29.44,28.58,29.04,36373984,45.15,46.04,44.69,45.41,23260900,2026-01-10T03:44:48Z
JPM,2008-04-24,30.04,30.27,29,29.01,59062076,46.97,47.34,45.34,45.37,37769800,2026-01-10T03:44:48Z
JPM,2008-04-25,30.56,30.61,29.76,30.24,37945805,47.79,47.87,46.54,47.29,24266100,2026-01-10T03:44:48Z
JPM,2008-04-28,30.27,30.75,29.93,30.48,42498824,47.34,48.09,46.81,47.67,27177700,2026-01-10T03:44:48Z
JPM,2008-04-29,30.11,30.53,29.81,30.27,32429835,47.08,47.74,46.62,47.34,20738700,2026-01-10T03:44:48Z
JPM,2008-04-30,30.47,31.11,29.88,30.22,56742342,47.65,48.64,46.73,47.25,36286400,2026-01-10T03:44:48Z
JPM,2008-05-01,31.5,31.64,30.49,30.49,49608094,49.25,49.48,47.68,47.68,31724100,2026-01-10T03:44:48Z
JPM,2008-05-02,31.12,31.94,30.71,31.91,43698735,48.66,49.95,48.03,49.9,27945100,2026-01-10T03:44:48Z
JPM,2008-05-05,30.7,31.11,30.6,30.9,30143219,48,48.64,47.85,48.32,19276400,2026-01-10T03:44:48Z
JPM,2008-05-06,30.82,31.14,30.22,30.27,39787719,48.2,48.7,47.25,47.34,25444000,2026-01-10T03:44:48Z
JPM,2008-05-07,29.78,30.97,29.67,30.84,43217500,46.57,48.43,46.39,48.22,27637300,2026-01-10T03:44:48Z
JPM,2008-05-08,29.45,30.06,28.98,30.04,40737830,46.05,47,45.31,46.98,26051600,2026-01-10T03:44:48Z
JPM,2008-05-09,29.78,30.01,29.11,29.26,33967520,46.57,46.93,45.52,45.75,21722000,2026-01-10T03:44:48Z
JPM,2008-05-12,30.21,30.24,29.74,29.94,31740093,47.24,47.29,46.51,46.82,20297600,2026-01-10T03:44:48Z
JPM,2008-05-13,29.08,30.21,28.92,30.08,42980994,45.48,47.24,45.22,47.04,27486100,2026-01-10T03:44:48Z
JPM,2008-05-14,29.36,29.65,28.97,29.42,37746834,45.91,46.37,45.3,46,24138900,2026-01-10T03:44:48Z
JPM,2008-05-15,30.07,30.08,29.15,29.45,42674218,47.02,47.04,45.58,46.05,27289900,2026-01-10T03:44:48Z
JPM,2008-05-16,29.76,30.26,29.45,30.22,32652595,46.53,47.32,46.05,47.25,20881100,2026-01-10T03:44:48Z
JPM,2008-05-19,29.41,30.2,29.33,29.77,30339799,45.99,47.22,45.87,46.55,19402100,2026-01-10T03:44:48Z
JPM,2008-05-20,27.95,29.2,27.82,29.17,76618043,43.7,45.66,43.5,45.61,48996800,2026-01-10T03:44:48Z
JPM,2008-05-21,27.13,28.17,27.07,28.02,63512168,42.42,44.05,42.33,43.82,40615600,2026-01-10T03:44:48Z
JPM,2008-05-22,27.53,27.96,26.92,27.1,45166205,43.05,43.73,42.1,42.38,28883500,2026-01-10T03:44:48Z
JPM,2008-05-23,27.06,27.43,26.94,27.32,33528523,42.32,42.9,42.12,42.72,21441300,2026-01-10T03:44:48Z
JPM,2008-05-27,27.5,27.75,27.05,27.12,44500710,43.01,43.4,42.3,42.41,28457900,2026-01-10T03:44:48Z
JPM,2008-05-28,27.41,27.77,26.8,27.75,49553418,42.86,43.43,41.9,43.39,31689100,2026-01-10T03:44:48Z
JPM,2008-05-29,27.86,28.18,27.04,27.3,35639182,43.57,44.06,42.29,42.69,22791000,2026-01-10T03:44:48Z
JPM,2008-05-30,27.5,28.13,27.41,28.11,33455409,43,43.99,42.87,43.96,21394500,2026-01-10T03:44:48Z
JPM,2008-06-02,26.95,27.35,26.64,27.26,47882181,42.15,42.77,41.66,42.63,30620400,2026-01-10T03:44:48Z
JPM,2008-06-03,26.79,27.3,26.34,27.2,45200272,41.89,42.69,41.19,42.53,28905300,2026-01-10T03:44:48Z
JPM,2008-06-04,26.62,27.08,26.32,26.69,48163454,41.63,42.35,41.16,41.74,30800200,2026-01-10T03:44:48Z
JPM,2008-06-05,26.92,27.06,26.48,26.8,43402746,42.1,42.32,41.4,41.9,27755800,2026-01-10T03:44:48Z
JPM,2008-06-06,25.64,26.72,25.55,26.67,62385296,40.09,41.79,39.95,41.7,39895000,2026-01-10T03:44:48Z
JPM,2008-06-09,23.99,25.79,23.29,25.78,117061243,37.51,40.33,36.42,40.32,74859904,2026-01-10T03:44:48Z
JPM,2008-06-10,24.49,25.09,23.76,23.82,85096898,38.29,39.23,37.16,37.25,54418900,2026-01-10T03:44:48Z
JPM,2008-06-11,23.74,24.78,23.71,24.62,79703368,37.13,38.75,37.07,38.5,50969800,2026-01-10T03:44:48Z
JPM,2008-06-12,24.31,24.78,24.06,24.11,83265246,38.01,38.75,37.63,37.71,53247700,2026-01-10T03:44:48Z
JPM,2008-06-13,25.31,25.32,24.17,24.56,63282937,39.58,39.59,37.8,38.4,40469100,2026-01-10T03:44:48Z
JPM,2008-06-16,25.54,26,25,25.23,54504943,39.94,40.65,39.1,39.46,34855600,2026-01-10T03:44:48Z
JPM,2008-06-17,24.97,26.06,24.91,25.81,50838413,39.04,40.75,38.95,40.36,32510800,2026-01-10T03:44:48Z
JPM,2008-06-18,24.77,25.1,24.26,24.64,55535156,38.74,39.25,37.93,38.53,35514400,2026-01-10T03:44:48Z
JPM,2008-06-19,24.72,24.96,23.55,24.81,93738813,38.65,39.03,36.82,38.79,59945300,2026-01-10T03:44:48Z
JPM,2008-06-20,24.21,25.06,23.63,23.85,86595493,37.86,39.19,36.95,37.29,55377200,2026-01-10T03:44:48Z
JPM,2008-06-23,23.58,24.29,23.35,24.24,59017705,36.87,37.99,36.51,37.91,37741400,2026-01-10T03:44:48Z
JPM,2008-06-24,24.12,24.47,23.18,23.55,68063537,37.72,38.26,36.25,36.82,43526200,2026-01-10T03:44:48Z
JPM,2008-06-25,24.24,25.14,23.98,24.26,66173927,37.91,39.32,37.5,37.94,42317800,2026-01-10T03:44:48Z
JPM,2008-06-26,23.23,24.03,23.15,23.76,71483301,36.32,37.58,36.2,37.16,45713100,2026-01-10T03:44:48Z
JPM,2008-06-27,22.41,23.59,21.87,23.31,108391918,35.05,36.89,34.2,36.45,69316096,2026-01-10T03:44:48Z
JPM,2008-06-30,21.94,22.7,21.72,22.29,79470632,34.31,35.5,33.96,34.86,50820900,2026-01-10T03:44:48Z
JPM,2008-07-01,22,22.21,20.91,21.79,115394935,34.02,34.34,32.33,33.69,74620704,2026-01-10T03:44:48Z
JPM,2008-07-02,22.37,23.12,22.14,22.19,80030174,34.6,35.75,34.23,34.31,51752000,2026-01-10T03:44:48Z
JPM,2008-07-03,22.83,23.34,22.3,22.71,51124762,35.31,36.09,34.49,35.12,33060100,2026-01-10T03:44:48Z
JPM,2008-07-07,22.01,23.25,21.7,22.94,75594654,34.04,35.95,33.56,35.48,48883800,2026-01-10T03:44:48Z
JPM,2008-07-08,23.13,23.31,21.61,22.18,96323642,35.77,36.05,33.42,34.3,62288300,2026-01-10T03:44:48Z
JPM,2008-07-09,22.17,23.76,22.04,23.11,78822936,34.28,36.74,34.09,35.74,50971400,2026-01-10T03:44:48Z
JPM,2008-07-10,22.32,23.15,21.7,21.99,73933896,34.51,35.8,33.55,34,47809800,2026-01-10T03:44:48Z
JPM,2008-07-11,21.44,22.28,20.75,21.59,110285128,33.16,34.45,32.09,33.38,71316496,2026-01-10T03:44:48Z
JPM,2008-07-14,20.49,22.21,20.49,22.11,77883250,31.69,34.35,31.68,34.19,50363600,2026-01-10T03:44:48Z
JPM,2008-07-15,20.06,21.22,18.91,19.87,137193748,31.02,32.82,29.24,30.73,88717296,2026-01-10T03:44:48Z
JPM,2008-07-16,23.24,23.24,20.37,20.89,123617886,35.94,35.94,31.5,32.3,79938200,2026-01-10T03:44:48Z
JPM,2008-07-17,26.38,26.51,24.44,24.61,204304951,40.8,40.99,37.8,38.06,132115200,2026-01-10T03:44:48Z
JPM,2008-07-18,25.88,26.72,25.35,26.62,101151199,40.02,41.32,39.2,41.16,65410100,2026-01-10T03:44:48Z
JPM,2008-07-21,24.99,26.48,24.8,26.09,63953773,38.65,40.95,38.35,40.34,41356000,2026-01-10T03:44:48Z
JPM,2008-07-22,26.42,26.54,24.32,24.68,77479269,40.86,41.04,37.61,38.16,50102500,2026-01-10T03:44:48Z
JPM,2008-07-23,27.13,27.81,25.46,26.45,91770534,41.96,43,39.37,40.91,59344000,2026-01-10T03:44:48Z
JPM,2008-07-24,25.31,27.34,25.25,27.2,73384192,39.14,42.28,39.04,42.06,47454300,2026-01-10T03:44:48Z
JPM,2008-07-25,25.56,26.15,24.88,25.33,54414190,39.52,40.44,38.48,39.17,35187200,2026-01-10T03:44:48Z
JPM,2008-07-28,24.35,26.29,24.19,25.54,64444527,37.66,40.65,37.41,39.49,41673500,2026-01-10T03:44:48Z
JPM,2008-07-29,26.35,26.35,24.04,24.53,78137312,40.75,40.75,37.18,37.94,50527900,2026-01-10T03:44:48Z
JPM,2008-07-30,26.88,27.2,25.85,26.78,74158099,41.57,42.07,39.97,41.41,47954800,2026-01-10T03:44:48Z
JPM,2008-07-31,26.27,27.13,26.06,26.27,57828347,40.63,41.96,40.3,40.63,37395000,2026-01-10T03:44:48Z
JPM,2008-08-01,26.36,27,25.72,26.58,47588200,40.76,41.75,39.77,41.11,30773200,2026-01-10T03:44:48Z
JPM,2008-08-04,25.96,26.44,25.16,25.96,42909784,40.14,40.89,38.91,40.14,27747900,2026-01-10T03:44:48Z
JPM,2008-08-05,27.09,27.16,26,26.68,55304558,41.89,42,40.21,41.26,35763000,2026-01-10T03:44:48Z
JPM,2008-08-06,26.77,27.33,26.09,26.74,51047370,41.39,42.27,40.34,41.35,33010100,2026-01-10T03:44:48Z
JPM,2008-08-07,25.74,26.87,25.53,26.29,66050666,39.81,41.55,39.48,40.66,42712100,2026-01-10T03:44:48Z
JPM,2008-08-08,26.56,26.93,25.48,25.55,57486583,41.07,41.65,39.4,39.51,37174100,2026-01-10T03:44:48Z
JPM,2008-08-11,27.09,27.71,26.11,26.38,53573961,41.89,42.85,40.37,40.79,34643900,2026-01-10T03:44:48Z
JPM,2008-08-12,24.52,26.52,23.94,26.51,100892721,37.92,41.01,37.02,40.99,65242900,2026-01-10T03:44:48Z
JPM,2008-08-13,23.87,24.35,23.38,24.34,75118526,36.91,37.65,36.15,37.64,48575900,2026-01-10T03:44:48Z
JPM,2008-08-14,24.45,24.85,23.55,23.66,63624770,37.81,38.43,36.42,36.59,41143400,2026-01-10T03:44:48Z
JPM,2008-08-15,24.62,25.03,24.17,24.61,56687004,38.07,38.71,37.37,38.05,36657000,2026-01-10T03:44:48Z
JPM,2008-08-18,23.76,24.59,23.7,24.52,49782818,36.74,38.03,36.65,37.92,32192300,2026-01-10T03:44:48Z
JPM,2008-08-19,23.01,23.54,22.63,23.29,64059467,35.58,36.4,35,36.01,41424400,2026-01-10T03:44:48Z
JPM,2008-08-20,23.93,23.97,22.65,22.97,60409480,37,37.07,35.02,35.52,39064200,2026-01-10T03:44:48Z
JPM,2008-08-21,23.45,23.67,23.14,23.4,47265406,36.26,36.6,35.79,36.18,30564400,2026-01-10T03:44:48Z
JPM,2008-08-22,24.36,24.73,23.84,24.07,55708359,37.67,38.25,36.86,37.22,36024100,2026-01-10T03:44:48Z
JPM,2008-08-25,23.36,24.22,23.33,24.18,41880348,36.13,37.45,36.08,37.4,27082200,2026-01-10T03:44:48Z
JPM,2008-08-26,23.67,24,23.21,23.41,44553317,36.61,37.12,35.9,36.21,28810700,2026-01-10T03:44:48Z
JPM,2008-08-27,24.02,24.07,23.2,23.64,36823602,37.14,37.22,35.87,36.55,23812200,2026-01-10T03:44:48Z
JPM,2008-08-28,25.14,25.14,24.07,24.35,53699772,38.88,38.88,37.23,37.66,34725300,2026-01-10T03:44:48Z
JPM,2008-08-29,24.89,25.18,24.63,24.9,36073262,38.49,38.94,38.09,38.51,23327000,2026-01-10T03:44:48Z
JPM,2008-09-02,25.21,25.88,24.9,25.61,51446093,38.99,40.02,38.5,39.61,33267900,2026-01-10T03:44:48Z
JPM,2008-09-03,25.68,25.7,24.86,25.16,44519049,39.71,39.75,38.44,38.91,28788500,2026-01-10T03:44:48Z
JPM,2008-09-04,24.51,25.72,24.46,25.41,64209950,37.91,39.78,37.83,39.3,41521700,2026-01-10T03:44:48Z
JPM,2008-09-05,25.61,25.7,24.15,24.25,65098695,39.6,39.75,37.35,37.5,42096500,2026-01-10T03:44:48Z
JPM,2008-09-08,26.87,28.23,25.87,27.41,132419844,41.55,43.66,40,42.39,85629904,2026-01-10T03:44:48Z
JPM,2008-09-09,25.52,27.12,25.51,26.42,87274729,39.47,41.94,39.45,40.85,56436700,2026-01-10T03:44:48Z
JPM,2008-09-10,25.48,26.15,25.08,25.86,71288419,39.4,40.44,38.79,39.99,46099000,2026-01-10T03:44:48Z
JPM,2008-09-11,26.93,26.96,24.52,24.73,88169979,41.65,41.69,37.92,38.25,57015600,2026-01-10T03:44:48Z
JPM,2008-09-12,26.62,27.13,25.99,26.41,79515461,41.17,41.96,40.19,40.84,51419100,2026-01-10T03:44:48Z
JPM,2008-09-15,23.93,27.06,23.93,24.82,142962544,37,41.85,37,38.39,92447696,2026-01-10T03:44:48Z
JPM,2008-09-16,26.34,26.48,22.65,23.01,138204983,40.74,40.95,35.02,35.58,89371200,2026-01-10T03:44:48Z
JPM,2008-09-17,23.13,26.31,22.96,25.27,161424367,35.77,40.68,35.5,39.08,104386096,2026-01-10T03:44:48Z
JPM,2008-09-18,26.06,26.55,22.01,23.62,205513417,40.3,41.05,34.04,36.53,132896304,2026-01-10T03:44:48Z
JPM,2008-09-19,30.43,31.04,27.52,30.39,136894734,47.05,48,42.55,47,88523904,2026-01-10T03:44:48Z
JPM,2008-09-22,26.38,29.68,26.35,29.52,69481513,40.8,45.9,40.75,45.65,44930700,2026-01-10T03:44:48Z
JPM,2008-09-23,26.23,27.28,25.91,26.22,50148551,40.56,42.18,40.06,40.55,32428900,2026-01-10T03:44:48Z
JPM,2008-09-24,26.19,27.48,26.01,26.84,42048891,40.5,42.5,40.22,41.5,27191200,2026-01-10T03:44:48Z
JPM,2008-09-25,28.1,29.1,26.71,27.32,56812679,43.46,45,41.3,42.25,36738300,2026-01-10T03:44:48Z
JPM,2008-09-26,31.19,31.69,26.18,26.22,228981763,48.24,49,40.48,40.55,148072496,2026-01-10T03:44:48Z
JPM,2008-09-29,26.51,30.72,26.51,30.12,120556817,41,47.5,41,46.58,77958800,2026-01-10T03:44:48Z
JPM,2008-09-30,30.2,30.64,28.3,28.86,103606836,46.7,47.39,43.77,44.63,66997900,2026-01-10T03:44:48Z
JPM,2008-10-01,32.09,32.33,29.94,30.34,91938173,49.63,50,46.3,46.91,59452300,2026-01-10T03:44:48Z
JPM,2008-10-02,32.48,32.48,30.45,32.09,82786486,49.85,49.85,46.72,49.25,53947400,2026-01-10T03:44:48Z
JPM,2008-10-03,29.91,32.99,29.47,32.78,105340511,45.9,50.63,45.23,50.31,68644600,2026-01-10T03:44:48Z
JPM,2008-10-06,28.67,29.42,27.17,28.4,96779928,44,45.15,41.7,43.58,63066200,2026-01-10T03:44:48Z
JPM,2008-10-07,25.62,29.81,25.62,29.6,95756671,39.32,45.74,39.31,45.43,62399400,2026-01-10T03:44:48Z
JPM,2008-10-08,25.61,28.38,25.09,25.37,116167166,39.3,43.55,38.5,38.93,75699904,2026-01-10T03:44:48Z
JPM,2008-10-09,23.9,27.82,23.87,26.74,136305116,36.68,42.69,36.63,41.03,88822400,2026-01-10T03:44:48Z
JPM,2008-10-10,27.13,27.37,22.82,22.82,173380731,41.64,42,35.02,35.02,112982704,2026-01-10T03:44:48Z
JPM,2008-10-13,27.36,28.72,25.84,28.61,125271153,41.99,44.08,39.66,43.91,81632400,2026-01-10T03:44:48Z
JPM,2008-10-14,26.53,28.38,25.84,28.16,146245400,40.71,43.55,39.66,43.21,95300200,2026-01-10T03:44:48Z
JPM,2008-10-15,25.08,27.23,24.76,25.63,130026100,38.49,41.79,38,39.33,84730800,2026-01-10T03:44:48Z
JPM,2008-10-16,26.39,26.72,23.66,25.41,115259420,40.49,41,36.31,39,75108200,2026-01-10T03:44:48Z
JPM,2008-10-17,25.63,26.97,25.45,25.8,93597740,39.33,41.39,39.06,39.6,60992500,2026-01-10T03:44:48Z
JPM,2008-10-20,26.5,26.52,25.28,26.08,68646236,40.66,40.7,38.8,40.02,44733000,2026-01-10T03:44:48Z
JPM,2008-10-21,25.9,26.89,25.8,26.01,64105541,39.74,41.27,39.6,39.92,41774100,2026-01-10T03:44:48Z
JPM,2008-10-22,24.22,26.1,23.47,25.49,93300428,37.17,40.05,36.01,39.11,60798900,2026-01-10T03:44:48Z
JPM,2008-10-23,24.66,25.25,23.34,24.33,98088534,37.85,38.75,35.82,37.34,63919000,2026-01-10T03:44:48Z
JPM,2008-10-24,23.09,24.59,22.49,22.93,95106313,35.43,37.73,34.51,35.19,61975600,2026-01-10T03:44:48Z
JPM,2008-10-27,22.16,23.39,21.72,22.87,96245328,34,35.9,33.33,35.1,62717700,2026-01-10T03:44:48Z
JPM,2008-10-28,24.5,24.58,21.19,22.79,112114343,37.6,37.72,32.52,34.97,73058896,2026-01-10T03:44:48Z
JPM,2008-10-29,23.27,25.01,23.14,24.2,94875597,35.71,38.38,35.51,37.14,61825100,2026-01-10T03:44:48Z
JPM,2008-10-30,24.51,24.76,23.48,24.04,72681859,37.62,38,36.03,36.89,47362800,2026-01-10T03:44:48Z
JPM,2008-10-31,26.88,26.88,24.29,24.31,133431634,41.25,41.25,37.28,37.3,86950200,2026-01-10T03:44:48Z
JPM,2008-11-03,26.54,26.88,26.2,26.88,69149919,40.73,41.25,40.2,41.25,45061200,2026-01-10T03:44:48Z
JPM,2008-11-04,27.48,27.64,26.64,26.93,75102614,42.17,42.42,40.88,41.33,48940300,2026-01-10T03:44:48Z
JPM,2008-11-05,25.56,27.7,25.17,27.19,82145241,39.22,42.5,38.62,41.73,53529500,2026-01-10T03:44:48Z
JPM,2008-11-06,24.93,25.91,24.67,25.39,86672314,38.26,39.76,37.86,38.96,56479500,2026-01-10T03:44:48Z
JPM,2008-11-07,24.6,25.1,23.77,24.93,77053912,37.75,38.52,36.47,38.26,50211800,2026-01-10T03:44:48Z
JPM,2008-11-10,23.73,25.07,23.23,24.96,63777499,36.41,38.48,35.65,38.31,41560300,2026-01-10T03:44:48Z
JPM,2008-11-11,23.69,24.4,22.98,23.34,94498674,36.35,37.45,35.27,35.82,61579600,2026-01-10T03:44:48Z
JPM,2008-11-12,22.53,23.66,22.36,23.13,87053719,34.57,36.3,34.31,35.49,56728200,2026-01-10T03:44:48Z
JPM,2008-11-13,24.23,24.44,21.83,22.58,114363384,37.19,37.5,33.5,34.65,74524400,2026-01-10T03:44:48Z
JPM,2008-11-14,22.46,24.05,22.26,23.63,85840159,34.47,36.91,34.16,36.26,55937300,2026-01-10T03:44:48Z
JPM,2008-11-17,21.35,22.72,21.18,22.11,88343374,32.77,34.87,32.5,33.93,57568500,2026-01-10T03:44:48Z
JPM,2008-11-18,20.94,21.57,19.78,21.35,104066481,32.14,33.1,30.36,32.77,67814496,2026-01-10T03:44:48Z
JPM,2008-11-19,18.55,20.87,18.43,20.65,138468898,28.47,32.02,28.28,31.69,90232400,2026-01-10T03:44:48Z
JPM,2008-11-20,15.24,18.71,14.54,18.09,246634701,23.38,28.71,22.32,27.76,160718704,2026-01-10T03:44:48Z
JPM,2008-11-21,14.81,15.91,12.83,15.43,297829600,22.72,24.42,19.69,23.68,194079504,2026-01-10T03:44:48Z
JPM,2008-11-24,17.97,18.47,14.66,15.6,210827595,27.58,28.34,22.5,23.94,137384992,2026-01-10T03:44:48Z
JPM,2008-11-25,19.4,20.01,18.57,19.24,161801357,29.77,30.71,28.5,29.52,105437200,2026-01-10T03:44:48Z
JPM,2008-11-26,19.95,20.04,18.36,18.75,85391462,30.62,30.75,28.17,28.78,55645000,2026-01-10T03:44:48Z
JPM,2008-11-28,20.63,20.81,19.63,19.8,35539408,31.66,31.93,30.13,30.38,23159100,2026-01-10T03:44:48Z
JPM,2008-12-01,17.02,20.01,16.96,19.98,108943161,26.12,30.7,26.02,30.66,70992400,2026-01-10T03:44:48Z
JPM,2008-12-02,18.59,18.83,16.04,17.3,124806064,28.53,28.9,24.61,26.54,81329104,2026-01-10T03:44:48Z
JPM,2008-12-03,19.71,20.03,17.62,17.88,99625831,30.25,30.74,27.04,27.44,64920800,2026-01-10T03:44:48Z
JPM,2008-12-04,20.25,21.44,19.39,19.45,123875899,31.08,32.9,29.75,29.84,80723000,2026-01-10T03:44:48Z
JPM,2008-12-05,21.73,22.16,19.37,19.82,113000428,33.35,34,29.73,30.41,73636304,2026-01-10T03:44:48Z
JPM,2008-12-08,23.78,24.57,21.89,22.14,129809943,36.49,37.7,33.6,33.97,84589904,2026-01-10T03:44:48Z
JPM,2008-12-09,22.13,23.26,21.93,23.24,101059609,33.96,35.7,33.66,35.67,65855100,2026-01-10T03:44:48Z
JPM,2008-12-10,21.84,22.78,21.56,22.42,73557671,33.52,34.96,33.08,34.4,47933400,2026-01-10T03:44:48Z
JPM,2008-12-11,19.51,21.35,19.38,21.24,108828927,29.94,32.76,29.74,32.6,70918000,2026-01-10T03:44:48Z
JPM,2008-12-12,20.16,20.34,18.25,18.53,92023710,30.94,31.22,28.01,28.44,59966800,2026-01-10T03:44:48Z
JPM,2008-12-15,18.66,19.41,18.36,19.12,79229008,28.63,29.78,28.17,29.34,51629200,2026-01-10T03:44:48Z
JPM,2008-12-16,21.08,21.34,18.79,18.9,116379710,32.35,32.75,28.84,29.01,75838200,2026-01-10T03:44:48Z
JPM,2008-12-17,20.76,21.43,20.23,20.53,72368883,31.86,32.89,31.05,31.5,47158800,2026-01-10T03:44:48Z
JPM,2008-12-18,19.69,21.24,19.63,20.96,88226238,30.21,32.59,30.12,32.16,57492200,2026-01-10T03:44:48Z
JPM,2008-12-19,19.76,20.36,19.41,19.62,85471586,30.32,31.25,29.78,30.11,55697200,2026-01-10T03:44:48Z
JPM,2008-12-22,19.43,20.32,19.23,19.97,55827499,29.82,31.19,29.51,30.64,36379800,2026-01-10T03:44:48Z
JPM,2008-12-23,18.97,19.81,18.97,19.7,41434184,29.11,30.4,29.11,30.23,27000400,2026-01-10T03:44:48Z
JPM,2008-12-24,19.45,19.47,18.67,18.67,18952194,29.85,29.88,28.65,28.65,12350100,2026-01-10T03:44:48Z
JPM,2008-12-26,19.42,19.72,19.06,19.58,19398312,29.8,30.26,29.25,30.05,12640800,2026-01-10T03:44:48Z
JPM,2008-12-29,19.41,19.56,18.77,19.54,34285059,29.78,30.02,28.8,29.99,22341700,2026-01-10T03:44:48Z
JPM,2008-12-30,20.21,20.23,19.47,19.48,45803184,31.01,31.05,29.88,29.89,29847400,2026-01-10T03:44:48Z
JPM,2008-12-31,20.55,20.81,19.84,20.01,39736295,31.53,31.94,30.44,30.7,25894000,2026-01-10T03:44:48Z
JPM,2009-01-02,20.68,20.87,20.1,20.57,49279942,31.35,31.64,30.47,31.19,32504800,2026-01-10T03:44:48Z
JPM,2009-01-05,19.29,20.3,19.18,20.27,66942324,29.25,30.77,29.08,30.73,44154700,2026-01-10T03:44:48Z
JPM,2009-01-06,19.71,20.07,19.46,19.65,67086158,29.88,30.42,29.51,29.79,44249700,2026-01-10T03:44:48Z
JPM,2009-01-07,18.53,19.39,18.47,19.23,64014363,28.09,29.4,28,29.15,42223500,2026-01-10T03:44:48Z
JPM,2009-01-08,17.95,18.44,17.72,18.4,78947576,27.22,27.95,26.86,27.9,52073500,2026-01-10T03:44:48Z
JPM,2009-01-09,17.13,18.17,17.02,18.17,64619582,25.97,27.55,25.81,27.55,42622800,2026-01-10T03:44:48Z
JPM,2009-01-12,16.43,17.25,16.16,17.1,90001960,24.91,26.15,24.5,25.92,59364800,2026-01-10T03:44:48Z
JPM,2009-01-13,17.38,17.54,16.01,16.63,111315904,26.35,26.59,24.27,25.21,73423296,2026-01-10T03:44:48Z
JPM,2009-01-14,17.09,17.33,16.33,16.88,112124749,25.91,26.28,24.76,25.59,73956896,2026-01-10T03:44:48Z
JPM,2009-01-15,16.05,17.84,15.67,17.51,207469523,24.34,27.05,23.76,26.54,136845504,2026-01-10T03:44:48Z
JPM,2009-01-16,15.05,16.49,13.54,16.38,237796906,22.82,25,20.53,24.83,156850096,2026-01-10T03:44:48Z
JPM,2009-01-20,11.93,14.03,11.68,13.85,215451732,18.09,21.27,17.7,21,142111200,2026-01-10T03:44:48Z
JPM,2009-01-21,14.93,15.06,12.45,12.72,206901970,22.63,22.84,18.88,19.29,136471200,2026-01-10T03:44:48Z
JPM,2009-01-22,15.24,15.72,13.99,14.75,167117884,23.1,23.83,21.21,22.36,110229800,2026-01-10T03:44:48Z
JPM,2009-01-23,16.02,16.21,14.39,14.46,112732437,24.28,24.58,21.81,21.92,74357904,2026-01-10T03:44:48Z
JPM,2009-01-26,16.16,16.98,15.66,16.49,112647145,24.5,25.75,23.74,25,74301600,2026-01-10T03:44:48Z
JPM,2009-01-27,16.53,16.6,15.87,16.57,77012644,25.06,25.17,24.06,25.12,50797000,2026-01-10T03:44:48Z
JPM,2009-01-28,18.24,18.32,17.37,17.93,138613986,27.66,27.77,26.34,27.19,91429104,2026-01-10T03:44:48Z
JPM,2009-01-29,16.77,17.93,16.66,17.64,88886819,25.43,27.18,25.25,26.74,58629300,2026-01-10T03:44:48Z
JPM,2009-01-30,16.83,17.8,16.23,17.02,113640576,25.51,26.98,24.6,25.81,74956896,2026-01-10T03:44:48Z
JPM,2009-02-02,16.62,16.94,16.06,16.49,78130342,25.2,25.68,24.35,25,51534400,2026-01-10T03:44:48Z
JPM,2009-02-03,15.86,16.79,15.63,16.51,100323270,24.05,25.45,23.7,25.03,66172900,2026-01-10T03:44:48Z
JPM,2009-02-04,15.86,16.82,15.66,15.99,83868854,24.04,25.5,23.74,24.25,55319600,2026-01-10T03:44:48Z
JPM,2009-02-05,16.19,16.7,14.83,15.66,120974858,24.54,25.32,22.49,23.74,79794600,2026-01-10T03:44:48Z
JPM,2009-02-06,18.22,18.34,16.69,16.83,116466537,27.63,27.8,25.3,25.51,76820704,2026-01-10T03:44:48Z
JPM,2009-02-09,17.99,18.45,17.35,17.58,82444464,27.28,27.97,26.3,26.65,54379800,2026-01-10T03:44:48Z
JPM,2009-02-10,16.24,18.21,16.03,17.72,139343024,24.62,27.61,24.3,26.86,91909800,2026-01-10T03:44:48Z
JPM,2009-02-11,17.21,17.56,16.58,16.66,98114947,26.09,26.62,25.14,25.25,64716000,2026-01-10T03:44:48Z
JPM,2009-02-12,17.27,17.3,15.94,16.72,122081838,26.19,26.22,24.17,25.35,80524600,2026-01-10T03:44:48Z
JPM,2009-02-13,16.29,17.08,16.27,16.66,88798125,24.69,25.89,24.66,25.25,58570800,2026-01-10T03:44:48Z
JPM,2009-02-17,14.28,15.3,14.28,15.04,138583381,21.65,23.2,21.65,22.8,91408704,2026-01-10T03:44:48Z
JPM,2009-02-18,14.19,14.71,13.85,14.63,125594402,21.51,22.3,21,22.18,82841504,2026-01-10T03:44:48Z
JPM,2009-02-19,13.59,14.71,13.55,14.56,100796536,20.6,22.3,20.54,22.07,66485100,2026-01-10T03:44:48Z
JPM,2009-02-20,13.13,13.85,12.37,13,206067679,19.9,21,18.75,19.71,135920800,2026-01-10T03:44:48Z
JPM,2009-02-23,12.87,14.22,12.85,13.79,153933529,19.51,21.56,19.48,20.9,101533800,2026-01-10T03:44:48Z
JPM,2009-02-24,13.86,13.92,12.51,13.28,282528722,21.02,21.1,18.96,20.13,186354704,2026-01-10T03:44:48Z
JPM,2009-02-25,14.33,15.32,13.27,13.74,205815370,21.73,23.22,20.12,20.83,135754800,2026-01-10T03:44:48Z
JPM,2009-02-26,15.2,15.95,15.04,15.38,189522976,23.05,24.18,22.8,23.32,125008704,2026-01-10T03:44:48Z
JPM,2009-02-27,15.07,15.57,14.21,14.27,166558609,22.85,23.6,21.55,21.63,109860896,2026-01-10T03:44:48Z
JPM,2009-03-02,13.96,14.79,13.9,14.31,143995490,21.16,22.43,21.07,21.7,94978496,2026-01-10T03:44:48Z
JPM,2009-03-03,13.86,14.45,13.59,14.3,129750441,21.01,21.9,20.6,21.68,85582800,2026-01-10T03:44:48Z
JPM,2009-03-04,12.73,14.34,12.4,14.34,219795334,19.3,21.74,18.8,21.74,144976096,2026-01-10T03:44:48Z
JPM,2009-03-05,10.95,12.53,10.58,12.2,233165027,16.6,19,16.04,18.5,153794800,2026-01-10T03:44:48Z
JPM,2009-03-06,10.51,11.65,9.87,11.34,235201456,15.93,17.67,14.96,17.19,155136992,2026-01-10T03:44:48Z
JPM,2009-03-09,10.49,11.4,9.91,10.14,201422229,15.9,17.29,15.02,15.37,132857600,2026-01-10T03:44:48Z
JPM,2009-03-10,12.86,12.86,11.3,11.44,225913691,19.5,19.5,17.13,17.35,149011504,2026-01-10T03:44:48Z
JPM,2009-03-11,13.46,13.79,12.61,13.42,235673916,20.4,20.91,19.12,20.35,155448896,2026-01-10T03:44:48Z
JPM,2009-03-12,15.3,15.39,13.19,13.29,230360671,23.2,23.33,20,20.15,151944704,2026-01-10T03:44:48Z
JPM,2009-03-13,15.67,16.05,15.11,15.56,182637916,23.75,24.33,22.91,23.59,120467200,2026-01-10T03:44:48Z
JPM,2009-03-16,15.23,16.67,15.14,16.04,189544809,23.09,25.27,22.96,24.31,125022400,2026-01-10T03:44:48Z
JPM,2009-03-17,16.58,16.64,14.69,15.37,151497381,25.14,25.22,22.27,23.3,99926800,2026-01-10T03:44:48Z
JPM,2009-03-18,17.88,18.03,15.95,16.37,215458990,27.11,27.33,24.18,24.82,142115504,2026-01-10T03:44:48Z
JPM,2009-03-19,16.46,18.08,16.22,17.97,189397536,24.95,27.41,24.59,27.25,124925696,2026-01-10T03:44:48Z
JPM,2009-03-20,15.27,16.34,15.27,16.27,165162366,23.15,24.78,23.15,24.66,108940096,2026-01-10T03:44:48Z
JPM,2009-03-23,19.04,19.24,16.58,16.69,222572619,28.86,29.17,25.13,25.3,146807696,2026-01-10T03:44:48Z
JPM,2009-03-24,17.41,19.33,17.28,18.5,201953107,26.4,29.3,26.2,28.05,133207200,2026-01-10T03:44:48Z
JPM,2009-03-25,18.84,18.94,17.1,17.93,226612789,28.56,28.71,25.93,27.19,149472400,2026-01-10T03:44:48Z
JPM,2009-03-26,19.19,19.52,18.24,19.16,202699546,29.1,29.6,27.65,29.05,133699504,2026-01-10T03:44:48Z
JPM,2009-03-27,18.07,19.26,17.99,18.65,164629669,27.4,29.2,27.28,28.27,108588896,2026-01-10T03:44:48Z
JPM,2009-03-30,16.39,17.39,16.34,16.93,158945455,24.85,26.37,24.78,25.67,104839400,2026-01-10T03:44:48Z
JPM,2009-03-31,17.53,17.88,16.39,16.97,127789122,26.58,27.1,24.85,25.73,84288896,2026-01-10T03:44:48Z
JPM,2009-04-01,18.56,18.65,16.68,16.68,160670729,28.14,28.28,25.29,25.29,105977600,2026-01-10T03:44:48Z
JPM,2009-04-02,18.61,19.61,18.11,19.55,199505237,28.16,29.67,27.41,29.58,131826496,2026-01-10T03:44:48Z
JPM,2009-04-03,19.35,19.35,18.17,18.49,122464391,29.28,29.28,27.5,27.98,80920600,2026-01-10T03:44:48Z
JPM,2009-04-06,18.63,19.1,18.29,18.68,109220691,28.2,28.9,27.68,28.27,72169696,2026-01-10T03:44:48Z
JPM,2009-04-07,18.01,18.54,17.85,18.03,111405691,27.25,28.05,27.01,27.28,73613200,2026-01-10T03:44:48Z
JPM,2009-04-08,18.12,18.39,17.52,18.14,100675534,27.43,27.83,26.51,27.45,66523300,2026-01-10T03:44:48Z
JPM,2009-04-09,21.64,21.86,19.95,20.11,223800446,32.75,33.09,30.2,30.44,147880496,2026-01-10T03:44:48Z
JPM,2009-04-13,22.27,22.57,21.02,21.15,166683336,33.7,34.15,31.81,32.01,110139104,2026-01-10T03:44:48Z
JPM,2009-04-14,20.29,21.97,20.25,21.83,165745885,30.7,33.25,30.65,33.04,109519696,2026-01-10T03:44:48Z
JPM,2009-04-15,21.51,21.79,20,20.23,163406565,32.56,32.97,30.27,30.62,107973800,2026-01-10T03:44:48Z
JPM,2009-04-16,21.96,22.47,21.38,22.47,201176155,33.24,34.01,32.36,34.01,132931200,2026-01-10T03:44:48Z
JPM,2009-04-17,21.98,22.45,21.5,22.04,158838095,33.26,33.98,32.53,33.35,104955400,2026-01-10T03:44:48Z
JPM,2009-04-20,19.62,21.42,19.59,21,165475481,29.69,32.42,29.64,31.78,109340896,2026-01-10T03:44:48Z
JPM,2009-04-21,21.49,21.75,19.08,19.21,174980618,32.53,32.91,28.87,29.07,115621696,2026-01-10T03:44:48Z
JPM,2009-04-22,21.08,22.56,20.7,20.91,187758774,31.9,34.14,31.32,31.64,124065000,2026-01-10T03:44:48Z
JPM,2009-04-23,21.94,22.3,20.92,21.3,135226009,33.21,33.75,31.66,32.23,89353000,2026-01-10T03:44:48Z
JPM,2009-04-24,22.06,22.8,21.31,22.23,177202689,33.38,34.5,32.25,33.64,117090200,2026-01-10T03:44:48Z
JPM,2009-04-27,21.66,22.31,21.41,21.49,102658459,32.78,33.77,32.4,32.52,67833504,2026-01-10T03:44:48Z
JPM,2009-04-28,21.67,22.28,21.33,21.38,99574818,32.79,33.72,32.28,32.35,65795900,2026-01-10T03:44:48Z
JPM,2009-04-29,22.78,22.84,21.97,22.1,128212655,34.48,34.56,33.25,33.44,84718896,2026-01-10T03:44:48Z
JPM,2009-04-30,21.81,23.27,21.64,23.13,143042867,33,35.21,32.75,35.01,94518400,2026-01-10T03:44:48Z
JPM,2009-05-01,21.47,22.31,21.18,21.71,103275215,32.49,33.77,32.06,32.85,68241104,2026-01-10T03:44:48Z
JPM,2009-05-04,23.65,23.77,21.74,21.84,152714486,35.79,35.98,32.9,33.06,100908896,2026-01-10T03:44:48Z
JPM,2009-05-05,23.01,23.75,22.77,23.42,96090517,34.82,35.95,34.46,35.45,63493700,2026-01-10T03:44:48Z
JPM,2009-05-06,24.59,24.68,23.5,23.67,155241688,37.22,37.35,35.56,35.82,102578800,2026-01-10T03:44:48Z
JPM,2009-05-07,23.29,25.59,22.95,25.44,171294670,35.24,38.72,34.73,38.5,113186200,2026-01-10T03:44:48Z
JPM,2009-05-08,25.73,25.73,23.92,24.32,166487508,38.94,38.94,36.2,36.8,110009600,2026-01-10T03:44:48Z
JPM,2009-05-11,23.68,25.23,23.68,24.68,131352402,35.83,38.18,35.83,37.35,86793400,2026-01-10T03:44:48Z
JPM,2009-05-12,23.36,23.96,22.51,23.95,142473346,35.36,36.26,34.06,36.24,94142000,2026-01-10T03:44:48Z
JPM,2009-05-13,22.5,23.3,22.25,22.93,124309311,34.05,35.27,33.68,34.7,82139800,2026-01-10T03:44:48Z
JPM,2009-05-14,23.48,23.54,22.35,22.55,104067510,35.54,35.62,33.82,34.12,68764496,2026-01-10T03:44:48Z
JPM,2009-05-15,23.07,23.58,22.73,23.42,103252774,34.91,35.68,34.4,35.45,68226096,2026-01-10T03:44:48Z
JPM,2009-05-18,24.62,24.68,23.26,23.6,108534834,37.26,37.35,35.2,35.71,71716304,2026-01-10T03:44:48Z
JPM,2009-05-19,23.66,24.9,23.64,24.65,90568565,35.81,37.68,35.77,37.3,59844800,2026-01-10T03:44:48Z
JPM,2009-05-20,22.83,24.29,22.64,24.19,116652108,34.55,36.76,34.26,36.61,77080200,2026-01-10T03:44:48Z
JPM,2009-05-21,23.06,23.36,22.25,22.59,98460598,34.9,35.36,33.67,34.19,65059600,2026-01-10T03:44:48Z
JPM,2009-05-22,22.74,23.32,22.74,23.3,59367541,34.41,35.3,34.41,35.26,39228300,2026-01-10T03:44:48Z
JPM,2009-05-26,24.14,24.16,22.55,22.55,99091659,36.54,36.56,34.12,34.12,65476700,2026-01-10T03:44:48Z
JPM,2009-05-27,22.9,24.26,22.9,24.12,115603152,34.66,36.72,34.66,36.5,76386800,2026-01-10T03:44:48Z
JPM,2009-05-28,24.22,24.23,22.86,23.22,100041412,36.65,36.67,34.6,35.14,66104300,2026-01-10T03:44:48Z
JPM,2009-05-29,24.38,24.5,23.58,24.02,93736447,36.9,37.07,35.68,36.35,61938200,2026-01-10T03:44:48Z
JPM,2009-06-01,23.86,24.93,23.64,24.71,136384861,36.11,37.73,35.77,37.4,90119000,2026-01-10T03:44:48Z
JPM,2009-06-02,22.8,23.47,22.76,23.17,241162507,34.5,35.52,34.45,35.07,159352496,2026-01-10T03:44:48Z
JPM,2009-06-03,22.45,23.11,22.23,22.73,109106812,33.98,34.97,33.65,34.4,72094304,2026-01-10T03:44:48Z
JPM,2009-06-04,23.36,23.42,22.62,22.73,107358770,35.35,35.44,34.23,34.4,70939400,2026-01-10T03:44:48Z
JPM,2009-06-05,22.83,23.63,22.8,23.6,93174040,34.55,35.76,34.5,35.72,61566600,2026-01-10T03:44:48Z
JPM,2009-06-08,23.38,23.61,22.83,22.83,93233249,35.39,35.73,34.55,34.55,61605600,2026-01-10T03:44:48Z
JPM,2009-06-09,23.3,23.64,23.19,23.6,89253027,35.26,35.78,35.09,35.72,58975600,2026-01-10T03:44:48Z
JPM,2009-06-10,23.02,23.57,22.71,23.5,91073401,34.84,35.67,34.37,35.57,60178500,2026-01-10T03:44:48Z
JPM,2009-06-11,23.09,23.7,22.82,23.17,100709340,34.94,35.87,34.54,35.07,66545700,2026-01-10T03:44:48Z
JPM,2009-06-12,23.21,23.42,23,23.03,62287771,35.13,35.44,34.8,34.86,41157800,2026-01-10T03:44:48Z
JPM,2009-06-15,22.47,23.15,22.42,23.05,83786637,34,35.04,33.93,34.88,55363500,2026-01-10T03:44:48Z
JPM,2009-06-16,22.14,22.72,22.06,22.64,85249009,33.5,34.39,33.38,34.27,56330000,2026-01-10T03:44:48Z
JPM,2009-06-17,21.63,22.15,21.26,22.09,99049748,32.73,33.52,32.18,33.43,65449100,2026-01-10T03:44:48Z
JPM,2009-06-18,22.58,22.67,21.7,21.71,96646983,34.17,34.31,32.84,32.85,63861400,2026-01-10T03:44:48Z
JPM,2009-06-19,23.13,23.21,22.33,22.9,116544585,35,35.12,33.79,34.65,77009000,2026-01-10T03:44:48Z
JPM,2009-06-22,21.72,23.13,21.71,22.92,106532128,32.87,35,32.86,34.69,70393200,2026-01-10T03:44:48Z
JPM,2009-06-23,22.18,22.53,21.76,21.88,89360339,33.57,34.09,32.93,33.11,59046500,2026-01-10T03:44:48Z
JPM,2009-06-24,22.11,22.42,21.85,22.32,76326776,33.46,33.93,33.07,33.78,50434300,2026-01-10T03:44:48Z
JPM,2009-06-25,22.56,22.59,21.68,22.12,86574639,34.14,34.18,32.81,33.48,57205700,2026-01-10T03:44:48Z
JPM,2009-06-26,22.76,22.95,22.12,22.39,70709255,34.45,34.74,33.48,33.88,46722500,2026-01-10T03:44:48Z
JPM,2009-06-29,22.86,22.93,22.49,22.83,52839506,34.6,34.7,34.04,34.55,34914700,2026-01-10T03:44:48Z
JPM,2009-06-30,22.54,22.99,22.38,22.86,59734274,34.11,34.79,33.87,34.6,39470500,2026-01-10T03:44:48Z
JPM,2009-07-01,22.35,22.88,22.27,22.68,55111670,33.77,34.57,33.65,34.27,36469500,2026-01-10T03:44:48Z
JPM,2009-07-02,21.35,22.35,21.35,22.08,57956584,32.27,33.77,32.27,33.36,38352100,2026-01-10T03:44:48Z
JPM,2009-07-06,21.57,21.57,20.9,21.2,91673409,32.6,32.6,31.59,32.03,60663900,2026-01-10T03:44:48Z
JPM,2009-07-07,21.71,22.1,21.26,21.59,85690813,32.81,33.4,32.13,32.63,56704800,2026-01-10T03:44:48Z
JPM,2009-07-08,21.65,22.16,21.04,21.79,108491771,32.71,33.49,31.79,32.93,71793296,2026-01-10T03:44:48Z
JPM,2009-07-09,22.25,22.33,21.75,21.77,62948433,33.62,33.75,32.87,32.89,41655500,2026-01-10T03:44:48Z
JPM,2009-07-10,21.4,22.28,21.32,22.04,77126018,32.34,33.67,32.21,33.31,51037200,2026-01-10T03:44:48Z
JPM,2009-07-13,22.97,22.97,21.46,21.75,106443594,34.71,34.71,32.43,32.87,70438000,2026-01-10T03:44:48Z
JPM,2009-07-14,22.96,23.22,22.54,22.85,79977155,34.7,35.09,34.06,34.53,52923900,2026-01-10T03:44:48Z
JPM,2009-07-15,23.99,24.33,23.17,23.23,127014112,36.26,36.77,35.01,35.11,84050000,2026-01-10T03:44:48Z
JPM,2009-07-16,23.91,24.09,23.31,23.49,107995893,36.13,36.41,35.22,35.5,71465000,2026-01-10T03:44:48Z
JPM,2009-07-17,24.41,24.62,23.94,24.1,93303137,36.89,37.2,36.18,36.42,61742200,2026-01-10T03:44:48Z
JPM,2009-07-20,24.47,24.78,24.21,24.5,65817963,36.98,37.44,36.59,37.02,43554300,2026-01-10T03:44:48Z
JPM,2009-07-21,24.44,24.69,24.22,24.62,65763493,36.94,37.31,36.6,37.2,43518200,2026-01-10T03:44:48Z
JPM,2009-07-22,24.37,24.7,23.96,24.09,60662557,36.83,37.33,36.21,36.4,40142700,2026-01-10T03:44:48Z
JPM,2009-07-23,25.25,25.46,24.2,24.45,85436856,38.15,38.47,36.57,36.95,56536800,2026-01-10T03:44:48Z
JPM,2009-07-24,25.09,25.31,24.75,25.18,53392891,37.92,38.25,37.4,38.05,35332100,2026-01-10T03:44:48Z
JPM,2009-07-27,25.23,26.12,24.86,25.13,46074375,38.13,39.47,37.57,37.97,30489200,2026-01-10T03:44:48Z
JPM,2009-07-28,25.2,25.28,24.91,24.97,43878064,38.08,38.2,37.65,37.74,29035800,2026-01-10T03:44:48Z
JPM,2009-07-29,24.99,25.3,24.78,25.01,45236078,37.77,38.24,37.44,37.79,29934500,2026-01-10T03:44:48Z
JPM,2009-07-30,25.46,25.99,25.08,25.23,58222500,38.47,39.28,37.9,38.13,38528100,2026-01-10T03:44:48Z
JPM,2009-07-31,25.58,25.58,25.1,25.4,59070751,38.65,38.65,37.93,38.38,39089400,2026-01-10T03:44:48Z
JPM,2009-08-03,26.2,26.3,25.8,25.89,64897999,39.6,39.75,38.99,39.12,42945600,2026-01-10T03:44:48Z
JPM,2009-08-04,26.61,26.8,25.92,25.99,65528920,40.21,40.5,39.17,39.27,43363000,2026-01-10T03:44:48Z
JPM,2009-08-05,27.65,27.93,26.64,26.7,95708614,41.78,42.2,40.26,40.34,63334000,2026-01-10T03:44:48Z
JPM,2009-08-06,26.97,28.1,26.61,27.98,81874316,40.75,42.46,40.22,42.28,54179500,2026-01-10T03:44:48Z
JPM,2009-08-07,28.03,28.54,27.25,27.32,99296124,42.36,43.13,41.18,41.28,65708200,2026-01-10T03:44:48Z
JPM,2009-08-10,28.25,28.6,27.8,27.81,66038963,42.69,43.22,42.01,42.03,43700500,2026-01-10T03:44:48Z
JPM,2009-08-11,27.29,28.13,27.09,27.98,76615298,41.24,42.51,40.94,42.28,50699300,2026-01-10T03:44:48Z
JPM,2009-08-12,27.93,28.09,27.15,27.26,65096672,42.21,42.45,41.03,41.19,43077000,2026-01-10T03:44:48Z
JPM,2009-08-13,28.39,28.45,27.67,28.28,61028906,42.9,43,41.81,42.73,40385200,2026-01-10T03:44:48Z
JPM,2009-08-14,28.09,28.36,27.66,28.21,58060701,42.45,42.85,41.8,42.63,38421000,2026-01-10T03:44:48Z
JPM,2009-08-17,26.95,27.52,26.94,27.27,59181551,40.73,41.58,40.71,41.21,39162700,2026-01-10T03:44:48Z
JPM,2009-08-18,27.59,27.71,27.17,27.2,43904800,41.7,41.88,41.06,41.1,29053500,2026-01-10T03:44:48Z
JPM,2009-08-19,27.4,27.73,27.13,27.23,44419344,41.41,41.9,41,41.15,29394000,2026-01-10T03:44:48Z
JPM,2009-08-20,28.07,28.21,27.45,27.48,44790266,42.42,42.63,41.48,41.53,29639500,2026-01-10T03:44:48Z
JPM,2009-08-21,28.89,28.99,28.14,28.36,64774081,43.66,43.81,42.53,42.86,42863500,2026-01-10T03:44:48Z
JPM,2009-08-24,28.46,29.27,28.42,29.02,61026163,43.01,44.24,42.95,43.86,40383400,2026-01-10T03:44:48Z
JPM,2009-08-25,28.84,29.21,28.65,28.71,52642484,43.58,44.14,43.3,43.39,34835600,2026-01-10T03:44:48Z
JPM,2009-08-26,28.65,28.97,28.4,28.71,48218855,43.3,43.78,42.92,43.39,31908300,2026-01-10T03:44:48Z
JPM,2009-08-27,28.75,28.87,28.15,28.49,43786990,43.45,43.63,42.54,43.05,28975600,2026-01-10T03:44:48Z
JPM,2009-08-28,28.4,29.02,28.13,28.99,41208295,42.92,43.86,42.51,43.81,27269100,2026-01-10T03:44:48Z
JPM,2009-08-31,28.76,28.85,27.83,28.08,48736698,43.46,43.6,42.06,42.44,32251000,2026-01-10T03:44:48Z
JPM,2009-09-01,27.57,29,27.5,28.51,77787815,41.67,43.82,41.56,43.08,51475300,2026-01-10T03:44:48Z
JPM,2009-09-02,27.04,27.87,26.97,27.47,54248690,40.86,42.11,40.75,41.51,35898400,2026-01-10T03:44:48Z
JPM,2009-09-03,27.87,27.96,27.2,27.28,52933008,42.11,42.25,41.11,41.23,35027800,2026-01-10T03:44:48Z
JPM,2009-09-04,28.02,28.12,27.65,28.01,33064582,42.34,42.49,41.79,42.33,21880100,2026-01-10T03:44:48Z
JPM,2009-09-08,28.15,28.48,27.69,28.32,42456282,42.54,43.04,41.85,42.79,28095000,2026-01-10T03:44:48Z
JPM,2009-09-09,28.36,28.5,28.05,28.19,43883215,42.86,43.07,42.39,42.6,29039200,2026-01-10T03:44:48Z
JPM,2009-09-10,28.47,28.55,27.93,28.28,37955313,43.02,43.15,42.2,42.73,25116500,2026-01-10T03:44:48Z
JPM,2009-09-11,28.12,28.71,28.11,28.54,41249358,42.5,43.39,42.48,43.13,27296300,2026-01-10T03:44:48Z
JPM,2009-09-14,28.95,29.02,27.8,27.85,43748641,43.75,43.85,42.01,42.08,28950200,2026-01-10T03:44:48Z
JPM,2009-09-15,28.58,29.25,28.16,28.86,75541430,43.19,44.2,42.55,43.61,49988700,2026-01-10T03:44:48Z
JPM,2009-09-16,29.55,29.57,28.59,28.69,58471183,44.65,44.68,43.21,43.35,38692600,2026-01-10T03:44:48Z
JPM,2009-09-17,29.75,29.85,29.25,29.31,53957197,44.96,45.11,44.2,44.29,35705600,2026-01-10T03:44:48Z
JPM,2009-09-18,29.75,30,29.58,29.94,59684345,44.95,45.34,44.7,45.24,39495500,2026-01-10T03:44:48Z
JPM,2009-09-21,29.48,29.65,29.26,29.47,36373673,44.55,44.8,44.22,44.54,24069900,2026-01-10T03:44:48Z
JPM,2009-09-22,30.75,30.76,29.43,29.65,62196300,46.47,46.49,44.48,44.81,41157700,2026-01-10T03:44:48Z
JPM,2009-09-23,29.82,30.77,29.77,30.7,52063206,45.06,46.5,44.98,46.4,34452300,2026-01-10T03:44:48Z
JPM,2009-09-24,29.36,30.31,29.29,29.92,63818794,44.37,45.8,44.26,45.21,42231300,2026-01-10T03:44:48Z
JPM,2009-09-25,28.88,29.3,28.68,29.22,46938763,43.65,44.28,43.34,44.15,31061200,2026-01-10T03:44:48Z
JPM,2009-09-28,29.65,29.67,28.91,29.1,39027505,44.81,44.83,43.69,43.97,25826000,2026-01-10T03:44:48Z
JPM,2009-09-29,29.7,29.91,29.4,29.71,36163108,44.88,45.2,44.43,44.89,23930500,2026-01-10T03:44:48Z
JPM,2009-09-30,29,29.71,28.74,29.65,61812742,43.82,44.89,43.43,44.8,40903900,2026-01-10T03:44:48Z
JPM,2009-10-01,27.38,28.82,27.37,28.72,76323104,41.37,43.56,41.36,43.4,50505900,2026-01-10T03:44:48Z
JPM,2009-10-02,27.73,28.09,26.85,27.05,64995679,41.86,42.4,40.53,40.82,43062200,2026-01-10T03:44:48Z
JPM,2009-10-05,29.02,29.11,28.06,28.14,51974766,43.8,43.93,42.35,42.48,34435300,2026-01-10T03:44:48Z
JPM,2009-10-06,29.75,29.81,29.2,29.39,62947743,44.91,45,44.07,44.36,41705300,2026-01-10T03:44:48Z
JPM,2009-10-07,30.28,30.36,29.46,29.55,54560593,45.7,45.82,44.46,44.6,36148600,2026-01-10T03:44:48Z
JPM,2009-10-08,30.01,30.77,29.85,30.5,55283716,45.3,46.44,45.05,46.04,36627600,2026-01-10T03:44:48Z
JPM,2009-10-09,30.38,30.44,29.87,30.12,39294459,45.85,45.94,45.08,45.46,26034100,2026-01-10T03:44:48Z
JPM,2009-10-12,30.53,30.75,30.05,30.72,36557089,46.08,46.42,45.35,46.37,24220500,2026-01-10T03:44:48Z
JPM,2009-10-13,30.25,30.5,29.5,30.25,68979629,45.66,46.03,44.53,45.65,45701800,2026-01-10T03:44:48Z
JPM,2009-10-14,31.25,31.45,30.89,31.27,106210293,47.16,47.47,46.63,47.19,70368600,2026-01-10T03:44:48Z
JPM,2009-10-15,31.25,31.35,30.71,30.71,54496156,47.16,47.32,46.36,46.36,36105900,2026-01-10T03:44:48Z
JPM,2009-10-16,30.52,31.06,30.48,30.94,56538308,46.06,46.88,46,46.7,37458900,2026-01-10T03:44:48Z
JPM,2009-10-19,30.46,30.76,30.11,30.75,45907098,45.98,46.43,45.45,46.42,30415300,2026-01-10T03:44:48Z
JPM,2009-10-20,30.5,30.87,30.32,30.35,46214288,46.03,46.59,45.77,45.81,30618800,2026-01-10T03:44:48Z
JPM,2009-10-21,29.58,30.75,29.58,30.49,49795503,44.65,46.42,44.65,46.02,32991500,2026-01-10T03:44:48Z
JPM,2009-10-22,30.28,30.39,29.7,29.76,48900296,45.71,45.87,44.83,44.92,32398400,2026-01-10T03:44:48Z
JPM,2009-10-23,29.97,30.61,29.79,30.28,41717308,45.23,46.2,44.96,45.7,27639400,2026-01-10T03:44:48Z
JPM,2009-10-26,29.03,29.95,28.85,29.89,63521305,43.82,45.21,43.55,45.12,42085400,2026-01-10T03:44:48Z
JPM,2009-10-27,29.09,29.59,28.93,29.14,57485146,43.9,44.66,43.67,43.99,38086200,2026-01-10T03:44:48Z
JPM,2009-10-28,28.28,29.03,28.16,28.97,68945891,42.68,43.81,42.5,43.73,45679400,2026-01-10T03:44:48Z
JPM,2009-10-29,29.38,29.42,28.33,28.64,54183232,44.35,44.4,42.76,43.22,35898500,2026-01-10T03:44:48Z
JPM,2009-10-30,27.67,29.13,27.65,29.12,88830854,41.77,43.97,41.73,43.95,58854000,2026-01-10T03:44:48Z
JPM,2009-11-02,28.21,28.39,27.51,27.95,67325123,42.58,42.85,41.52,42.18,44605500,2026-01-10T03:44:48Z
JPM,2009-11-03,28.29,28.46,27.81,27.89,44346396,42.7,42.96,41.98,42.09,29381200,2026-01-10T03:44:48Z
JPM,2009-11-04,27.97,28.95,27.91,28.63,64220604,42.21,43.69,42.12,43.21,42548700,2026-01-10T03:44:48Z
JPM,2009-11-05,29.07,29.11,28.09,28.22,49647165,43.87,43.93,42.4,42.6,32893200,2026-01-10T03:44:48Z
JPM,2009-11-06,28.81,28.95,28.43,28.58,40971015,43.48,43.69,42.91,43.14,27144900,2026-01-10T03:44:48Z
JPM,2009-11-09,29.38,29.41,28.69,29.11,58631122,44.35,44.39,43.3,43.93,38845400,2026-01-10T03:44:48Z
JPM,2009-11-10,29.26,29.36,28.85,29.24,46759574,44.17,44.32,43.55,44.14,30980100,2026-01-10T03:44:48Z
JPM,2009-11-11,29.36,29.81,29.01,29.38,49317279,44.32,44.99,43.78,44.34,32674700,2026-01-10T03:44:48Z
JPM,2009-11-12,28.69,29.58,28.49,29.2,52306695,43.3,44.65,43,44.08,34655300,2026-01-10T03:44:48Z
JPM,2009-11-13,28.42,28.68,28.07,28.59,55325999,42.9,43.29,42.36,43.16,36655600,2026-01-10T03:44:48Z
JPM,2009-11-16,28.52,28.89,28.33,28.66,65710199,43.04,43.61,42.76,43.25,43535600,2026-01-10T03:44:48Z
JPM,2009-11-17,28.6,28.61,28.18,28.44,39031039,43.16,43.19,42.54,42.92,25859600,2026-01-10T03:44:48Z
JPM,2009-11-18,28.74,28.82,28.45,28.58,30827104,43.38,43.5,42.94,43.14,20424200,2026-01-10T03:44:48Z
JPM,2009-11-19,28.19,28.61,28,28.55,40576987,42.55,43.18,42.26,43.1,26883900,2026-01-10T03:44:48Z
JPM,2009-11-20,28.13,28.32,27.93,28.14,38235343,42.46,42.74,42.15,42.47,25332400,2026-01-10T03:44:48Z
JPM,2009-11-23,28.67,28.91,28.29,28.46,44994464,43.28,43.64,42.7,42.95,29810600,2026-01-10T03:44:48Z
