ticker,tradeDate,clsPx,hiPx,loPx,open,stockVolume,unadjClsPx,unadjHiPx,unadjLoPx,unadjOpen,unadjStockVolume,updatedAt
KLAC,2006-01-03,26.84,26.95,25.75,26.12,8213988,50.69,50.9,48.62,49.33,4349800,2026-02-21T03:46:04Z
KLAC,2006-01-04,26.63,26.98,26.46,26.74,6362068,50.29,50.94,49.97,50.49,3369100,2026-02-21T03:46:04Z
KLAC,2006-01-05,26.75,27.01,26.54,26.63,8034586,50.51,51.01,50.12,50.29,4254800,2026-02-21T03:46:04Z
KLAC,2006-01-06,27.54,27.54,26.81,26.95,7569686,52,52,50.62,50.9,4008600,2026-02-21T03:46:04Z
KLAC,2006-01-09,28.07,28.25,27.7,27.77,9492966,53.01,53.35,52.3,52.45,5027100,2026-02-21T03:46:04Z
KLAC,2006-01-10,27.94,28.06,27.64,27.77,4615715,52.77,52.99,52.2,52.43,2444300,2026-02-21T03:46:04Z
KLAC,2006-01-11,28.17,28.44,27.63,27.77,8978773,53.19,53.7,52.17,52.44,4754800,2026-02-21T03:46:04Z
KLAC,2006-01-12,27.87,28.44,27.7,27.97,9063544,52.62,53.7,52.31,52.82,4799700,2026-02-21T03:46:04Z
KLAC,2006-01-13,27.55,27.83,27.2,27.67,7209383,52.02,52.55,51.37,52.25,3817800,2026-02-21T03:46:04Z
KLAC,2006-01-17,27.44,27.59,27.16,27.28,7363850,51.81,52.1,51.28,51.51,3899600,2026-02-21T03:46:04Z
KLAC,2006-01-18,27.45,27.76,27.1,27.45,11746919,51.83,52.42,51.18,51.83,6220700,2026-02-21T03:46:04Z
KLAC,2006-01-19,28.38,28.72,28.15,28.2,9444827,53.6,54.24,53.15,53.25,5001600,2026-02-21T03:46:04Z
KLAC,2006-01-20,27.34,28.3,27.32,28.17,9159486,51.62,53.45,51.6,53.2,4850500,2026-02-21T03:46:04Z
KLAC,2006-01-23,27.42,27.84,27.26,27.54,5073649,51.77,52.57,51.47,52.01,2686800,2026-02-21T03:46:04Z
KLAC,2006-01-24,27.63,27.88,27.27,27.35,6928757,52.17,52.65,51.49,51.65,3669200,2026-02-21T03:46:04Z
KLAC,2006-01-25,27.7,27.84,27.17,27.74,9548109,52.31,52.57,51.3,52.38,5056300,2026-02-21T03:46:04Z
KLAC,2006-01-26,28.6,28.87,28.05,28.1,12726052,54.01,54.51,52.96,53.06,6739200,2026-02-21T03:46:04Z
KLAC,2006-01-27,28.69,29.14,28.36,29.08,14292789,54.18,55.03,53.56,54.92,7568900,2026-02-21T03:46:04Z
KLAC,2006-01-30,28.33,29.13,28.21,28.85,7594030,53.5,55,53.28,54.48,4021500,2026-02-21T03:46:04Z
KLAC,2006-01-31,27.53,28.25,27.14,28.24,17150481,51.98,53.34,51.26,53.33,9082200,2026-02-21T03:46:04Z
KLAC,2006-02-01,28.3,28.3,27.35,27.48,9042408,53.44,53.44,51.65,51.9,4788500,2026-02-21T03:46:04Z
KLAC,2006-02-02,27.88,28.56,27.58,28.23,8453414,52.64,53.93,52.08,53.3,4476600,2026-02-21T03:46:04Z
KLAC,2006-02-03,27.46,27.95,27.42,27.65,7464683,51.85,52.78,51.78,52.21,3953000,2026-02-21T03:46:04Z
KLAC,2006-02-06,27.91,28.14,27.29,27.32,6557143,52.71,53.14,51.54,51.59,3472400,2026-02-21T03:46:04Z
KLAC,2006-02-07,28.2,28.24,27.61,27.91,8557283,53.25,53.33,52.13,52.7,4531600,2026-02-21T03:46:04Z
KLAC,2006-02-08,28.52,28.6,28.01,28.33,6832276,53.85,54,52.89,53.5,3618100,2026-02-21T03:46:04Z
KLAC,2006-02-09,28.27,28.93,28.2,28.5,9146465,53.38,54.63,53.25,53.81,4843600,2026-02-21T03:46:04Z
KLAC,2006-02-10,28.05,28.32,27.6,28.24,7302476,52.96,53.47,52.12,53.33,3867100,2026-02-21T03:46:04Z
KLAC,2006-02-13,28.07,28.24,27.68,28.01,4638802,52.89,53.2,52.15,52.77,2462100,2026-02-21T03:46:04Z
KLAC,2006-02-14,28.31,28.48,27.9,28.11,7814975,53.34,53.65,52.56,52.97,4147900,2026-02-21T03:46:04Z
KLAC,2006-02-15,28.6,28.66,28,28.26,6799649,53.89,53.99,52.75,53.24,3609000,2026-02-21T03:46:04Z
KLAC,2006-02-16,28.46,28.97,28.13,28.87,8916227,53.63,54.59,53,54.39,4732400,2026-02-21T03:46:04Z
KLAC,2006-02-17,27.88,28.5,27.88,28.49,9696976,52.53,53.69,52.52,53.67,5146800,2026-02-21T03:46:04Z
KLAC,2006-02-21,27.07,27.96,26.81,27.93,10219632,51,52.68,50.51,52.63,5424200,2026-02-21T03:46:04Z
KLAC,2006-02-22,27.53,27.88,26.68,26.83,11632674,51.86,52.53,50.26,50.55,6174200,2026-02-21T03:46:04Z
KLAC,2006-02-23,27.56,27.99,27.52,27.66,11208966,51.93,52.74,51.84,52.12,5949300,2026-02-21T03:46:04Z
KLAC,2006-02-24,27.49,27.75,27.42,27.62,8799415,51.8,52.28,51.66,52.03,4670400,2026-02-21T03:46:04Z
KLAC,2006-02-27,27.58,27.74,27.33,27.34,5804673,51.97,52.27,51.5,51.52,3080900,2026-02-21T03:46:04Z
KLAC,2006-02-28,27.72,28.04,27.4,27.4,7486594,52.23,52.83,51.62,51.62,3973600,2026-02-21T03:46:04Z
KLAC,2006-03-01,28.75,28.76,27.76,27.76,7746401,54.16,54.19,52.3,52.3,4111500,2026-02-21T03:46:04Z
KLAC,2006-03-02,28.6,28.89,28.34,28.58,6128162,53.89,54.43,53.4,53.85,3252600,2026-02-21T03:46:04Z
KLAC,2006-03-03,27.98,28.49,27.95,28.15,7710226,52.71,53.68,52.65,53.04,4092300,2026-02-21T03:46:04Z
KLAC,2006-03-06,27.49,28.16,27.34,28.07,5592143,51.8,53.05,51.52,52.89,2968100,2026-02-21T03:46:04Z
KLAC,2006-03-07,26.8,27.49,26.63,27.42,7258613,50.49,51.8,50.17,51.66,3852600,2026-02-21T03:46:04Z
KLAC,2006-03-08,26.34,26.85,26.2,26.76,10471327,49.63,50.59,49.37,50.41,5557800,2026-02-21T03:46:04Z
KLAC,2006-03-09,26.29,26.73,26.17,26.46,8831622,49.53,50.37,49.3,49.85,4687500,2026-02-21T03:46:04Z
KLAC,2006-03-10,26.42,26.78,26.1,26.3,6985033,49.78,50.46,49.17,49.55,3707400,2026-02-21T03:46:04Z
KLAC,2006-03-13,26.41,26.95,26.3,26.51,5589304,49.76,50.78,49.55,49.94,2966600,2026-02-21T03:46:04Z
KLAC,2006-03-14,26.99,27.11,26.36,26.45,4271586,50.85,51.07,49.66,49.84,2267200,2026-02-21T03:46:04Z
KLAC,2006-03-15,27.06,27.19,26.69,26.96,4772751,50.98,51.23,50.29,50.8,2533200,2026-02-21T03:46:04Z
KLAC,2006-03-16,25.83,27.05,25.83,27.02,9450181,48.67,50.96,48.66,50.9,5015800,2026-02-21T03:46:04Z
KLAC,2006-03-17,26.06,26.11,25.36,25.72,12748986,49.1,49.19,47.77,48.46,6766700,2026-02-21T03:46:04Z
KLAC,2006-03-20,26.27,26.28,25.92,26.16,4650468,49.49,49.52,48.84,49.29,2468300,2026-02-21T03:46:04Z
KLAC,2006-03-21,26.1,26.88,26.09,26.21,8438237,49.18,50.65,49.15,49.38,4478700,2026-02-21T03:46:04Z
KLAC,2006-03-22,25.96,26.12,25.52,25.83,9483526,48.92,49.22,48.09,48.67,5033500,2026-02-21T03:46:04Z
KLAC,2006-03-23,25.95,26.26,25.77,25.89,5442166,48.89,49.48,48.56,48.77,2888500,2026-02-21T03:46:04Z
KLAC,2006-03-24,26.25,26.27,25.7,26,5519043,49.46,49.49,48.43,48.98,2929300,2026-02-21T03:46:04Z
KLAC,2006-03-27,26.04,26.47,25.99,26.28,5305010,49.06,49.88,48.96,49.51,2815700,2026-02-21T03:46:04Z
KLAC,2006-03-28,25.58,26.27,25.53,26.07,5908469,48.2,49.5,48.1,49.11,3136000,2026-02-21T03:46:04Z
KLAC,2006-03-29,26.23,26.38,25.58,25.68,5672212,49.42,49.71,48.2,48.39,3010600,2026-02-21T03:46:04Z
KLAC,2006-03-30,26.11,26.49,25.79,26.21,6826972,49.19,49.91,48.59,49.38,3623500,2026-02-21T03:46:04Z
KLAC,2006-03-31,25.67,26.43,25.58,26.25,5615500,48.36,49.8,48.19,49.45,2980500,2026-02-21T03:46:04Z
KLAC,2006-04-03,25.63,26.26,25.42,25.81,8890800,48.29,49.47,47.89,48.62,4718900,2026-02-21T03:46:04Z
KLAC,2006-04-04,25.25,25.81,25.23,25.68,7307215,47.57,48.63,47.53,48.39,3878400,2026-02-21T03:46:04Z
KLAC,2006-04-05,25.92,26.03,25.25,25.31,6757055,48.84,49.05,47.57,47.69,3586400,2026-02-21T03:46:04Z
KLAC,2006-04-06,26.07,26.32,25.8,25.8,4731297,49.12,49.59,48.6,48.6,2511200,2026-02-21T03:46:04Z
KLAC,2006-04-07,25.27,26.12,25.14,26.11,8175785,47.61,49.22,47.37,49.2,4339400,2026-02-21T03:46:04Z
KLAC,2006-04-10,24.86,25.27,24.73,25,7024803,46.84,47.62,46.6,47.11,3728500,2026-02-21T03:46:04Z
KLAC,2006-04-11,24.31,25.08,24.21,24.98,9374822,45.8,47.25,45.61,47.06,4975800,2026-02-21T03:46:04Z
KLAC,2006-04-12,24.68,25.05,24.49,24.5,9378000,46.5,47.2,46.14,46.16,4977500,2026-02-21T03:46:04Z
KLAC,2006-04-13,25.17,25.5,24.9,24.95,8805806,47.42,48.05,46.91,47.01,4673800,2026-02-21T03:46:04Z
KLAC,2006-04-17,24.56,25.43,24.37,25.21,7413104,46.28,47.91,45.92,47.5,3934600,2026-02-21T03:46:04Z
KLAC,2006-04-18,25.51,25.55,24.59,24.65,8588004,48.06,48.13,46.32,46.44,4558200,2026-02-21T03:46:04Z
KLAC,2006-04-19,25.82,25.88,25.29,25.62,7760152,48.64,48.75,47.65,48.28,4118800,2026-02-21T03:46:04Z
KLAC,2006-04-20,26.27,26.31,25.48,25.56,10194933,49.5,49.57,48,48.16,5411100,2026-02-21T03:46:04Z
KLAC,2006-04-21,25.96,26.48,25.75,26.46,10609262,48.91,49.9,48.51,49.86,5631000,2026-02-21T03:46:04Z
KLAC,2006-04-24,25.77,25.94,25.34,25.93,5757381,48.55,48.87,47.74,48.86,3055800,2026-02-21T03:46:04Z
KLAC,2006-04-25,25.89,25.9,25.43,25.88,6801155,48.77,48.8,47.91,48.75,3609800,2026-02-21T03:46:04Z
KLAC,2006-04-26,26.23,26.27,25.68,25.85,8168996,49.42,49.5,48.38,48.71,4335800,2026-02-21T03:46:04Z
KLAC,2006-04-27,26.09,26.51,25.74,26.04,12352409,49.16,49.95,48.49,49.07,6556200,2026-02-21T03:46:04Z
KLAC,2006-04-28,25.56,26.52,25.49,25.83,12671779,48.16,49.96,48.03,48.66,6725700,2026-02-21T03:46:04Z
KLAC,2006-05-01,25.15,25.61,25.06,25.51,6902530,47.38,48.25,47.22,48.06,3663600,2026-02-21T03:46:04Z
KLAC,2006-05-02,25.4,25.45,25.01,25.26,7279148,47.86,47.95,47.12,47.6,3863500,2026-02-21T03:46:04Z
KLAC,2006-05-03,26.28,26.38,25.37,25.45,9862776,49.52,49.71,47.8,47.94,5234800,2026-02-21T03:46:04Z
KLAC,2006-05-04,26.56,27.33,26.14,26.3,10700063,50.05,51.49,49.24,49.56,5679200,2026-02-21T03:46:04Z
KLAC,2006-05-05,26.75,27.06,26.55,26.86,8375504,50.39,50.98,50.03,50.61,4445400,2026-02-21T03:46:04Z
KLAC,2006-05-08,26.26,26.89,26.25,26.72,5250941,49.48,50.67,49.46,50.34,2787000,2026-02-21T03:46:04Z
KLAC,2006-05-09,26.1,26.29,25.6,26.24,6288309,49.17,49.53,48.23,49.44,3337600,2026-02-21T03:46:04Z
KLAC,2006-05-10,25.62,26.11,25.51,26.1,6413793,48.27,49.19,48.06,49.17,3404200,2026-02-21T03:46:04Z
KLAC,2006-05-11,25.04,25.68,24.74,25.62,9528146,47.06,48.27,46.49,48.16,5069800,2026-02-21T03:46:04Z
KLAC,2006-05-12,24.81,25.35,24.76,25.09,7535826,46.62,47.65,46.53,47.15,4009700,2026-02-21T03:46:04Z
KLAC,2006-05-15,24.45,25.07,24.19,24.71,9493222,45.95,47.12,45.47,46.44,5051200,2026-02-21T03:46:04Z
KLAC,2006-05-16,24.43,24.81,24.17,24.44,5872168,45.92,46.63,45.42,45.93,3124500,2026-02-21T03:46:04Z
KLAC,2006-05-17,24.01,24.7,23.74,24.24,10302854,45.12,46.43,44.61,45.55,5482000,2026-02-21T03:46:04Z
KLAC,2006-05-18,23.72,24.28,23.71,24.05,6339199,44.58,45.63,44.56,45.19,3373000,2026-02-21T03:46:04Z
KLAC,2006-05-19,24.07,24.18,23.59,23.91,10289302,45.24,45.44,44.33,44.94,5474800,2026-02-21T03:46:04Z
KLAC,2006-05-22,21.57,22.82,21.55,22.69,25588303,40.54,42.88,40.5,42.65,13615200,2026-02-21T03:46:04Z
KLAC,2006-05-23,20.79,21.82,20.76,21.68,21036448,39.07,41,39.02,40.74,11193200,2026-02-21T03:46:04Z
KLAC,2006-05-24,20.98,21.29,20.58,20.9,22915148,39.43,40.01,38.67,39.28,12192800,2026-02-21T03:46:04Z
KLAC,2006-05-25,21.29,21.54,21.15,21.5,15996518,40.01,40.49,39.75,40.41,8511500,2026-02-21T03:46:04Z
KLAC,2006-05-26,21.61,21.62,21.28,21.44,9594891,40.62,40.64,40,40.29,5105300,2026-02-21T03:46:04Z
KLAC,2006-05-30,21.61,21.96,21.45,21.66,13149010,40.61,41.27,40.31,40.7,6996400,2026-02-21T03:46:04Z
KLAC,2006-05-31,21.84,21.97,21.51,21.67,10423131,41.04,41.29,40.43,40.72,5546000,2026-02-21T03:46:04Z
KLAC,2006-06-01,22.45,22.45,21.72,21.75,9456181,42.19,42.19,40.82,40.88,5031500,2026-02-21T03:46:04Z
KLAC,2006-06-02,22.34,22.66,21.88,22.66,7239428,41.99,42.58,41.12,42.58,3852000,2026-02-21T03:46:04Z
KLAC,2006-06-05,21.7,22.38,21.64,22.21,6522807,40.78,42.06,40.68,41.74,3470700,2026-02-21T03:46:04Z
KLAC,2006-06-06,21.94,22.14,21.62,21.75,7860949,41.23,41.61,40.64,40.88,4182700,2026-02-21T03:46:04Z
KLAC,2006-06-07,21.65,22.21,21.64,21.92,6115734,40.69,41.75,40.67,41.2,3254100,2026-02-21T03:46:04Z
KLAC,2006-06-08,21.88,22.02,21.26,21.71,11569744,41.13,41.39,39.96,40.8,6156100,2026-02-21T03:46:04Z
KLAC,2006-06-09,21.58,22.32,21.41,21.96,6968606,40.55,41.95,40.24,41.27,3707900,2026-02-21T03:46:04Z
KLAC,2006-06-12,20.94,21.81,20.86,21.55,8442237,39.35,40.99,39.21,40.51,4492000,2026-02-21T03:46:04Z
KLAC,2006-06-13,21.17,21.43,20.89,20.92,11511674,39.79,40.28,39.27,39.32,6125200,2026-02-21T03:46:04Z
KLAC,2006-06-14,21.62,21.64,21.3,21.36,9695413,40.64,40.68,40.03,40.14,5158800,2026-02-21T03:46:04Z
KLAC,2006-06-15,22.45,22.5,21.74,21.75,9223896,42.2,42.29,40.85,40.88,4907900,2026-02-21T03:46:04Z
KLAC,2006-06-16,22.17,22.52,21.93,22.44,7637300,41.66,42.33,41.22,42.18,4063700,2026-02-21T03:46:04Z
KLAC,2006-06-19,21.58,22.33,21.38,22.27,7230970,40.55,41.97,40.18,41.85,3847500,2026-02-21T03:46:04Z
KLAC,2006-06-20,21.49,21.86,21.28,21.55,5041862,40.38,41.08,40,40.5,2682700,2026-02-21T03:46:04Z
KLAC,2006-06-21,22.07,22.34,21.46,21.55,7325510,41.47,41.99,40.33,40.5,3897800,2026-02-21T03:46:04Z
KLAC,2006-06-22,21.59,22.07,21.42,22,5193340,40.57,41.48,40.25,41.34,2763300,2026-02-21T03:46:04Z
KLAC,2006-06-23,21.44,21.64,20.96,21.52,8192301,40.29,40.66,39.4,40.45,4359000,2026-02-21T03:46:04Z
KLAC,2006-06-26,21.6,21.76,21.42,21.53,4104222,40.6,40.9,40.26,40.46,2183800,2026-02-21T03:46:04Z
KLAC,2006-06-27,21.26,21.72,21.19,21.59,5510772,39.95,40.82,39.82,40.57,2932200,2026-02-21T03:46:04Z
KLAC,2006-06-28,21.34,21.42,20.78,21.33,5323587,40.1,40.26,39.06,40.08,2832600,2026-02-21T03:46:04Z
KLAC,2006-06-29,22.34,22.41,21.25,21.44,8478513,41.99,42.11,39.94,40.29,4511300,2026-02-21T03:46:04Z
KLAC,2006-06-30,22.12,22.33,21.73,22.05,7192075,41.57,41.96,40.83,41.44,3826800,2026-02-21T03:46:04Z
KLAC,2006-07-03,22.18,22.24,21.97,22.1,1663457,41.69,41.79,41.29,41.54,885100,2026-02-21T03:46:04Z
KLAC,2006-07-05,21.47,22.1,21.45,22.03,5720871,40.35,41.53,40.32,41.41,3044000,2026-02-21T03:46:04Z
KLAC,2006-07-06,21.66,21.89,21.46,21.51,3917412,40.7,41.13,40.34,40.43,2084400,2026-02-21T03:46:04Z
KLAC,2006-07-07,21.41,21.79,21.2,21.5,5374705,40.24,40.96,39.85,40.41,2859800,2026-02-21T03:46:04Z
KLAC,2006-07-10,20.93,21.69,20.76,21.49,5740812,39.33,40.76,39.02,40.39,3054600,2026-02-21T03:46:04Z
KLAC,2006-07-11,22.65,22.67,20.65,20.72,25260180,42.56,42.61,38.81,38.94,13440600,2026-02-21T03:46:04Z
KLAC,2006-07-12,21.81,22.65,21.51,22.52,16624760,40.99,42.56,40.42,42.33,8845800,2026-02-21T03:46:04Z
KLAC,2006-07-13,21.55,22.34,21.36,21.55,14256331,40.5,41.98,40.15,40.51,7585600,2026-02-21T03:46:04Z
KLAC,2006-07-14,21.49,21.86,21.26,21.63,8744840,40.38,41.09,39.95,40.65,4653000,2026-02-21T03:46:04Z
KLAC,2006-07-17,21.6,21.85,21.43,21.46,5840970,40.6,41.06,40.28,40.33,3107900,2026-02-21T03:46:04Z
KLAC,2006-07-18,21.44,21.75,20.78,21.61,9355837,40.29,40.88,39.05,40.61,4978100,2026-02-21T03:46:04Z
KLAC,2006-07-19,22.26,22.56,21.5,21.53,10093507,41.83,42.4,40.4,40.46,5370600,2026-02-21T03:46:04Z
KLAC,2006-07-20,21.25,22.15,21.22,22.08,10185004,39.93,41.63,39.88,41.5,5419300,2026-02-21T03:46:04Z
KLAC,2006-07-21,20.78,20.98,20.42,20.84,11910325,39.05,39.42,38.38,39.17,6337300,2026-02-21T03:46:04Z
KLAC,2006-07-24,21.18,21.33,20.83,20.83,6805485,39.8,40.08,39.15,39.15,3621100,2026-02-21T03:46:04Z
KLAC,2006-07-25,21.16,21.4,20.89,21.01,7013172,39.77,40.22,39.27,39.49,3731600,2026-02-21T03:46:04Z
KLAC,2006-07-26,21.17,21.77,20.77,21.01,9578329,39.78,40.91,39.03,39.49,5096500,2026-02-21T03:46:04Z
KLAC,2006-07-27,21.33,22.18,21.28,21.39,12702650,40.08,41.68,39.99,40.2,6758900,2026-02-21T03:46:04Z
KLAC,2006-07-28,22.54,22.61,21.27,21.29,11329590,42.36,42.5,39.97,40.02,6028300,2026-02-21T03:46:04Z
KLAC,2006-07-31,22.45,22.85,22.16,22.45,7601217,42.19,42.94,41.64,42.2,4044500,2026-02-21T03:46:04Z
KLAC,2006-08-01,22.05,22.28,21.84,22.28,5578250,41.45,41.88,41.04,41.88,2968100,2026-02-21T03:46:04Z
KLAC,2006-08-02,22.29,22.52,21.99,22.13,4505282,41.89,42.33,41.32,41.59,2397200,2026-02-21T03:46:04Z
KLAC,2006-08-03,22.59,22.8,21.91,22.07,6612080,42.46,42.86,41.18,41.47,3518200,2026-02-21T03:46:04Z
KLAC,2006-08-04,22.36,23.49,22.07,22.87,8938990,42.02,44.15,41.48,42.99,4756300,2026-02-21T03:46:04Z
KLAC,2006-08-07,22.18,22.64,22.01,22.33,4207039,41.69,42.55,41.37,41.97,2238500,2026-02-21T03:46:04Z
KLAC,2006-08-08,22.27,22.59,22,22.21,8316332,41.86,42.46,41.35,41.75,4425000,2026-02-21T03:46:04Z
KLAC,2006-08-09,22.04,23.02,21.97,22.5,11300816,41.43,43.27,41.29,42.28,6013000,2026-02-21T03:46:04Z
KLAC,2006-08-10,22.07,22.45,21.89,22.03,7028565,41.47,42.19,41.15,41.4,3739800,2026-02-21T03:46:04Z
KLAC,2006-08-11,21.68,22.16,21.5,22.14,6665120,40.62,41.52,40.28,41.48,3556700,2026-02-21T03:46:04Z
KLAC,2006-08-14,21.73,22.3,21.59,21.87,5266948,40.72,41.78,40.46,40.98,2810600,2026-02-21T03:46:04Z
KLAC,2006-08-15,22.83,22.93,22.03,22.14,8991620,42.78,42.97,41.28,41.49,4798200,2026-02-21T03:46:04Z
KLAC,2006-08-16,23.93,23.98,22.68,22.68,11481724,44.84,44.93,42.5,42.51,6127000,2026-02-21T03:46:04Z
KLAC,2006-08-17,23.95,24.44,23.75,23.88,10701990,44.88,45.8,44.51,44.75,5710900,2026-02-21T03:46:04Z
KLAC,2006-08-18,24.18,24.25,23.57,23.87,5891529,45.31,45.45,44.17,44.73,3143900,2026-02-21T03:46:04Z
KLAC,2006-08-21,23.84,24.12,23.54,23.63,5619621,44.68,45.21,44.12,44.29,2998800,2026-02-21T03:46:04Z
KLAC,2006-08-22,23.38,24.1,23.3,23.9,8070583,43.81,45.17,43.66,44.78,4306700,2026-02-21T03:46:04Z
KLAC,2006-08-23,23.12,23.61,22.96,23.47,7128550,43.32,44.25,43.03,43.99,3804000,2026-02-21T03:46:04Z
KLAC,2006-08-24,23.05,23.22,22.8,23.16,7762687,43.2,43.51,42.72,43.41,4142400,2026-02-21T03:46:04Z
KLAC,2006-08-25,22.84,23.21,22.78,23.04,6416982,42.8,43.5,42.69,43.18,3424300,2026-02-21T03:46:04Z
KLAC,2006-08-28,22.98,23.13,22.67,22.86,9258117,43.07,43.35,42.49,42.84,4940400,2026-02-21T03:46:04Z
KLAC,2006-08-29,23.23,23.32,22.79,23.1,8872459,43.54,43.71,42.7,43.29,4734600,2026-02-21T03:46:04Z
KLAC,2006-08-30,23.89,24.01,22.99,23.34,7942949,44.76,44.99,43.09,43.73,4238600,2026-02-21T03:46:04Z
KLAC,2006-08-31,23.43,24.01,23.4,24.01,5231900,43.91,44.99,43.85,44.99,2791900,2026-02-21T03:46:04Z
KLAC,2006-09-01,23.11,23.62,23.08,23.58,3784085,43.31,44.26,43.25,44.18,2019300,2026-02-21T03:46:04Z
KLAC,2006-09-05,23.45,23.53,22.83,23.09,5217106,43.95,44.1,42.78,43.27,2784000,2026-02-21T03:46:04Z
KLAC,2006-09-06,22.78,23.33,22.75,23.2,5839242,42.69,43.72,42.63,43.48,3116000,2026-02-21T03:46:04Z
KLAC,2006-09-07,23.38,23.62,22.65,22.67,10464568,43.81,44.26,42.45,42.48,5584200,2026-02-21T03:46:04Z
KLAC,2006-09-08,23.6,23.67,23.16,23.41,6320302,44.22,44.36,43.41,43.87,3372700,2026-02-21T03:46:04Z
KLAC,2006-09-11,23.74,24.11,23.3,23.53,5917770,44.49,45.19,43.66,44.1,3157900,2026-02-21T03:46:04Z
KLAC,2006-09-12,24.7,24.89,23.67,23.9,12630678,46.29,46.64,44.35,44.78,6740100,2026-02-21T03:46:04Z
KLAC,2006-09-13,24.61,24.99,24.31,24.68,10014233,46.11,46.83,45.56,46.25,5343900,2026-02-21T03:46:04Z
KLAC,2006-09-14,24.53,24.65,24.21,24.39,5584588,45.96,46.19,45.37,45.7,2980100,2026-02-21T03:46:04Z
KLAC,2006-09-15,24.25,25.01,24.17,24.54,10389615,45.44,46.87,45.3,45.98,5544200,2026-02-21T03:46:04Z
KLAC,2006-09-18,24.08,24.4,23.89,24.19,7295886,45.13,45.73,44.77,45.33,3893300,2026-02-21T03:46:04Z
KLAC,2006-09-19,23.63,24.06,23.22,24.04,8141046,44.28,45.08,43.51,45.04,4344300,2026-02-21T03:46:04Z
KLAC,2006-09-20,23.71,23.85,23.43,23.83,6646172,44.43,44.7,43.91,44.65,3546600,2026-02-21T03:46:04Z
KLAC,2006-09-21,23.24,23.88,23.09,23.84,7444854,43.55,44.74,43.26,44.68,3972800,2026-02-21T03:46:04Z
KLAC,2006-09-22,23.29,23.59,23.12,23.29,5635939,43.65,44.2,43.32,43.64,3007500,2026-02-21T03:46:04Z
KLAC,2006-09-25,24.03,24.18,23.06,23.5,7599458,45.04,45.31,43.21,44.04,4055300,2026-02-21T03:46:04Z
KLAC,2006-09-26,24.21,24.33,23.8,24.12,6558474,45.37,45.59,44.6,45.2,3499800,2026-02-21T03:46:04Z
KLAC,2006-09-27,23.75,24.41,23.63,24.17,5815070,44.51,45.75,44.29,45.3,3103100,2026-02-21T03:46:04Z
KLAC,2006-09-28,23.87,23.88,23.41,23.63,5589455,44.74,44.75,43.87,44.28,2982700,2026-02-21T03:46:04Z
KLAC,2006-09-29,23.73,23.94,23.47,23.84,5235843,44.47,44.86,43.98,44.67,2794000,2026-02-21T03:46:04Z
KLAC,2006-10-02,23.51,24.09,23.49,23.8,4595131,44.05,45.14,44.02,44.61,2452100,2026-02-21T03:46:04Z
KLAC,2006-10-03,23.4,23.69,23.14,23.36,4812692,43.85,44.39,43.37,43.77,2568200,2026-02-21T03:46:04Z
KLAC,2006-10-04,24.08,24.15,23.15,23.34,6626132,45.13,45.26,43.38,43.73,3535900,2026-02-21T03:46:04Z
KLAC,2006-10-05,24.04,24.09,23.71,23.97,5120595,45.05,45.14,44.43,44.92,2732500,2026-02-21T03:46:04Z
KLAC,2006-10-06,24.81,25.03,24.05,24.18,10815572,46.49,46.9,45.07,45.32,5771500,2026-02-21T03:46:04Z
KLAC,2006-10-09,25.55,25.89,24.69,24.73,9475293,47.88,48.52,46.27,46.35,5056300,2026-02-21T03:46:04Z
KLAC,2006-10-10,25.48,25.99,24.87,25.56,9228865,47.74,48.71,46.6,47.9,4924800,2026-02-21T03:46:04Z
KLAC,2006-10-11,25.79,26.13,25.4,25.48,9307399,48.33,48.97,47.6,47.74,4966700,2026-02-21T03:46:04Z
KLAC,2006-10-12,26.06,26.07,25.26,25.96,7988322,48.83,48.85,47.33,48.65,4262800,2026-02-21T03:46:04Z
KLAC,2006-10-13,26.05,26.18,25.77,25.96,7969748,48.81,49.07,48.3,48.64,4252900,2026-02-21T03:46:04Z
KLAC,2006-10-16,26.44,26.5,26.02,26.36,5820519,49.54,49.67,48.76,49.4,3106000,2026-02-21T03:46:04Z
KLAC,2006-10-17,25.79,26.2,25.61,26.15,8704533,48.32,49.1,48,49,4645000,2026-02-21T03:46:04Z
KLAC,2006-10-18,24.76,25.62,24.63,25.55,13151825,46.4,48.02,46.15,47.89,7018200,2026-02-21T03:46:04Z
KLAC,2006-10-19,24.79,25.1,24.43,24.76,7672934,46.46,47.04,45.79,46.4,4094500,2026-02-21T03:46:04Z
KLAC,2006-10-20,24.59,24.84,24.34,24.8,5029141,46.09,46.54,45.62,46.48,2683700,2026-02-21T03:46:04Z
KLAC,2006-10-23,24.92,25.34,24.4,24.47,7813835,46.69,47.48,45.73,45.85,4169700,2026-02-21T03:46:04Z
KLAC,2006-10-24,24.42,25.13,24.42,24.96,7894236,45.76,47.1,45.76,46.77,4212600,2026-02-21T03:46:04Z
KLAC,2006-10-25,26.46,26.93,25.39,25.55,18774627,49.59,50.47,47.57,47.88,10018700,2026-02-21T03:46:04Z
KLAC,2006-10-26,26.51,26.56,25.98,26.39,6910031,49.67,49.77,48.69,49.45,3687400,2026-02-21T03:46:04Z
KLAC,2006-10-27,25.72,26.46,25.45,26.36,6924281,48.19,49.59,47.7,49.39,3695000,2026-02-21T03:46:04Z
KLAC,2006-10-30,26.35,26.68,25.88,26,7607720,49.38,50,48.5,48.73,4059700,2026-02-21T03:46:04Z
KLAC,2006-10-31,26.24,26.6,25.95,26.45,5591698,49.17,49.84,48.63,49.56,2983900,2026-02-21T03:46:04Z
KLAC,2006-11-01,25.64,26.33,25.46,26.33,5733557,48.04,49.34,47.72,49.34,3059600,2026-02-21T03:46:04Z
KLAC,2006-11-02,25.29,25.72,25.18,25.44,6224716,47.4,48.19,47.19,47.67,3321700,2026-02-21T03:46:04Z
KLAC,2006-11-03,25.44,25.57,24.96,25.36,5031209,47.67,47.92,46.78,47.52,2684800,2026-02-21T03:46:04Z
KLAC,2006-11-06,25.95,26.07,25.26,25.55,5125459,48.62,48.85,47.34,47.87,2735100,2026-02-21T03:46:04Z
KLAC,2006-11-07,26.34,26.82,25.96,25.99,8423244,49.36,50.25,48.64,48.71,4494900,2026-02-21T03:46:04Z
KLAC,2006-11-08,26.4,26.56,25.96,26.22,5958430,49.47,49.77,48.65,49.14,3179600,2026-02-21T03:46:04Z
KLAC,2006-11-09,25.53,26.59,25.49,26.54,7076249,47.85,49.82,47.77,49.73,3776100,2026-02-21T03:46:04Z
KLAC,2006-11-10,25.91,25.96,25.39,25.67,4380194,48.55,48.65,47.57,48.1,2337400,2026-02-21T03:46:04Z
KLAC,2006-11-13,26.41,26.5,25.84,26.04,5373748,49.37,49.53,48.3,48.68,2874700,2026-02-21T03:46:04Z
KLAC,2006-11-14,27.18,27.26,25.96,26.42,9580676,50.81,50.95,48.52,49.38,5125200,2026-02-21T03:46:04Z
KLAC,2006-11-15,26.98,27.4,26.77,27.21,7815850,50.43,51.22,50.04,50.86,4181100,2026-02-21T03:46:04Z
KLAC,2006-11-16,27.31,27.5,26.57,26.86,8751252,51.05,51.4,49.66,50.2,4681500,2026-02-21T03:46:04Z
KLAC,2006-11-17,27.65,27.87,27.14,27.29,10112484,51.69,52.09,50.73,51.01,5409700,2026-02-21T03:46:04Z
KLAC,2006-11-20,27.92,27.95,27.18,27.79,6911098,52.19,52.25,50.81,51.94,3697100,2026-02-21T03:46:04Z
KLAC,2006-11-21,27.77,28.13,27.5,27.83,6076049,51.91,52.59,51.4,52.02,3250400,2026-02-21T03:46:04Z
KLAC,2006-11-22,28.05,28.23,27.65,27.84,5354692,52.43,52.77,51.68,52.04,2864500,2026-02-21T03:46:04Z
KLAC,2006-11-24,27.67,27.95,27.64,27.77,1786890,51.72,52.24,51.67,51.92,955900,2026-02-21T03:46:04Z
KLAC,2006-11-27,26.83,27.74,26.76,27.42,6162232,50.16,51.86,50.02,51.25,3296500,2026-02-21T03:46:04Z
KLAC,2006-11-28,27.34,27.42,26.69,26.77,7190376,51.1,51.25,49.9,50.05,3846500,2026-02-21T03:46:04Z
KLAC,2006-11-29,27.31,27.68,26.93,27.46,5513391,51.05,51.75,50.35,51.33,2949400,2026-02-21T03:46:04Z
KLAC,2006-11-30,27.64,27.76,26.96,27.22,7910607,51.67,51.89,50.4,50.89,4231800,2026-02-21T03:46:04Z
KLAC,2006-12-01,27.1,27.89,26.54,27.59,8695178,50.65,52.13,49.61,51.58,4651500,2026-02-21T03:46:04Z
KLAC,2006-12-04,27.66,28.01,26.83,27.07,6757059,51.7,52.36,50.16,50.61,3614700,2026-02-21T03:46:04Z
KLAC,2006-12-05,27.59,27.93,27.51,27.81,4534055,51.58,52.21,51.43,51.99,2425500,2026-02-21T03:46:04Z
KLAC,2006-12-06,27.77,28.03,27.34,27.44,4787533,51.92,52.4,51.1,51.3,2561100,2026-02-21T03:46:04Z
KLAC,2006-12-07,27.55,28.03,27.55,27.9,6689766,51.5,52.39,51.5,52.16,3578700,2026-02-21T03:46:04Z
KLAC,2006-12-08,27.31,27.72,27.14,27.4,7198203,51.06,51.82,50.73,51.22,3850700,2026-02-21T03:46:04Z
KLAC,2006-12-11,27.58,27.92,27.16,27.28,7047555,51.56,52.2,50.77,51,3770100,2026-02-21T03:46:04Z
KLAC,2006-12-12,27.42,27.91,27.11,27.71,5746681,51.25,52.18,50.67,51.8,3074200,2026-02-21T03:46:04Z
KLAC,2006-12-13,26.68,27.7,26.61,27.66,8820419,49.88,51.77,49.75,51.7,4718500,2026-02-21T03:46:04Z
KLAC,2006-12-14,26.96,27.05,26.61,26.81,10015097,50.4,50.56,49.75,50.11,5357600,2026-02-21T03:46:04Z
KLAC,2006-12-15,26.94,27.26,26.86,26.96,8518889,50.36,50.96,50.2,50.4,4557200,2026-02-21T03:46:04Z
KLAC,2006-12-18,27.03,27.55,26.82,27.09,5756783,50.53,51.49,50.14,50.65,3079600,2026-02-21T03:46:04Z
KLAC,2006-12-19,26.58,26.86,26.44,26.83,5461791,49.69,50.21,49.42,50.16,2921800,2026-02-21T03:46:04Z
KLAC,2006-12-20,26.95,27.15,26.51,26.51,6726954,50.38,50.75,49.55,49.55,3598600,2026-02-21T03:46:04Z
KLAC,2006-12-21,26.64,27.04,26.41,26.96,6062777,49.79,50.54,49.36,50.39,3243300,2026-02-21T03:46:04Z
KLAC,2006-12-22,26.35,26.92,26.35,26.74,4009337,49.26,50.32,49.26,49.99,2144800,2026-02-21T03:46:04Z
KLAC,2006-12-26,26.75,26.87,26.36,26.39,2645839,50.01,50.23,49.28,49.34,1415400,2026-02-21T03:46:04Z
KLAC,2006-12-27,26.86,27.04,26.77,26.97,2654634,50.21,50.55,50.05,50.42,1420100,2026-02-21T03:46:04Z
KLAC,2006-12-28,26.69,27.07,26.61,26.79,2960260,49.89,50.6,49.75,50.07,1583600,2026-02-21T03:46:04Z
KLAC,2006-12-29,26.61,27.04,26.61,26.69,3608169,49.75,50.55,49.74,49.9,1930200,2026-02-21T03:46:04Z
KLAC,2007-01-03,26.21,27.36,25.97,26.75,9030529,48.99,51.15,48.54,50,4830900,2026-02-21T03:46:04Z
KLAC,2007-01-04,26.77,26.85,26.04,26.37,6193277,50.05,50.19,48.67,49.29,3313100,2026-02-21T03:46:04Z
KLAC,2007-01-05,26.83,26.85,26.35,26.53,7270570,50.15,50.19,49.26,49.6,3889400,2026-02-21T03:46:04Z
KLAC,2007-01-08,27.05,27.49,26.71,26.77,7487593,50.57,51.39,49.93,50.05,4005500,2026-02-21T03:46:04Z
KLAC,2007-01-09,27.34,27.74,26.96,27.28,8308049,51.1,51.85,50.39,50.99,4444400,2026-02-21T03:46:04Z
KLAC,2007-01-10,27.77,27.84,27.02,27.13,6737802,51.92,52.04,50.5,50.71,3604400,2026-02-21T03:46:04Z
KLAC,2007-01-11,27.86,28.27,27.67,27.93,8507663,52.07,52.84,51.73,52.21,4551200,2026-02-21T03:46:04Z
KLAC,2007-01-12,27.91,28.21,27.59,27.83,5737346,52.17,52.73,51.57,52.03,3069200,2026-02-21T03:46:04Z
KLAC,2007-01-16,27.13,27.92,26.96,27.66,11420097,50.71,52.2,50.4,51.71,6109200,2026-02-21T03:46:04Z
KLAC,2007-01-17,27.42,27.78,26.84,27.02,9146798,51.25,51.93,50.17,50.5,4893100,2026-02-21T03:46:04Z
KLAC,2007-01-18,25.58,26.8,25.46,26.71,20210189,47.81,50.09,47.6,49.94,10811500,2026-02-21T03:46:04Z
KLAC,2007-01-19,25.68,26.12,25.32,25.54,9292251,48.01,48.83,47.34,47.74,4970900,2026-02-21T03:46:04Z
KLAC,2007-01-22,25.77,25.94,25.22,25.64,8540778,48.17,48.49,47.15,47.93,4568900,2026-02-21T03:46:04Z
KLAC,2007-01-23,25.13,25.82,25.06,25.81,9913785,46.97,48.26,46.85,48.25,5303400,2026-02-21T03:46:04Z
KLAC,2007-01-24,25.53,25.7,25.12,25.23,6900607,47.73,48.05,46.96,47.16,3691500,2026-02-21T03:46:04Z
KLAC,2007-01-25,25.2,26.05,25.11,25.54,7770241,47.1,48.7,46.94,47.75,4156700,2026-02-21T03:46:04Z
KLAC,2007-01-26,26.17,26.39,25.27,25.52,13824203,48.92,49.33,47.23,47.71,7395300,2026-02-21T03:46:04Z
KLAC,2007-01-29,26.32,26.63,26.08,26.19,9056695,49.21,49.78,48.75,48.95,4844900,2026-02-21T03:46:04Z
KLAC,2007-01-30,26.28,26.5,26.06,26.4,6128970,49.12,49.54,48.71,49.35,3278700,2026-02-21T03:46:04Z
KLAC,2007-01-31,26.35,26.51,25.83,26.24,6340752,49.25,49.56,48.28,49.05,3392000,2026-02-21T03:46:04Z
KLAC,2007-02-01,26.15,26.6,25.84,26.22,8259231,48.88,49.72,48.3,49.02,4418300,2026-02-21T03:46:04Z
KLAC,2007-02-02,26.75,26.75,26.09,26.1,7749666,50,50,48.77,48.79,4145700,2026-02-21T03:46:04Z
KLAC,2007-02-05,27.44,27.75,26.81,26.9,16537924,51.29,51.88,50.11,50.29,8847000,2026-02-21T03:46:04Z
KLAC,2007-02-06,27.17,27.33,26.92,27.24,9158770,50.79,51.09,50.33,50.92,4899500,2026-02-21T03:46:04Z
KLAC,2007-02-07,27.39,27.7,27.15,27.25,7604432,51.2,51.77,50.75,50.94,4068000,2026-02-21T03:46:04Z
KLAC,2007-02-08,27.24,27.47,27.19,27.25,7343824,50.92,51.35,50.82,50.94,3928600,2026-02-21T03:46:04Z
KLAC,2007-02-09,26.57,27.28,26.35,26.93,12050620,49.66,51,49.25,50.35,6446500,2026-02-21T03:46:04Z
KLAC,2007-02-12,26.56,26.64,26.27,26.42,6518894,49.65,49.79,49.1,49.38,3487300,2026-02-21T03:46:04Z
KLAC,2007-02-13,26.49,26.87,26.4,26.76,5277585,49.4,50.1,49.23,49.91,2830100,2026-02-21T03:46:04Z
KLAC,2007-02-14,27.02,27.25,26.59,26.7,7509035,50.39,50.81,49.59,49.8,4026700,2026-02-21T03:46:04Z
KLAC,2007-02-15,27.24,27.31,26.87,26.97,4933724,50.8,50.92,50.11,50.3,2645700,2026-02-21T03:46:04Z
KLAC,2007-02-16,27.3,27.35,26.97,27.27,7418588,50.9,51,50.3,50.86,3978200,2026-02-21T03:46:04Z
KLAC,2007-02-20,27.49,27.53,26.83,27.16,8074427,51.26,51.34,50.04,50.65,4329900,2026-02-21T03:46:04Z
KLAC,2007-02-21,27.45,27.62,27.3,27.4,5957698,51.19,51.5,50.9,51.1,3194800,2026-02-21T03:46:04Z
KLAC,2007-02-22,28.02,28.02,27.55,27.61,8264260,52.25,52.25,51.37,51.49,4431700,2026-02-21T03:46:04Z
KLAC,2007-02-23,29.04,29.25,28.48,28.51,19475870,54.16,54.54,53.11,53.16,10443900,2026-02-21T03:46:04Z
KLAC,2007-02-26,29.18,29.31,28.92,29.16,8312203,54.42,54.66,53.93,54.38,4457400,2026-02-21T03:46:04Z
KLAC,2007-02-27,28.05,28.78,27.78,28.72,17380373,52.3,53.67,51.81,53.56,9320200,2026-02-21T03:46:04Z
KLAC,2007-02-28,27.75,28.27,27.72,28.08,11968703,51.74,52.72,51.7,52.36,6418200,2026-02-21T03:46:04Z
KLAC,2007-03-01,27.31,27.55,26.93,27.21,11349618,50.92,51.37,50.21,50.75,6086200,2026-02-21T03:46:04Z
KLAC,2007-03-02,26.76,27.43,26.55,27.08,9944666,49.91,51.16,49.51,50.5,5332800,2026-02-21T03:46:04Z
KLAC,2007-03-05,27.42,27.87,26.68,26.75,14252154,51.13,51.98,49.75,49.88,7642700,2026-02-21T03:46:04Z
KLAC,2007-03-06,27.43,27.75,27.24,27.74,8846648,51.15,51.74,50.8,51.73,4744000,2026-02-21T03:46:04Z
KLAC,2007-03-07,27.38,27.62,27.18,27.3,7511065,51.05,51.5,50.68,50.91,4027800,2026-02-21T03:46:04Z
KLAC,2007-03-08,28.48,28.84,27.89,27.9,19744431,53.11,53.78,52,52.02,10587900,2026-02-21T03:46:04Z
KLAC,2007-03-09,28.34,28.72,28.02,28.72,9000874,52.85,53.55,52.25,53.55,4826700,2026-02-21T03:46:04Z
KLAC,2007-03-12,28.29,28.51,28.11,28.2,8723961,52.76,53.17,52.42,52.58,4678200,2026-02-21T03:46:04Z
KLAC,2007-03-13,27.62,28.16,27.61,28.14,9171866,51.5,52.52,51.48,52.47,4918400,2026-02-21T03:46:04Z
KLAC,2007-03-14,27.87,27.87,27.35,27.73,7414285,51.98,51.98,51,51.72,3975900,2026-02-21T03:46:04Z
KLAC,2007-03-15,27.89,27.99,27.69,27.94,5516469,52.01,52.19,51.63,52.11,2958200,2026-02-21T03:46:04Z
KLAC,2007-03-16,27.9,28.12,27.58,27.87,8157228,52.03,52.43,51.43,51.98,4374300,2026-02-21T03:46:04Z
KLAC,2007-03-19,28.01,28.13,27.75,28.06,6897367,52.24,52.45,51.75,52.32,3698700,2026-02-21T03:46:04Z
KLAC,2007-03-20,28.44,28.55,27.9,28.03,9042094,53.03,53.25,52.02,52.27,4848800,2026-02-21T03:46:04Z
KLAC,2007-03-21,29.1,29.18,28.25,28.48,8789956,54.27,54.41,52.69,53.1,4713600,2026-02-21T03:46:04Z
KLAC,2007-03-22,28.75,29.17,28.5,29.11,7577265,53.61,54.39,53.14,54.29,4063300,2026-02-21T03:46:04Z
KLAC,2007-03-23,29.14,29.23,28.74,28.8,7528610,54.34,54.5,53.59,53.71,4037200,2026-02-21T03:46:04Z
KLAC,2007-03-26,29.17,29.32,28.7,29.14,6823528,54.39,54.68,53.52,54.34,3659100,2026-02-21T03:46:04Z
KLAC,2007-03-27,28.88,29.43,28.88,29.05,7959568,53.86,54.88,53.86,54.18,4268300,2026-02-21T03:46:04Z
KLAC,2007-03-28,28.61,29,28.45,28.77,5677416,53.35,54.07,53.06,53.65,3044500,2026-02-21T03:46:04Z
KLAC,2007-03-29,28.67,28.85,28.14,28.74,8851495,53.47,53.8,52.47,53.59,4746600,2026-02-21T03:46:04Z
KLAC,2007-03-30,28.59,28.88,28.46,28.57,7439479,53.32,53.85,53.08,53.27,3989400,2026-02-21T03:46:04Z
KLAC,2007-04-02,28.69,28.75,28.28,28.63,8609458,53.51,53.62,52.73,53.39,4616800,2026-02-21T03:46:04Z
KLAC,2007-04-03,29.08,29.2,28.57,28.82,8334567,54.22,54.45,53.27,53.74,4469400,2026-02-21T03:46:04Z
KLAC,2007-04-04,29.62,29.7,29.26,29.33,11598567,55.24,55.39,54.57,54.69,6219700,2026-02-21T03:46:04Z
KLAC,2007-04-05,29.95,29.98,29.44,29.56,7930832,55.85,55.9,54.9,55.13,4252900,2026-02-21T03:46:04Z
KLAC,2007-04-09,29.78,29.96,29.45,29.95,8647849,55.53,55.87,54.91,55.85,4637400,2026-02-21T03:46:04Z
KLAC,2007-04-10,30.23,30.31,29.58,29.71,10915844,56.37,56.52,55.16,55.4,5853600,2026-02-21T03:46:04Z
KLAC,2007-04-11,29.69,30.16,29.65,30.08,8967302,55.36,56.25,55.3,56.1,4808700,2026-02-21T03:46:04Z
KLAC,2007-04-12,29.85,29.97,29.49,29.73,8942884,55.67,55.89,55,55.45,4795600,2026-02-21T03:46:04Z
KLAC,2007-04-13,29.34,29.63,28.91,29.59,10590245,54.72,55.25,53.92,55.17,5679000,2026-02-21T03:46:04Z
KLAC,2007-04-16,29.33,29.36,28.89,29.29,8045708,54.7,54.76,53.88,54.61,4314500,2026-02-21T03:46:04Z
KLAC,2007-04-17,29.26,29.35,29.07,29.35,7027343,54.56,54.74,54.21,54.74,3768400,2026-02-21T03:46:04Z
KLAC,2007-04-18,29.31,29.56,29.05,29.28,8052621,54.66,55.13,54.18,54.6,4318200,2026-02-21T03:46:04Z
KLAC,2007-04-19,29.08,29.58,28.79,29.08,10492894,54.22,55.16,53.68,54.23,5626800,2026-02-21T03:46:04Z
KLAC,2007-04-20,29.07,29.53,28.83,29.53,9432390,54.21,55.07,53.77,55.07,5058100,2026-02-21T03:46:04Z
KLAC,2007-04-23,28.98,29.07,28.74,28.85,6623242,54.05,54.22,53.6,53.8,3551700,2026-02-21T03:46:04Z
KLAC,2007-04-24,29.3,29.45,28.82,29.2,8908561,54.64,54.91,53.75,54.45,4777200,2026-02-21T03:46:04Z
KLAC,2007-04-25,29.39,29.47,29.01,29.38,7562543,54.8,54.95,54.09,54.79,4055400,2026-02-21T03:46:04Z
KLAC,2007-04-26,29.8,29.91,29.12,29.26,8737551,55.58,55.78,54.31,54.57,4685500,2026-02-21T03:46:04Z
KLAC,2007-04-27,29.57,30.28,29.38,29.38,8438450,55.14,56.46,54.78,54.78,4525100,2026-02-21T03:46:04Z
KLAC,2007-04-30,29.79,30.32,29.52,29.65,11623716,55.55,56.55,55.05,55.29,6233200,2026-02-21T03:46:04Z
KLAC,2007-05-01,29.97,30.03,29.57,29.79,6943065,55.88,56,55.15,55.55,3723200,2026-02-21T03:46:04Z
KLAC,2007-05-02,30.16,30.28,29.85,29.98,5846165,56.25,56.46,55.66,55.9,3135000,2026-02-21T03:46:04Z
KLAC,2007-05-03,30.24,30.49,30.01,30.09,4658482,56.39,56.85,55.96,56.11,2498100,2026-02-21T03:46:04Z
KLAC,2007-05-04,30.5,30.54,30.12,30.3,4034143,56.87,56.95,56.17,56.5,2163300,2026-02-21T03:46:04Z
KLAC,2007-05-07,30.45,30.6,30.41,30.53,5352180,56.78,57.06,56.7,56.94,2870100,2026-02-21T03:46:04Z
KLAC,2007-05-08,30.2,30.28,29.87,30.28,5710981,56.31,56.46,55.71,56.46,3062500,2026-02-21T03:46:04Z
KLAC,2007-05-09,30.52,30.57,29.9,30.05,5625762,56.92,57,55.76,56.03,3016800,2026-02-21T03:46:04Z
KLAC,2007-05-10,29.59,30.38,29.55,30.34,11080867,55.18,56.65,55.11,56.58,5942100,2026-02-21T03:46:04Z
KLAC,2007-05-11,29.82,30.26,29.69,29.88,7827619,55.49,56.3,55.25,55.6,4206700,2026-02-21T03:46:04Z
KLAC,2007-05-14,29.77,30.02,29.45,29.95,9567625,55.39,55.86,54.79,55.72,5141800,2026-02-21T03:46:04Z
KLAC,2007-05-15,29.63,29.99,29.48,29.77,8843031,55.14,55.8,54.86,55.4,4752400,2026-02-21T03:46:04Z
KLAC,2007-05-16,29.35,29.43,28.83,29.23,12479887,54.62,54.77,53.65,54.38,6706900,2026-02-21T03:46:04Z
KLAC,2007-05-17,29.34,29.57,28.96,29.37,11259958,54.6,55.02,53.88,54.65,6051300,2026-02-21T03:46:04Z
KLAC,2007-05-18,28.83,29.55,28.63,29.35,14911151,53.65,54.98,53.27,54.62,8013500,2026-02-21T03:46:04Z
KLAC,2007-05-21,28.75,29.2,28.63,28.93,8140615,53.49,54.33,53.27,53.84,4374900,2026-02-21T03:46:04Z
KLAC,2007-05-22,29.05,29.19,28.75,28.98,7253210,54.05,54.32,53.5,53.93,3898000,2026-02-21T03:46:04Z
KLAC,2007-05-23,28.86,29.14,28.84,29,8553497,53.71,54.22,53.67,53.97,4596800,2026-02-21T03:46:04Z
KLAC,2007-05-24,28.77,29.1,28.62,28.98,11882033,53.53,54.14,53.25,53.92,6385600,2026-02-21T03:46:04Z
KLAC,2007-05-25,28.84,28.96,28.71,28.8,6696468,53.67,53.89,53.42,53.6,3598800,2026-02-21T03:46:04Z
KLAC,2007-05-29,29.27,29.47,28.67,28.8,12234822,54.47,54.83,53.35,53.59,6575200,2026-02-21T03:46:04Z
KLAC,2007-05-30,28.97,29.13,28.63,28.97,10443305,53.91,54.2,53.27,53.91,5612400,2026-02-21T03:46:04Z
KLAC,2007-05-31,29.55,29.62,28.87,28.98,8229173,54.98,55.11,53.72,53.93,4422500,2026-02-21T03:46:04Z
KLAC,2007-06-01,29.76,30.09,29.57,29.91,9853049,55.37,55.98,55.03,55.66,5295200,2026-02-21T03:46:04Z
KLAC,2007-06-04,29.73,29.82,29.4,29.64,6537383,55.32,55.48,54.71,55.15,3513300,2026-02-21T03:46:04Z
KLAC,2007-06-05,29.42,29.75,29.2,29.56,7077932,54.74,55.36,54.33,55.01,3803800,2026-02-21T03:46:04Z
KLAC,2007-06-06,29.07,29.66,29.07,29.37,6668577,54.1,55.18,54.09,54.65,3583800,2026-02-21T03:46:04Z
KLAC,2007-06-07,28.53,29.16,28.5,28.97,13336929,53.09,54.26,53.03,53.9,7167500,2026-02-21T03:46:04Z
KLAC,2007-06-08,29.05,29.1,28.43,28.43,7109926,54.06,54.14,52.91,52.91,3821000,2026-02-21T03:46:04Z
KLAC,2007-06-11,28.93,29.07,28.71,29.05,7312771,53.83,54.1,53.42,54.06,3930000,2026-02-21T03:46:04Z
KLAC,2007-06-12,28.95,29.22,28.57,28.85,9508066,53.86,54.37,53.17,53.69,5109800,2026-02-21T03:46:04Z
KLAC,2007-06-13,29.27,29.45,29.05,29.05,10978254,54.47,54.8,54.05,54.05,5899900,2026-02-21T03:46:04Z
KLAC,2007-06-14,29.63,29.81,29.27,29.31,7283729,55.13,55.47,54.47,54.54,3914400,2026-02-21T03:46:04Z
KLAC,2007-06-15,30.16,30.21,29.8,29.96,11084331,56.12,56.21,55.46,55.74,5956900,2026-02-21T03:46:04Z
KLAC,2007-06-18,30.02,30.25,29.92,29.97,4898247,55.86,56.28,55.68,55.77,2632400,2026-02-21T03:46:04Z
KLAC,2007-06-19,29.85,29.97,29.64,29.97,7652354,55.54,55.77,55.16,55.77,4112500,2026-02-21T03:46:04Z
KLAC,2007-06-20,29.58,29.99,29.56,29.95,4923556,55.04,55.81,55.01,55.72,2646000,2026-02-21T03:46:04Z
KLAC,2007-06-21,30.49,30.52,29.57,29.58,8147295,56.73,56.8,55.03,55.04,4378500,2026-02-21T03:46:04Z
KLAC,2007-06-22,30.22,30.54,30.05,30.3,9229714,56.24,56.82,55.92,56.39,4960200,2026-02-21T03:46:04Z
KLAC,2007-06-25,29.75,30.25,29.66,29.95,6522316,55.35,56.29,55.18,55.73,3505200,2026-02-21T03:46:04Z
KLAC,2007-06-26,29.5,29.98,29.34,29.89,7001271,54.89,55.79,54.59,55.61,3762600,2026-02-21T03:46:04Z
KLAC,2007-06-27,30.27,30.37,29.34,29.46,7655508,56.33,56.51,54.6,54.82,4114200,2026-02-21T03:46:04Z
KLAC,2007-06-28,29.8,30.15,29.79,29.97,6466480,55.45,56.1,55.44,55.77,3475200,2026-02-21T03:46:04Z
KLAC,2007-06-29,29.53,29.86,29.34,29.83,6094143,54.95,55.56,54.59,55.5,3275100,2026-02-21T03:46:04Z
KLAC,2007-07-02,29.75,29.96,29.5,29.5,4150970,55.35,55.74,54.9,54.9,2230800,2026-02-21T03:46:04Z
KLAC,2007-07-03,29.65,29.84,29.56,29.84,2179869,55.18,55.52,55,55.52,1171500,2026-02-21T03:46:04Z
KLAC,2007-07-05,30.2,30.25,29.46,29.56,6662996,56.19,56.28,54.81,55.01,3580800,2026-02-21T03:46:04Z
KLAC,2007-07-06,30.32,30.36,29.94,30.12,5899695,56.42,56.49,55.71,56.04,3170600,2026-02-21T03:46:04Z
KLAC,2007-07-09,30.7,31.05,30.2,30.29,8487652,57.12,57.77,56.2,56.36,4561400,2026-02-21T03:46:04Z
KLAC,2007-07-10,30.56,30.95,30.45,30.58,6065314,56.86,57.58,56.65,56.9,3259600,2026-02-21T03:46:04Z
KLAC,2007-07-11,30.34,30.57,30.15,30.42,6085030,56.45,56.89,56.11,56.6,3270200,2026-02-21T03:46:04Z
KLAC,2007-07-12,30.68,30.75,30.27,30.32,10006556,57.08,57.22,56.33,56.42,5377700,2026-02-21T03:46:04Z
KLAC,2007-07-13,30.18,30.86,30.14,30.85,8334858,56.15,57.42,56.08,57.41,4479300,2026-02-21T03:46:04Z
KLAC,2007-07-16,30.47,30.65,30.09,30.14,6715279,56.7,57.03,55.99,56.08,3608900,2026-02-21T03:46:04Z
KLAC,2007-07-17,33.2,33.32,30.71,30.71,32888451,61.78,62,57.14,57.14,17674800,2026-02-21T03:46:04Z
KLAC,2007-07-18,33.02,33.19,32.33,32.57,13185096,61.45,61.75,60.15,60.6,7085900,2026-02-21T03:46:04Z
KLAC,2007-07-19,33.57,33.63,32.79,33.21,8305274,62.46,62.58,61.02,61.8,4463400,2026-02-21T03:46:04Z
KLAC,2007-07-20,33.27,33.68,33.23,33.59,7720072,61.91,62.67,61.83,62.5,4148900,2026-02-21T03:46:04Z
KLAC,2007-07-23,32.93,33.48,32.91,33.33,6666897,61.27,62.3,61.23,62.01,3582900,2026-02-21T03:46:04Z
KLAC,2007-07-24,31.87,32.21,31.2,32.03,15091820,59.31,59.93,58.06,59.61,8110600,2026-02-21T03:46:04Z
KLAC,2007-07-25,31.98,32.31,31.47,31.98,10108160,59.51,60.12,58.55,59.5,5432300,2026-02-21T03:46:04Z
KLAC,2007-07-26,31.64,31.98,31.07,31.52,9845811,58.87,59.5,57.81,58.65,5291300,2026-02-21T03:46:04Z
KLAC,2007-07-27,30.89,32.17,30.86,31.35,9027262,57.48,59.87,57.43,58.33,4851400,2026-02-21T03:46:04Z
KLAC,2007-07-30,31,31.3,30.75,30.75,8361473,57.69,58.24,57.21,57.21,4493600,2026-02-21T03:46:04Z
KLAC,2007-07-31,30.52,31.36,30.52,31.27,8656782,56.79,58.35,56.78,58.19,4652300,2026-02-21T03:46:04Z
KLAC,2007-08-01,30.77,30.87,30.2,30.55,7875082,57.25,57.44,56.2,56.85,4232200,2026-02-21T03:46:04Z
KLAC,2007-08-02,30.52,30.9,30.16,30.78,5525506,56.79,57.49,56.13,57.28,2969500,2026-02-21T03:46:04Z
KLAC,2007-08-03,29.61,30.69,29.61,30.58,7140445,55.1,57.1,55.1,56.9,3837400,2026-02-21T03:46:04Z
KLAC,2007-08-06,30.76,30.85,29.56,29.82,7712087,57.24,57.4,55,55.48,4144600,2026-02-21T03:46:04Z
KLAC,2007-08-07,30.86,31.3,30.3,30.6,6918087,57.42,58.25,56.39,56.94,3717900,2026-02-21T03:46:04Z
KLAC,2007-08-08,31.55,32.24,30.97,31.05,7998457,58.71,60,57.63,57.78,4298500,2026-02-21T03:46:04Z
KLAC,2007-08-09,31.93,32.99,31.05,31.06,13713950,59.41,61.38,57.78,57.8,7370100,2026-02-21T03:46:04Z
KLAC,2007-08-10,32.35,32.7,31.57,31.71,11538899,60.2,60.84,58.74,59,6201200,2026-02-21T03:46:04Z
KLAC,2007-08-13,32.06,32.86,31.98,32.69,7865399,59.66,61.14,59.5,60.83,4227000,2026-02-21T03:46:04Z
KLAC,2007-08-14,31.03,32.26,30.97,32.22,6768871,57.74,60.02,57.63,59.96,3637700,2026-02-21T03:46:04Z
KLAC,2007-08-15,30.64,31.32,30.43,30.75,8963064,57.02,58.28,56.62,57.21,4816900,2026-02-21T03:46:04Z
KLAC,2007-08-16,31.12,31.24,30.11,30.43,12926414,57.75,57.97,55.89,56.48,6965200,2026-02-21T03:46:04Z
KLAC,2007-08-17,32.06,32.3,31.34,31.72,9875965,59.49,59.94,58.17,58.87,5321500,2026-02-21T03:46:04Z
KLAC,2007-08-20,32.35,32.66,31.82,31.94,8539736,60.03,60.62,59.05,59.28,4601500,2026-02-21T03:46:04Z
KLAC,2007-08-21,32.14,32.41,31.93,32.17,5581673,59.65,60.15,59.26,59.71,3007600,2026-02-21T03:46:04Z
KLAC,2007-08-22,31.85,32.28,31.61,32.2,8287707,59.1,59.9,58.67,59.75,4465700,2026-02-21T03:46:04Z
KLAC,2007-08-23,31.48,31.88,31.31,31.87,6547279,58.43,59.16,58.1,59.14,3527900,2026-02-21T03:46:04Z
KLAC,2007-08-24,31.79,31.92,31.38,31.55,5439895,59,59.24,58.23,58.55,2931200,2026-02-21T03:46:04Z
KLAC,2007-08-27,31.49,31.8,31.49,31.76,5613780,58.44,59.02,58.44,58.95,3024900,2026-02-21T03:46:04Z
KLAC,2007-08-28,30.51,31.49,30.46,31.25,6991944,56.62,58.44,56.53,58,3767500,2026-02-21T03:46:04Z
KLAC,2007-08-29,31.36,31.4,30.61,30.73,4662836,58.2,58.27,56.81,57.03,2512500,2026-02-21T03:46:04Z
KLAC,2007-08-30,31.35,31.76,31.07,31.1,5109914,58.19,58.94,57.66,57.72,2753400,2026-02-21T03:46:04Z
KLAC,2007-08-31,30.97,31.27,30.7,31.22,6885420,57.47,58.03,56.98,57.94,3710100,2026-02-21T03:46:04Z
KLAC,2007-09-04,31.44,31.74,30.71,30.82,5889562,58.35,58.9,57,57.19,3173500,2026-02-21T03:46:04Z
KLAC,2007-09-05,30.97,31.51,30.86,31.36,8448607,57.48,58.48,57.27,58.2,4552400,2026-02-21T03:46:04Z
KLAC,2007-09-06,31.17,31.34,30.95,31.21,6152904,57.85,58.17,57.43,57.93,3315400,2026-02-21T03:46:04Z
KLAC,2007-09-07,30.63,30.91,30.34,30.76,6078312,56.85,57.37,56.31,57.08,3275200,2026-02-21T03:46:04Z
KLAC,2007-09-10,30.74,31.09,30.28,30.91,4883877,57.04,57.69,56.2,57.36,2631600,2026-02-21T03:46:04Z
KLAC,2007-09-11,31.2,31.32,30.71,30.92,5124582,57.9,58.13,57,57.39,2761300,2026-02-21T03:46:04Z
KLAC,2007-09-12,30.29,31.12,30.27,31.08,6715231,56.21,57.76,56.18,57.68,3618400,2026-02-21T03:46:04Z
KLAC,2007-09-13,30.32,30.61,29.96,30.42,8148517,56.27,56.81,55.6,56.45,4390700,2026-02-21T03:46:04Z
KLAC,2007-09-14,30.27,30.43,30.02,30.13,5162813,56.18,56.48,55.71,55.91,2781900,2026-02-21T03:46:04Z
KLAC,2007-09-17,30.34,30.54,30.05,30.16,4740599,56.3,56.67,55.76,55.97,2554400,2026-02-21T03:46:04Z
KLAC,2007-09-18,31.28,31.41,30.26,30.35,7197578,58.06,58.29,56.16,56.32,3878300,2026-02-21T03:46:04Z
KLAC,2007-09-19,31.22,31.77,31.03,31.36,5551977,57.94,58.97,57.58,58.2,2991600,2026-02-21T03:46:04Z
KLAC,2007-09-20,30.82,30.91,30.39,30.43,8383847,57.19,57.37,56.39,56.47,4517500,2026-02-21T03:46:04Z
KLAC,2007-09-21,30.8,31.13,30.78,30.96,5206790,57.16,57.78,57.13,57.45,2805600,2026-02-21T03:46:04Z
KLAC,2007-09-24,30.33,30.99,30.14,30.82,6990273,56.28,57.51,55.94,57.19,3766600,2026-02-21T03:46:04Z
KLAC,2007-09-25,30.57,30.76,30.08,30.13,4801098,56.74,57.08,55.83,55.91,2587000,2026-02-21T03:46:04Z
KLAC,2007-09-26,30.05,30.84,29.74,30.57,6076633,55.77,57.23,55.2,56.73,3274300,2026-02-21T03:46:04Z
KLAC,2007-09-27,29.74,30.32,29.68,30.18,7611421,55.19,56.27,55.09,56,4101300,2026-02-21T03:46:04Z
KLAC,2007-09-28,30.06,30.27,29.52,29.87,8462149,55.78,56.17,54.79,55.44,4559700,2026-02-21T03:46:04Z
KLAC,2007-10-01,31,31.25,30.06,30.16,5397396,57.54,57.99,55.78,55.98,2908300,2026-02-21T03:46:04Z
KLAC,2007-10-02,30.86,31.33,30.7,30.91,4832289,57.27,58.14,56.97,57.36,2603800,2026-02-21T03:46:04Z
KLAC,2007-10-03,29.74,30.71,29.5,30.64,8205478,55.2,57,54.74,56.86,4421400,2026-02-21T03:46:04Z
KLAC,2007-10-04,29.09,29.62,28.69,29.52,14286749,53.99,54.98,53.25,54.79,7698200,2026-02-21T03:46:04Z
KLAC,2007-10-05,30.02,30.1,29.19,29.32,8491677,55.72,55.86,54.17,54.41,4575600,2026-02-21T03:46:04Z
KLAC,2007-10-08,29.99,30.22,29.41,29.82,6111903,55.65,56.08,54.58,55.34,3293300,2026-02-21T03:46:04Z
KLAC,2007-10-09,29.21,29.94,28.74,29.9,11562184,54.21,55.56,53.33,55.49,6230100,2026-02-21T03:46:04Z
KLAC,2007-10-10,28.69,28.99,28.21,28.91,13226527,53.25,53.8,52.35,53.66,7126900,2026-02-21T03:46:04Z
KLAC,2007-10-11,27.86,29.23,27.71,29,10261046,51.71,54.25,51.42,53.83,5529000,2026-02-21T03:46:04Z
KLAC,2007-10-12,28.57,28.73,28.13,28.19,6500698,53.02,53.32,52.2,52.31,3502800,2026-02-21T03:46:04Z
KLAC,2007-10-15,28.31,28.91,28.07,28.56,6779253,52.54,53.66,52.1,53,3652900,2026-02-21T03:46:04Z
KLAC,2007-10-16,28.62,28.92,28.22,28.29,6015017,53.12,53.67,52.37,52.51,3241100,2026-02-21T03:46:04Z
KLAC,2007-10-17,29.59,29.71,29.04,29.19,9653609,54.92,55.13,53.89,54.18,5201700,2026-02-21T03:46:04Z
KLAC,2007-10-18,29.28,29.5,28.72,29.5,6211362,54.34,54.74,53.3,54.74,3346900,2026-02-21T03:46:04Z
KLAC,2007-10-19,28.62,29.26,28.56,29.26,7611053,53.12,54.31,53,54.31,4101100,2026-02-21T03:46:04Z
KLAC,2007-10-22,28.77,29.04,28.4,28.5,4440519,53.4,53.9,52.7,52.89,2392700,2026-02-21T03:46:04Z
KLAC,2007-10-23,28.6,28.69,27.94,28.54,6555453,53.08,53.25,51.85,52.96,3532300,2026-02-21T03:46:04Z
KLAC,2007-10-24,28.66,29.22,27.77,28.71,6969491,53.18,54.23,51.54,53.29,3755400,2026-02-21T03:46:04Z
KLAC,2007-10-25,28.34,28.8,27.61,28.63,8955813,52.59,53.44,51.24,53.13,4825700,2026-02-21T03:46:04Z
KLAC,2007-10-26,28.06,28.81,27.45,27.72,12050083,52.08,53.46,50.95,51.44,6493000,2026-02-21T03:46:04Z
KLAC,2007-10-29,28,28.26,27.72,28.14,6835686,51.97,52.45,51.45,52.23,3683300,2026-02-21T03:46:04Z
KLAC,2007-10-30,28.47,28.93,27.81,27.89,7947527,52.84,53.69,51.61,51.75,4282400,2026-02-21T03:46:04Z
KLAC,2007-10-31,28.37,28.56,27.97,28.51,8614901,52.65,53.01,51.91,52.91,4642000,2026-02-21T03:46:04Z
KLAC,2007-11-01,27.38,28.37,27.27,28.34,9717444,50.82,52.65,50.61,52.6,5236100,2026-02-21T03:46:04Z
KLAC,2007-11-02,27.43,27.63,27.08,27.48,5250028,50.91,51.27,50.25,51,2828900,2026-02-21T03:46:04Z
KLAC,2007-11-05,26.91,27.23,26.74,26.99,7242296,49.94,50.53,49.63,50.09,3902400,2026-02-21T03:46:04Z
KLAC,2007-11-06,27.22,27.3,26.75,26.88,6947038,50.51,50.67,49.64,49.89,3743300,2026-02-21T03:46:04Z
KLAC,2007-11-07,26.59,27.16,26.55,26.89,7663386,49.35,50.4,49.27,49.9,4129300,2026-02-21T03:46:04Z
KLAC,2007-11-08,26.74,27.09,26.38,26.66,9452643,49.63,50.28,48.96,49.47,5093400,2026-02-21T03:46:04Z
KLAC,2007-11-09,26.9,27.28,26.49,26.65,8075212,49.92,50.62,49.17,49.46,4351200,2026-02-21T03:46:04Z
KLAC,2007-11-12,26.92,27.3,26.74,27.07,6407155,49.96,50.66,49.63,50.24,3452400,2026-02-21T03:46:04Z
KLAC,2007-11-13,27.41,27.49,26.92,27.05,6014839,50.86,51.01,49.96,50.21,3241000,2026-02-21T03:46:04Z
KLAC,2007-11-14,26.98,27.54,26.92,27.46,6562133,50.08,51.11,49.96,50.96,3535900,2026-02-21T03:46:04Z
KLAC,2007-11-15,26.54,27.27,26.35,26.72,9224835,49.11,50.45,48.75,49.44,4985600,2026-02-21T03:46:04Z
KLAC,2007-11-16,26.21,26.56,25.95,26.52,7408775,48.49,49.14,48.01,49.08,4004100,2026-02-21T03:46:04Z
KLAC,2007-11-19,25.77,26.21,25.57,26.2,7683740,47.69,48.49,47.31,48.48,4152700,2026-02-21T03:46:04Z
KLAC,2007-11-20,25.59,25.97,25.18,25.78,9366048,47.34,48.05,46.59,47.7,5061900,2026-02-21T03:46:04Z
KLAC,2007-11-21,25.6,26.07,25.45,25.59,6004397,47.37,48.24,47.08,47.34,3245100,2026-02-21T03:46:04Z
KLAC,2007-11-23,25.97,26.07,25.53,25.68,1973897,48.06,48.23,47.24,47.52,1066800,2026-02-21T03:46:04Z
KLAC,2007-11-26,25.5,26.17,25.48,25.96,5312390,47.19,48.43,47.15,48.03,2871100,2026-02-21T03:46:04Z
KLAC,2007-11-27,25.63,26.05,25.36,25.56,8123181,47.43,48.21,46.92,47.3,4390200,2026-02-21T03:46:04Z
KLAC,2007-11-28,26.09,26.32,25.68,25.91,5671161,48.28,48.7,47.51,47.94,3065000,2026-02-21T03:46:04Z
KLAC,2007-11-29,26.32,26.44,25.83,26.1,4658677,48.7,48.93,47.79,48.3,2517800,2026-02-21T03:46:04Z
KLAC,2007-11-30,25.98,26.69,25.82,26.59,6414799,48.08,49.38,47.77,49.19,3466900,2026-02-21T03:46:04Z
KLAC,2007-12-03,25.96,26.29,25.77,25.84,4409441,48.03,48.64,47.68,47.81,2383100,2026-02-21T03:46:04Z
KLAC,2007-12-04,25.87,26.02,25.68,25.77,5596042,47.86,48.14,47.51,47.68,3024400,2026-02-21T03:46:04Z
KLAC,2007-12-05,26.32,26.54,26.03,26.03,7059438,48.7,49.1,48.17,48.17,3815300,2026-02-21T03:46:04Z
KLAC,2007-12-06,27.27,27.31,26.19,26.35,6593161,50.45,50.54,48.46,48.76,3563300,2026-02-21T03:46:04Z
KLAC,2007-12-07,27.22,27.52,26.94,27.16,4857779,50.37,50.93,49.85,50.26,2625400,2026-02-21T03:46:04Z
KLAC,2007-12-10,27.75,28.02,27.16,27.41,6517115,51.34,51.85,50.26,50.72,3522200,2026-02-21T03:46:04Z
KLAC,2007-12-11,26.75,27.87,26.69,27.86,7357538,49.5,51.56,49.38,51.55,3976400,2026-02-21T03:46:04Z
KLAC,2007-12-12,26.71,27.42,26.41,27.02,5718164,49.43,50.73,48.87,49.99,3090400,2026-02-21T03:46:04Z
KLAC,2007-12-13,26.25,26.91,26.04,26.59,5841766,48.57,49.79,48.19,49.2,3157200,2026-02-21T03:46:04Z
KLAC,2007-12-14,25.89,26.21,25.78,25.89,4036613,47.9,48.5,47.7,47.9,2181600,2026-02-21T03:46:04Z
KLAC,2007-12-17,25.85,26.21,25.7,25.8,4115986,47.83,48.5,47.55,47.74,2224500,2026-02-21T03:46:04Z
KLAC,2007-12-18,26.15,26.35,25.8,26.04,4370595,48.38,48.75,47.73,48.19,2362100,2026-02-21T03:46:04Z
KLAC,2007-12-19,26.07,26.34,26.04,26.12,3637681,48.23,48.73,48.19,48.33,1966000,2026-02-21T03:46:04Z
KLAC,2007-12-20,26.56,26.59,26.07,26.09,5655062,49.14,49.2,48.24,48.27,3056300,2026-02-21T03:46:04Z
KLAC,2007-12-21,26.82,27.03,26.55,26.83,7502034,49.63,50.01,49.12,49.64,4054500,2026-02-21T03:46:04Z
KLAC,2007-12-24,26.97,27.07,26.74,26.82,1563688,49.91,50.08,49.47,49.62,845100,2026-02-21T03:46:04Z
KLAC,2007-12-26,26.71,27.08,26.53,26.93,2625758,49.42,50.1,49.09,49.82,1419100,2026-02-21T03:46:04Z
KLAC,2007-12-27,26.4,26.89,26.35,26.75,2635939,48.85,49.75,48.76,49.5,1424600,2026-02-21T03:46:04Z
KLAC,2007-12-28,26.34,26.61,26.22,26.58,2572654,48.73,49.24,48.52,49.18,1390400,2026-02-21T03:46:04Z
KLAC,2007-12-31,26.03,26.37,25.98,26.26,3041154,48.16,48.8,48.07,48.59,1643600,2026-02-21T03:46:04Z
KLAC,2008-01-02,25.15,26.13,24.9,25.89,7223379,46.54,48.35,46.07,47.91,3903900,2026-02-21T03:46:04Z
KLAC,2008-01-03,24.76,25.08,24.45,24.87,6830553,45.81,46.41,45.24,46.01,3691600,2026-02-21T03:46:04Z
KLAC,2008-01-04,23.52,24.53,23.3,24.47,9803633,43.52,45.39,43.11,45.28,5298400,2026-02-21T03:46:04Z
KLAC,2008-01-07,23.34,23.84,23.04,23.56,8949516,43.19,44.11,42.63,43.6,4836800,2026-02-21T03:46:04Z
KLAC,2008-01-08,22.64,23.58,22.62,23.18,9425600,41.89,43.63,41.85,42.9,5094100,2026-02-21T03:46:04Z
KLAC,2008-01-09,22.99,23.08,22.34,22.61,9054429,42.54,42.7,41.34,41.83,4893500,2026-02-21T03:46:04Z
KLAC,2008-01-10,23.09,23.39,22.53,22.79,7649493,42.72,43.28,41.69,42.17,4134200,2026-02-21T03:46:04Z
KLAC,2008-01-11,22.6,23.14,22.52,23,5664517,41.81,42.82,41.66,42.55,3061400,2026-02-21T03:46:04Z
KLAC,2008-01-14,23.14,23.19,22.76,22.84,5650443,42.81,42.91,42.11,42.26,3053800,2026-02-21T03:46:04Z
KLAC,2008-01-15,22.39,23.32,22.38,23.08,10217339,41.43,43.14,41.4,42.71,5522000,2026-02-21T03:46:04Z
KLAC,2008-01-16,23.57,24.11,21.96,22.25,13763245,43.62,44.61,40.63,41.16,7438400,2026-02-21T03:46:04Z
KLAC,2008-01-17,23.01,23.96,22.82,23.72,14354614,42.57,44.33,42.23,43.89,7758000,2026-02-21T03:46:04Z
KLAC,2008-01-18,23.63,24,23.01,23.03,10635896,43.73,44.4,42.57,42.61,5748200,2026-02-21T03:46:04Z
KLAC,2008-01-22,23,23.44,22.42,22.42,8724710,42.56,43.37,41.48,41.48,4715300,2026-02-21T03:46:04Z
KLAC,2008-01-23,23.1,23.31,21.67,22.37,12458601,42.74,43.13,40.1,41.39,6733300,2026-02-21T03:46:04Z
KLAC,2008-01-24,22.68,23.59,22.52,22.87,12301538,41.97,43.65,41.67,42.31,6648400,2026-02-21T03:46:04Z
KLAC,2008-01-25,22.79,23.4,22.48,22.93,16213993,42.17,43.3,41.6,42.43,8762900,2026-02-21T03:46:04Z
KLAC,2008-01-28,23.29,23.34,22.68,22.77,6485121,43.09,43.19,41.96,42.14,3504900,2026-02-21T03:46:04Z
KLAC,2008-01-29,22.88,23.54,22.54,23.32,7907989,42.34,43.56,41.71,43.14,4273900,2026-02-21T03:46:04Z
KLAC,2008-01-30,22.64,23.04,22.46,22.83,8969134,41.9,42.63,41.56,42.25,4847400,2026-02-21T03:46:04Z
KLAC,2008-01-31,22.58,22.83,21.81,22.23,8869236,41.78,42.24,40.35,41.14,4793400,2026-02-21T03:46:04Z
KLAC,2008-02-01,23.84,23.98,22.73,22.91,9254453,44.12,44.38,42.05,42.39,5001600,2026-02-21T03:46:04Z
KLAC,2008-02-04,23.33,24.17,23.24,23.91,6098945,43.17,44.72,43,44.25,3296200,2026-02-21T03:46:04Z
KLAC,2008-02-05,22.51,23.18,22.47,22.97,5513885,41.65,42.9,41.58,42.5,2980000,2026-02-21T03:46:04Z
KLAC,2008-02-06,22.16,22.84,22.08,22.66,5437838,41,42.27,40.86,41.92,2938900,2026-02-21T03:46:04Z
KLAC,2008-02-07,22.36,22.67,21.64,22,7628984,41.37,41.94,40.05,40.71,4123100,2026-02-21T03:46:04Z
KLAC,2008-02-08,22.67,22.76,22.19,22.38,6373912,41.94,42.12,41.05,41.4,3444800,2026-02-21T03:46:04Z
KLAC,2008-02-11,22.79,23.14,22.57,22.67,6601870,42.17,42.82,41.76,41.94,3568000,2026-02-21T03:46:04Z
KLAC,2008-02-12,22.54,23.18,22.52,23.03,9384531,41.7,42.88,41.66,42.62,5071900,2026-02-21T03:46:04Z
KLAC,2008-02-13,23.2,23.48,22.81,23.21,9217284,42.92,43.45,42.21,42.95,4981500,2026-02-21T03:46:04Z
KLAC,2008-02-14,22.43,23.28,22.32,23.13,7523318,41.5,43.07,41.3,42.8,4066000,2026-02-21T03:46:04Z
KLAC,2008-02-15,22.1,22.61,21.91,22.28,5722797,40.89,41.83,40.54,41.22,3092900,2026-02-21T03:46:04Z
KLAC,2008-02-19,21.65,22.5,21.61,22.4,7726128,40.06,41.64,39.98,41.45,4175600,2026-02-21T03:46:04Z
KLAC,2008-02-20,22.87,23.05,21.54,21.56,13008883,42.31,42.64,39.86,39.89,7030700,2026-02-21T03:46:04Z
KLAC,2008-02-21,23.3,24.1,22.98,23.05,13801709,42.95,44.43,42.36,42.49,7485700,2026-02-21T03:46:04Z
KLAC,2008-02-22,23.07,23.4,22.71,23.4,7393018,42.54,43.14,41.87,43.14,4009800,2026-02-21T03:46:04Z
KLAC,2008-02-25,23.38,23.79,22.84,23.07,6642817,43.11,43.87,42.11,42.53,3602900,2026-02-21T03:46:04Z
KLAC,2008-02-26,24.13,24.47,23.27,23.32,14339319,44.49,45.11,42.9,43,7777300,2026-02-21T03:46:04Z
KLAC,2008-02-27,24.09,24.39,23.79,24.05,6912743,44.42,44.96,43.87,44.35,3749300,2026-02-21T03:46:04Z
KLAC,2008-02-28,23.39,24.05,23.22,23.91,7011757,43.12,44.34,42.81,44.08,3803000,2026-02-21T03:46:04Z
KLAC,2008-02-29,22.79,23.37,22.71,23.13,11079959,42.01,43.09,41.87,42.65,6009500,2026-02-21T03:46:04Z
KLAC,2008-03-03,22.58,22.76,22.11,22.63,8991922,41.63,41.96,40.77,41.72,4877000,2026-02-21T03:46:04Z
KLAC,2008-03-04,22.59,22.65,21.91,22.43,8792040,41.65,41.76,40.4,41.36,4768600,2026-02-21T03:46:04Z
KLAC,2008-03-05,22.68,22.87,22.45,22.59,7804562,41.81,42.17,41.39,41.65,4233000,2026-02-21T03:46:04Z
KLAC,2008-03-06,22.32,22.76,22.24,22.64,6123972,41.15,41.97,41,41.74,3321500,2026-02-21T03:46:04Z
KLAC,2008-03-07,22.66,23.05,22.22,22.24,9197849,41.78,42.5,40.96,41.01,4988700,2026-02-21T03:46:04Z
KLAC,2008-03-10,22.12,22.76,22.07,22.64,6808927,40.78,41.96,40.7,41.74,3693000,2026-02-21T03:46:04Z
KLAC,2008-03-11,22.74,22.81,22.24,22.5,8407092,41.93,42.06,41,41.49,4559800,2026-02-21T03:46:04Z
KLAC,2008-03-12,20.5,21.96,20.44,21.57,28590884,37.8,40.49,37.68,39.77,15507000,2026-02-21T03:46:04Z
KLAC,2008-03-13,20.66,21.04,19.85,20.3,18857215,38.09,38.8,36.59,37.42,10227700,2026-02-21T03:46:04Z
KLAC,2008-03-14,19.62,20.88,19.48,20.75,18066031,36.18,38.5,35.91,38.26,9798600,2026-02-21T03:46:04Z
KLAC,2008-03-17,19.32,19.67,19.12,19.25,19200365,35.62,36.26,35.25,35.5,10413800,2026-02-21T03:46:04Z
KLAC,2008-03-18,20.15,20.16,19.28,19.62,12208868,37.16,37.16,35.54,36.17,6621800,2026-02-21T03:46:04Z
KLAC,2008-03-19,19.31,20.36,19.31,20.17,11414227,35.61,37.53,35.61,37.19,6190800,2026-02-21T03:46:04Z
KLAC,2008-03-20,19.44,19.48,18.99,19.36,10939064,35.84,35.91,35.02,35.7,5933100,2026-02-21T03:46:04Z
KLAC,2008-03-24,20.26,20.54,19.39,19.4,9213369,37.35,37.87,35.75,35.77,4997100,2026-02-21T03:46:04Z
KLAC,2008-03-25,20.28,20.55,20.13,20.26,7665332,37.4,37.88,37.11,37.35,4157500,2026-02-21T03:46:04Z
KLAC,2008-03-26,20.07,20.31,19.57,20.29,6275539,37,37.44,36.08,37.41,3403700,2026-02-21T03:46:04Z
KLAC,2008-03-27,20.14,20.66,20.14,20.65,7047885,37.13,38.09,37.13,38.07,3822600,2026-02-21T03:46:04Z
KLAC,2008-03-28,20.02,20.59,19.97,20.25,6400171,36.91,37.97,36.82,37.34,3471300,2026-02-21T03:46:04Z
KLAC,2008-03-31,20.12,20.29,19.94,20.07,4968889,37.1,37.41,36.76,37,2695000,2026-02-21T03:46:04Z
KLAC,2008-04-01,21.1,21.16,20.38,20.41,9585439,38.91,39.01,37.57,37.64,5198900,2026-02-21T03:46:04Z
KLAC,2008-04-02,21.56,21.72,21.03,21.11,8984160,39.76,40.04,38.78,38.92,4872800,2026-02-21T03:46:04Z
KLAC,2008-04-03,21.93,22.19,21.33,21.36,7315399,40.44,40.91,39.32,39.38,3967700,2026-02-21T03:46:04Z
KLAC,2008-04-04,21.79,22.13,21.48,21.94,6059830,40.17,40.81,39.6,40.45,3286700,2026-02-21T03:46:04Z
KLAC,2008-04-07,23.22,23.7,22.68,22.86,18303183,42.81,43.7,41.81,42.15,9927200,2026-02-21T03:46:04Z
KLAC,2008-04-08,22.35,22.73,22.18,22.7,10781631,41.2,41.9,40.9,41.85,5847700,2026-02-21T03:46:04Z
KLAC,2008-04-09,23.07,23.2,22.22,22.32,10848182,42.54,42.78,40.96,41.16,5883800,2026-02-21T03:46:04Z
KLAC,2008-04-10,23.42,23.58,22.73,23.04,7466405,43.18,43.48,41.91,42.48,4049600,2026-02-21T03:46:04Z
KLAC,2008-04-11,22.51,23.26,22.43,23.14,8856228,41.51,42.89,41.35,42.66,4803400,2026-02-21T03:46:04Z
KLAC,2008-04-14,22.34,22.84,22.27,22.42,5956744,41.19,42.11,41.05,41.34,3230800,2026-02-21T03:46:04Z
KLAC,2008-04-15,21.62,22.23,21.28,22.22,13225160,39.87,40.98,39.24,40.97,7173000,2026-02-21T03:46:04Z
KLAC,2008-04-16,23.45,23.74,22.08,22.12,12541860,43.23,43.77,40.71,40.78,6802400,2026-02-21T03:46:04Z
KLAC,2008-04-17,23.08,23.43,22.51,23.2,10156975,42.55,43.19,41.51,42.77,5508900,2026-02-21T03:46:04Z
KLAC,2008-04-18,23.23,23.51,22.88,23.38,8093819,42.83,43.35,42.18,43.11,4389900,2026-02-21T03:46:04Z
KLAC,2008-04-21,23.63,23.72,22.9,23.09,6579574,43.57,43.74,42.23,42.58,3568600,2026-02-21T03:46:04Z
KLAC,2008-04-22,22.6,23.21,22.3,23.21,8225846,41.67,42.79,41.12,42.79,4461500,2026-02-21T03:46:04Z
KLAC,2008-04-23,23.38,23.57,22.68,22.78,8552933,43.11,43.45,41.82,42,4638900,2026-02-21T03:46:04Z
KLAC,2008-04-24,24.27,24.65,23.32,23.33,13045576,44.75,45.45,43,43.02,7075600,2026-02-21T03:46:04Z
KLAC,2008-04-25,24.66,24.81,23.96,24.62,7995564,45.46,45.75,44.18,45.4,4336600,2026-02-21T03:46:04Z
KLAC,2008-04-28,24.82,24.99,24.36,24.71,6482963,45.76,46.08,44.92,45.56,3516200,2026-02-21T03:46:04Z
KLAC,2008-04-29,24.8,25.08,24.53,24.81,5537683,45.73,46.24,45.22,45.75,3003500,2026-02-21T03:46:04Z
KLAC,2008-04-30,23.69,24.95,23.49,24.95,11435601,43.68,46,43.31,46,6202400,2026-02-21T03:46:04Z
KLAC,2008-05-01,24.69,24.87,23.5,23.62,7126414,45.53,45.85,43.32,43.55,3865200,2026-02-21T03:46:04Z
KLAC,2008-05-02,24.57,25.08,24.04,24.92,6307440,45.3,46.24,44.32,45.94,3421000,2026-02-21T03:46:04Z
KLAC,2008-05-05,24.17,24.83,23.97,24.5,5217228,44.57,45.78,44.2,45.17,2829700,2026-02-21T03:46:04Z
KLAC,2008-05-06,24.16,24.37,23.57,24.11,7182670,44.55,44.94,43.45,44.45,3895700,2026-02-21T03:46:04Z
KLAC,2008-05-07,23.75,24.48,23.69,24.02,6899839,43.79,45.13,43.68,44.28,3742300,2026-02-21T03:46:04Z
KLAC,2008-05-08,23.85,24.05,23.48,23.82,4592565,43.97,44.35,43.29,43.92,2490900,2026-02-21T03:46:04Z
KLAC,2008-05-09,23.81,24.11,23.46,23.61,2571648,43.9,44.45,43.25,43.54,1394800,2026-02-21T03:46:04Z
KLAC,2008-05-12,23.98,24.08,23.52,23.79,3585342,44.21,44.4,43.36,43.87,1944600,2026-02-21T03:46:04Z
KLAC,2008-05-13,23.96,24.17,23.68,24.05,4266776,44.18,44.57,43.66,44.34,2314200,2026-02-21T03:46:04Z
KLAC,2008-05-14,24.85,25.43,23.79,23.94,9372665,45.81,46.88,43.86,44.14,5083500,2026-02-21T03:46:04Z
KLAC,2008-05-15,25.18,25.23,24.74,24.85,6316545,46.27,46.37,45.46,45.66,3437200,2026-02-21T03:46:04Z
KLAC,2008-05-16,24.98,25.41,24.39,25.41,6589261,45.91,46.69,44.82,46.69,3585600,2026-02-21T03:46:04Z
KLAC,2008-05-19,25.15,25.61,24.97,25.2,5925848,46.22,47.07,45.88,46.3,3224600,2026-02-21T03:46:04Z
KLAC,2008-05-20,24.23,25.03,24.05,25.02,8905154,44.53,46,44.2,45.97,4845800,2026-02-21T03:46:04Z
KLAC,2008-05-21,24.02,24.57,23.88,24.31,6595336,44.14,45.15,43.88,44.67,3588900,2026-02-21T03:46:04Z
KLAC,2008-05-22,24.35,24.59,24.01,24.09,4044040,44.75,45.18,44.12,44.27,2200600,2026-02-21T03:46:04Z
KLAC,2008-05-23,23.89,24.29,23.64,24.11,5111390,43.9,44.63,43.45,44.3,2781400,2026-02-21T03:46:04Z
KLAC,2008-05-27,24.73,24.78,24.02,24.02,5632931,45.44,45.54,44.14,44.15,3065200,2026-02-21T03:46:04Z
KLAC,2008-05-28,24.81,24.86,24.59,24.72,5546551,45.6,45.68,45.18,45.42,3018200,2026-02-21T03:46:04Z
KLAC,2008-05-29,25.12,25.26,24.7,24.84,6562808,46.16,46.42,45.4,45.64,3571200,2026-02-21T03:46:04Z
KLAC,2008-05-30,25.1,25.45,25.04,25.17,7213703,46.12,46.77,46.01,46.26,3925400,2026-02-21T03:46:04Z
KLAC,2008-06-02,24.79,25.37,24.52,25.16,7875850,45.56,46.62,45.06,46.24,4285700,2026-02-21T03:46:04Z
KLAC,2008-06-03,24.25,24.9,23.94,24.9,8444429,44.57,45.76,43.99,45.76,4595100,2026-02-21T03:46:04Z
KLAC,2008-06-04,24.39,24.67,24,24.21,7863177,44.82,45.34,44.1,44.49,4278800,2026-02-21T03:46:04Z
KLAC,2008-06-05,24.05,24.73,23.71,24.46,10205301,44.2,45.45,43.57,44.95,5553300,2026-02-21T03:46:04Z
KLAC,2008-06-06,23.31,24.08,23.29,23.91,8346836,42.83,44.25,42.79,43.94,4542000,2026-02-21T03:46:04Z
KLAC,2008-06-09,22.95,23.54,22.4,23.39,11232575,42.18,43.25,41.17,42.99,6112300,2026-02-21T03:46:04Z
KLAC,2008-06-10,22.81,23.01,22.41,22.65,9006392,41.92,42.29,41.18,41.62,4900900,2026-02-21T03:46:04Z
KLAC,2008-06-11,21.89,22.72,21.89,22.64,7619285,40.23,41.75,40.23,41.6,4146100,2026-02-21T03:46:04Z
KLAC,2008-06-12,22.17,22.58,21.93,21.95,5856018,40.74,41.49,40.31,40.33,3186600,2026-02-21T03:46:04Z
KLAC,2008-06-13,22.79,22.9,22.32,22.36,6184978,41.88,42.09,41.01,41.09,3365600,2026-02-21T03:46:04Z
KLAC,2008-06-16,23.28,23.37,22.6,22.61,6965249,42.78,42.94,41.53,41.55,3790200,2026-02-21T03:46:04Z
KLAC,2008-06-17,22.74,23.43,22.72,23.27,5704400,41.79,43.06,41.75,42.77,3104100,2026-02-21T03:46:04Z
KLAC,2008-06-18,22.02,22.66,21.96,22.61,8221520,40.46,41.64,40.35,41.56,4473800,2026-02-21T03:46:04Z
KLAC,2008-06-19,22.45,22.67,21.66,22.03,7967743,41.26,41.66,39.8,40.49,4335700,2026-02-21T03:46:04Z
KLAC,2008-06-20,21.8,22.25,21.62,22.24,6861613,40.07,40.88,39.73,40.87,3733800,2026-02-21T03:46:04Z
KLAC,2008-06-23,21.66,22.12,21.3,21.8,6359914,39.8,40.65,39.15,40.07,3460800,2026-02-21T03:46:04Z
KLAC,2008-06-24,22.26,22.71,21.71,21.74,8511851,40.9,41.74,39.9,39.96,4631800,2026-02-21T03:46:04Z
KLAC,2008-06-25,22.39,22.77,22.28,22.45,6336211,41.15,41.84,40.94,41.25,3447900,2026-02-21T03:46:04Z
KLAC,2008-06-26,21.47,22.15,21.4,22.09,6876487,39.46,40.71,39.33,40.6,3741900,2026-02-21T03:46:04Z
KLAC,2008-06-27,21.61,21.72,21.17,21.54,7085813,39.71,39.92,38.9,39.59,3855800,2026-02-21T03:46:04Z
KLAC,2008-06-30,22.15,22.69,21.53,21.72,9934234,40.71,41.69,39.57,39.91,5405800,2026-02-21T03:46:04Z
KLAC,2008-07-01,22.6,22.72,21.99,22.09,9202484,41.54,41.76,40.41,40.6,5007600,2026-02-21T03:46:04Z
KLAC,2008-07-02,21.93,22.87,21.88,22.59,7570047,40.31,42.03,40.2,41.51,4119300,2026-02-21T03:46:04Z
KLAC,2008-07-03,21.71,22.14,21.33,22.02,4559889,39.9,40.68,39.2,40.47,2481300,2026-02-21T03:46:04Z
KLAC,2008-07-07,21.87,22.53,21.47,21.84,7697951,40.19,41.4,39.46,40.13,4188900,2026-02-21T03:46:04Z
KLAC,2008-07-08,22.12,22.12,21.35,21.83,7248821,40.65,40.66,39.23,40.12,3944500,2026-02-21T03:46:04Z
KLAC,2008-07-09,20.46,21.78,20.43,21.74,11679350,37.6,40.03,37.54,39.96,6355400,2026-02-21T03:46:04Z
KLAC,2008-07-10,21.08,21.19,20.55,20.57,9321365,38.74,38.94,37.77,37.81,5072300,2026-02-21T03:46:04Z
KLAC,2008-07-11,20.56,21,20.15,20.35,9482737,37.79,38.59,37.03,37.4,5160100,2026-02-21T03:46:04Z
KLAC,2008-07-14,20.31,20.86,20.1,20.79,7558289,37.33,38.33,36.94,38.2,4112900,2026-02-21T03:46:04Z
KLAC,2008-07-15,20.95,21.55,20.11,20.23,15002982,38.5,39.6,36.95,37.17,8164000,2026-02-21T03:46:04Z
KLAC,2008-07-16,21.22,21.31,20.24,20.68,7711738,38.99,39.16,37.2,38,4196400,2026-02-21T03:46:04Z
KLAC,2008-07-17,21.89,22.12,21.15,21.37,9782101,40.22,40.65,38.87,39.27,5323000,2026-02-21T03:46:04Z
KLAC,2008-07-18,21.74,22.03,21.23,21.85,7038033,39.95,40.48,39.02,40.15,3829800,2026-02-21T03:46:04Z
KLAC,2008-07-21,21.65,22.18,21.57,21.79,6005805,39.79,40.77,39.64,40.04,3268100,2026-02-21T03:46:04Z
KLAC,2008-07-22,20.83,21.49,20.58,21.01,11106866,38.28,39.5,37.82,38.61,6043900,2026-02-21T03:46:04Z
KLAC,2008-07-23,21.28,21.3,20.81,20.84,8743406,39.1,39.15,38.24,38.3,4757800,2026-02-21T03:46:04Z
KLAC,2008-07-24,20.69,21.23,20.26,21.22,8122100,38.03,39.02,37.24,39,4419700,2026-02-21T03:46:04Z
KLAC,2008-07-25,20.26,20.77,20.09,20.72,7669480,37.24,38.16,36.91,38.08,4173400,2026-02-21T03:46:04Z
KLAC,2008-07-28,19.76,20.25,19.67,20.12,9389561,36.32,37.22,36.15,36.97,5109400,2026-02-21T03:46:04Z
KLAC,2008-07-29,20.14,20.29,19.7,19.93,7112268,37.01,37.29,36.2,36.62,3870200,2026-02-21T03:46:04Z
KLAC,2008-07-30,20.55,20.96,20.24,20.37,7445817,37.76,38.52,37.19,37.44,4051700,2026-02-21T03:46:04Z
KLAC,2008-07-31,20.45,21.22,20.01,20.23,9006942,37.59,38.99,36.78,37.18,4901200,2026-02-21T03:46:04Z
KLAC,2008-08-01,19.64,20.84,19.46,20.35,14618549,36.1,38.3,35.77,37.39,7954800,2026-02-21T03:46:04Z
KLAC,2008-08-04,19.58,19.89,19.48,19.68,7676081,35.98,36.55,35.8,36.16,4177000,2026-02-21T03:46:04Z
KLAC,2008-08-05,19.89,19.89,19.54,19.82,8609639,36.56,36.56,35.91,36.43,4685000,2026-02-21T03:46:04Z
KLAC,2008-08-06,20.11,20.26,19.56,19.92,7092601,36.96,37.24,35.94,36.61,3859500,2026-02-21T03:46:04Z
KLAC,2008-08-07,20.56,21.15,19.87,20.09,12185608,37.78,38.86,36.51,36.92,6630900,2026-02-21T03:46:04Z
KLAC,2008-08-08,20.92,20.98,20.26,20.35,6922062,38.45,38.56,37.23,37.4,3766700,2026-02-21T03:46:04Z
KLAC,2008-08-11,21.49,22.02,20.84,20.92,9000344,39.5,40.46,38.29,38.45,4897600,2026-02-21T03:46:04Z
KLAC,2008-08-12,21.63,21.91,21.52,21.57,6568857,39.75,40.27,39.54,39.63,3574500,2026-02-21T03:46:04Z
KLAC,2008-08-13,21.5,22.21,21.16,22.03,9491719,39.51,40.81,38.88,40.48,5165000,2026-02-21T03:46:04Z
KLAC,2008-08-14,21.68,21.85,21.13,21.41,6520870,39.69,40,38.68,39.19,3561900,2026-02-21T03:46:04Z
KLAC,2008-08-15,21.75,21.84,21.46,21.66,5085566,39.81,39.98,39.28,39.65,2777900,2026-02-21T03:46:04Z
KLAC,2008-08-18,21.36,21.83,21.1,21.83,6511895,39.11,39.97,38.62,39.96,3557000,2026-02-21T03:46:04Z
KLAC,2008-08-19,20.92,21.4,20.81,21.25,7294880,38.3,39.17,38.1,38.9,3984700,2026-02-21T03:46:04Z
KLAC,2008-08-20,21.35,21.67,21.1,21.5,8686438,39.08,39.67,38.62,39.36,4744800,2026-02-21T03:46:04Z
KLAC,2008-08-21,21.31,21.44,20.94,21.12,5028451,39.01,39.25,38.33,38.66,2746700,2026-02-21T03:46:04Z
KLAC,2008-08-22,21.68,21.82,21.37,21.39,4920997,39.69,39.94,39.13,39.16,2688000,2026-02-21T03:46:04Z
KLAC,2008-08-25,21.32,21.8,21.27,21.57,5506093,39.03,39.91,38.94,39.49,3007600,2026-02-21T03:46:04Z
KLAC,2008-08-26,21.28,21.41,21.12,21.36,4577541,38.96,39.2,38.66,39.11,2500400,2026-02-21T03:46:04Z
KLAC,2008-08-27,21.3,21.52,21.04,21.19,4389341,38.99,39.39,38.51,38.8,2397600,2026-02-21T03:46:04Z
KLAC,2008-08-28,21.35,21.45,21.13,21.33,5153490,39.09,39.27,38.69,39.05,2815000,2026-02-21T03:46:04Z
KLAC,2008-08-29,20.24,21.05,20.24,21.02,10559097,37.06,38.53,37.05,38.49,5767700,2026-02-21T03:46:04Z
KLAC,2008-09-02,19.92,20.81,19.78,20.59,8804325,36.46,38.09,36.21,37.7,4809200,2026-02-21T03:46:04Z
KLAC,2008-09-03,19.09,19.92,19.01,19.9,11558830,34.95,36.46,34.8,36.43,6313800,2026-02-21T03:46:04Z
KLAC,2008-09-04,18.65,19.43,18.58,18.79,14050275,34.15,35.57,34.01,34.4,7674700,2026-02-21T03:46:04Z
KLAC,2008-09-05,18.45,18.8,18.11,18.58,10650978,33.78,34.42,33.15,34.02,5817900,2026-02-21T03:46:04Z
KLAC,2008-09-08,18.62,19.14,18.27,18.8,8284752,34.08,35.04,33.45,34.42,4525400,2026-02-21T03:46:04Z
KLAC,2008-09-09,18.23,18.84,18.15,18.61,8430329,33.37,34.49,33.23,34.07,4604900,2026-02-21T03:46:04Z
KLAC,2008-09-10,18.39,18.48,18.11,18.34,7774339,33.66,33.84,33.16,33.57,4246600,2026-02-21T03:46:04Z
KLAC,2008-09-11,18.1,18.36,17.84,18.12,9601267,33.13,33.62,32.67,33.18,5244500,2026-02-21T03:46:04Z
KLAC,2008-09-12,17.99,18.12,17.61,18.04,7315764,32.93,33.17,32.24,33.03,3996100,2026-02-21T03:46:04Z
KLAC,2008-09-15,17.64,18.2,17.61,17.68,8275418,32.3,33.31,32.24,32.37,4520300,2026-02-21T03:46:04Z
KLAC,2008-09-16,18.05,18.38,17.46,17.5,9917196,33.05,33.64,31.96,32.03,5417100,2026-02-21T03:46:04Z
KLAC,2008-09-17,17.53,18.57,17.53,17.72,8390962,32.1,33.99,32.1,32.44,4583400,2026-02-21T03:46:04Z
KLAC,2008-09-18,18.46,18.57,17.23,17.81,12251557,33.79,33.99,31.55,32.61,6692200,2026-02-21T03:46:04Z
KLAC,2008-09-19,18.75,20.21,18.02,19.11,11510704,34.33,37,32.98,34.98,6287500,2026-02-21T03:46:04Z
KLAC,2008-09-22,17.44,18.43,17.41,18.19,9114618,31.93,33.75,31.87,33.3,4978700,2026-02-21T03:46:04Z
KLAC,2008-09-23,17.16,17.56,16.84,17.23,12477123,31.42,32.14,30.82,31.55,6815400,2026-02-21T03:46:04Z
KLAC,2008-09-24,17.44,17.71,17.03,17.21,8849732,31.92,32.43,31.18,31.5,4834000,2026-02-21T03:46:04Z
KLAC,2008-09-25,17.56,17.7,17.39,17.51,8635339,32.14,32.4,31.83,32.05,4716900,2026-02-21T03:46:04Z
KLAC,2008-09-26,18.11,18.22,17,17.15,10279144,33.15,33.35,31.13,31.4,5614800,2026-02-21T03:46:04Z
KLAC,2008-09-29,16.89,18.09,16.87,17.79,12496334,30.92,33.11,30.88,32.56,6825900,2026-02-21T03:46:04Z
KLAC,2008-09-30,17.29,17.36,16.89,17.27,8675821,31.65,31.78,30.92,31.61,4739000,2026-02-21T03:46:04Z
KLAC,2008-10-01,16.93,17.24,16.88,17.14,5846413,31,31.57,30.91,31.38,3193500,2026-02-21T03:46:04Z
KLAC,2008-10-02,16.34,16.58,16.14,16.28,12443476,29.92,30.35,29.55,29.8,6797000,2026-02-21T03:46:04Z
KLAC,2008-10-03,16.11,16.76,16.09,16.42,9471056,29.49,30.69,29.45,30.06,5173400,2026-02-21T03:46:04Z
KLAC,2008-10-06,14.97,15.84,14.27,15.81,17521697,27.41,29,26.13,28.95,9570900,2026-02-21T03:46:04Z
KLAC,2008-10-07,13.44,15.22,13.42,15.16,14872077,24.6,27.87,24.57,27.76,8123600,2026-02-21T03:46:04Z
KLAC,2008-10-08,13.33,14.04,13.04,13.27,14164518,24.41,25.7,23.88,24.29,7737100,2026-02-21T03:46:04Z
KLAC,2008-10-09,13,13.84,12.75,13.69,9274645,23.8,25.34,23.34,25.07,5066100,2026-02-21T03:46:04Z
KLAC,2008-10-10,12.94,13.68,12.07,12.72,13301528,23.69,25.04,22.1,23.28,7265700,2026-02-21T03:46:04Z
KLAC,2008-10-13,14.15,14.19,13.31,13.49,10500123,25.9,25.97,24.36,24.7,5735500,2026-02-21T03:46:04Z
KLAC,2008-10-14,13.16,14.69,13.1,14.63,15021488,24.09,26.89,23.98,26.78,8205200,2026-02-21T03:46:04Z
KLAC,2008-10-15,11.78,13.2,11.77,13.16,12491538,21.56,24.16,21.55,24.1,6823300,2026-02-21T03:46:04Z
KLAC,2008-10-16,12.27,12.3,11.29,11.93,12710501,22.46,22.52,20.67,21.84,6942900,2026-02-21T03:46:04Z
KLAC,2008-10-17,11.72,12.6,11.66,12.29,13321785,21.45,23.06,21.34,22.5,7276800,2026-02-21T03:46:04Z
KLAC,2008-10-20,11.7,11.99,11.61,11.85,9736879,21.42,21.95,21.26,21.69,5318600,2026-02-21T03:46:04Z
KLAC,2008-10-21,11.29,11.64,11.25,11.57,6943579,20.67,21.31,20.59,21.19,3792800,2026-02-21T03:46:04Z
KLAC,2008-10-22,10.48,11.43,10.26,11.29,13492658,19.18,20.93,18.78,20.67,7370100,2026-02-21T03:46:04Z
KLAC,2008-10-23,10.52,10.79,9.94,10.52,13542553,19.25,19.76,18.2,19.25,7397400,2026-02-21T03:46:04Z
KLAC,2008-10-24,10.22,10.62,9.71,9.71,9974699,18.71,19.45,17.78,17.78,5448500,2026-02-21T03:46:04Z
KLAC,2008-10-27,10.72,11.03,9.95,10.14,15110023,19.62,20.19,18.21,18.56,8253600,2026-02-21T03:46:04Z
KLAC,2008-10-28,11.31,11.32,10.6,10.91,10094431,20.7,20.72,19.4,19.98,5513900,2026-02-21T03:46:04Z
KLAC,2008-10-29,11.37,11.77,11.02,11.38,9458791,20.81,21.54,20.17,20.83,5166700,2026-02-21T03:46:04Z
KLAC,2008-10-30,11.66,11.81,11.12,11.79,8592313,21.34,21.62,20.36,21.58,4693400,2026-02-21T03:46:04Z
KLAC,2008-10-31,12.7,12.92,11.7,11.71,12818357,23.25,23.65,21.41,21.44,7001800,2026-02-21T03:46:04Z
KLAC,2008-11-03,12.44,12.67,12.3,12.57,6965539,22.77,23.19,22.51,23.01,3804800,2026-02-21T03:46:04Z
KLAC,2008-11-04,12.99,13.2,12.7,12.78,9324241,23.78,24.17,23.25,23.4,5093200,2026-02-21T03:46:04Z
KLAC,2008-11-05,12.44,13.1,12.42,12.9,6750795,22.77,23.99,22.74,23.62,3687500,2026-02-21T03:46:04Z
KLAC,2008-11-06,11.03,12.35,10.99,12.35,9548861,20.2,22.6,20.12,22.6,5215900,2026-02-21T03:46:04Z
KLAC,2008-11-07,11.1,11.25,10.83,10.98,7942410,20.33,20.6,19.83,20.1,4338400,2026-02-21T03:46:04Z
KLAC,2008-11-10,10.55,11.34,10.5,11.3,8323937,19.32,20.76,19.22,20.69,4546800,2026-02-21T03:46:04Z
KLAC,2008-11-11,10.42,10.69,10.26,10.52,6283414,19.08,19.57,18.79,19.25,3432200,2026-02-21T03:46:04Z
KLAC,2008-11-12,9.73,10.42,9.72,10.25,6232694,17.81,19.07,17.8,18.76,3404500,2026-02-21T03:46:04Z
KLAC,2008-11-13,10.24,10.25,9.11,9.87,11393382,18.75,18.76,16.67,18.06,6223400,2026-02-21T03:46:04Z
KLAC,2008-11-14,9.92,10.17,9.32,10.07,9944465,18.16,18.62,17.06,18.44,5432000,2026-02-21T03:46:04Z
KLAC,2008-11-17,9.49,9.9,9.47,9.78,8535612,17.37,18.12,17.33,17.91,4662400,2026-02-21T03:46:04Z
KLAC,2008-11-18,9.18,9.66,8.89,9.45,9427637,16.81,17.69,16.28,17.3,5149700,2026-02-21T03:46:04Z
KLAC,2008-11-19,8.32,9.2,8.32,9.06,9558730,15.24,16.85,15.24,16.59,5221300,2026-02-21T03:46:04Z
KLAC,2008-11-20,8.38,9.43,8.17,8.17,12472560,15.19,17.1,14.81,14.81,6880600,2026-02-21T03:46:04Z
KLAC,2008-11-21,9.14,9.14,8.2,8.47,12721612,16.57,16.57,14.86,15.36,7018000,2026-02-21T03:46:04Z
KLAC,2008-11-24,9.47,9.52,9.06,9.23,9633454,17.16,17.25,16.42,16.73,5314400,2026-02-21T03:46:04Z
KLAC,2008-11-25,9.39,9.6,9.15,9.52,9047919,17.02,17.4,16.59,17.26,4991400,2026-02-21T03:46:04Z
KLAC,2008-11-26,10.55,10.57,9.26,9.27,10599403,19.12,19.17,16.79,16.8,5847300,2026-02-21T03:46:04Z
KLAC,2008-11-28,10.38,10.57,10.23,10.37,2744631,18.81,19.16,18.54,18.8,1514100,2026-02-21T03:46:04Z
KLAC,2008-12-01,9.85,10.22,9.84,10.13,6687949,17.85,18.53,17.84,18.37,3689500,2026-02-21T03:46:04Z
KLAC,2008-12-02,10,10.18,9.61,9.89,6269790,18.12,18.45,17.42,17.93,3458800,2026-02-21T03:46:04Z
KLAC,2008-12-03,10.73,10.79,9.68,9.81,6713547,19.45,19.55,17.55,17.78,3703600,2026-02-21T03:46:04Z
KLAC,2008-12-04,10.07,10.55,9.86,10.34,8945723,18.25,19.12,17.87,18.75,4935000,2026-02-21T03:46:04Z
KLAC,2008-12-05,10.6,10.64,9.47,9.93,7588192,19.22,19.29,17.16,18,4186100,2026-02-21T03:46:04Z
KLAC,2008-12-08,10.71,10.91,10.55,10.68,7939144,19.41,19.77,19.12,19.35,4379700,2026-02-21T03:46:04Z
KLAC,2008-12-09,11.16,11.62,10.45,10.54,8673262,20.23,21.06,18.95,19.1,4784700,2026-02-21T03:46:04Z
KLAC,2008-12-10,11.34,11.66,11.04,11.3,7972977,20.56,21.14,20.02,20.48,4398400,2026-02-21T03:46:04Z
KLAC,2008-12-11,10.98,11.62,10.91,11.34,5648735,19.9,21.06,19.77,20.55,3116200,2026-02-21T03:46:04Z
KLAC,2008-12-12,11.7,11.81,10.82,10.9,8810855,21.2,21.4,19.62,19.76,4860600,2026-02-21T03:46:04Z
KLAC,2008-12-15,11.3,11.78,11.04,11.7,7230730,20.49,21.35,20.01,21.2,3988900,2026-02-21T03:46:04Z
KLAC,2008-12-16,12.12,12.14,11.37,11.48,8061285,21.97,22,20.61,20.81,4447100,2026-02-21T03:46:04Z
KLAC,2008-12-17,12.31,12.55,11.8,11.97,7950336,22.32,22.75,21.39,21.69,4385900,2026-02-21T03:46:04Z
KLAC,2008-12-18,11.69,12.43,11.48,12.43,8820994,21.19,22.53,20.81,22.53,4866200,2026-02-21T03:46:04Z
KLAC,2008-12-19,11.86,12.21,11.69,11.89,10044207,21.49,22.13,21.19,21.55,5541000,2026-02-21T03:46:04Z
KLAC,2008-12-22,11.45,11.78,11.2,11.65,5259373,20.75,21.36,20.31,21.12,2901400,2026-02-21T03:46:04Z
KLAC,2008-12-23,11.1,11.47,10.95,11.47,4348880,20.13,20.8,19.85,20.79,2399100,2026-02-21T03:46:04Z
KLAC,2008-12-24,11.35,11.38,11.05,11.16,1550768,20.58,20.62,20.03,20.23,855500,2026-02-21T03:46:04Z
KLAC,2008-12-26,11.26,11.37,11.11,11.26,1848780,20.41,20.61,20.13,20.41,1019900,2026-02-21T03:46:04Z
KLAC,2008-12-29,11.33,11.4,11.09,11.35,3106437,20.53,20.66,20.1,20.58,1713700,2026-02-21T03:46:04Z
KLAC,2008-12-30,12.09,12.16,11.28,11.33,5260111,21.91,22.05,20.45,20.53,2901800,2026-02-21T03:46:04Z
KLAC,2008-12-31,12.02,12.26,11.93,12.07,3262146,21.79,22.23,21.63,21.88,1799600,2026-02-21T03:46:04Z
KLAC,2009-01-02,12.4,12.46,11.64,11.87,4308094,22.48,22.59,21.1,21.51,2376600,2026-02-21T03:46:04Z
KLAC,2009-01-05,12.36,12.53,12.06,12.2,6231185,22.4,22.71,21.87,22.11,3437500,2026-02-21T03:46:04Z
KLAC,2009-01-06,13.3,13.44,12.37,12.52,11490525,24.11,24.36,22.42,22.69,6338900,2026-02-21T03:46:04Z
KLAC,2009-01-07,12.41,12.99,12.26,12.94,8394799,22.49,23.55,22.22,23.46,4631100,2026-02-21T03:46:04Z
KLAC,2009-01-08,12.51,12.55,12.03,12.24,6042646,22.68,22.75,21.81,22.18,3333500,2026-02-21T03:46:04Z
KLAC,2009-01-09,12.16,12.56,12.05,12.56,6631441,22.05,22.77,21.85,22.77,3658300,2026-02-21T03:46:04Z
KLAC,2009-01-12,11.84,12.25,11.76,12.22,6056641,21.46,22.2,21.31,22.16,3341200,2026-02-21T03:46:04Z
KLAC,2009-01-13,11.74,12.22,11.44,11.54,11397527,21.28,22.15,20.74,20.92,6287600,2026-02-21T03:46:04Z
KLAC,2009-01-14,11.19,11.66,11.13,11.45,7799344,20.28,21.13,20.17,20.76,4302600,2026-02-21T03:46:04Z
KLAC,2009-01-15,11.35,11.5,10.75,11.27,10407448,20.57,20.85,19.48,20.43,5741400,2026-02-21T03:46:04Z
KLAC,2009-01-16,11.77,11.95,11.25,11.6,8089770,21.33,21.66,20.39,21.02,4462800,2026-02-21T03:46:04Z
KLAC,2009-01-20,10.78,11.81,10.77,11.74,8253223,19.54,21.4,19.53,21.29,4553000,2026-02-21T03:46:04Z
KLAC,2009-01-21,10.79,11.02,10.32,10.98,11433441,19.55,19.97,18.71,19.9,6307400,2026-02-21T03:46:04Z
KLAC,2009-01-22,10.18,10.74,9.91,10.74,16127188,18.45,19.47,17.97,19.47,8896700,2026-02-21T03:46:04Z
KLAC,2009-01-23,10.64,10.91,9.97,10,12510792,19.28,19.78,18.07,18.12,6901700,2026-02-21T03:46:04Z
KLAC,2009-01-26,10.56,10.85,10.34,10.7,7836703,19.15,19.66,18.74,19.39,4323200,2026-02-21T03:46:04Z
KLAC,2009-01-27,10.87,10.95,10.49,10.49,8668928,19.7,19.84,19.01,19.01,4782300,2026-02-21T03:46:04Z
KLAC,2009-01-28,11.24,11.31,10.98,11.01,7440099,20.37,20.5,19.91,19.95,4104400,2026-02-21T03:46:04Z
KLAC,2009-01-29,10.5,11.14,10.37,11.08,9018408,19.03,20.19,18.79,20.09,4975100,2026-02-21T03:46:04Z
KLAC,2009-01-30,11.06,11.71,10.84,10.93,15720143,20.04,21.22,19.65,19.82,8672200,2026-02-21T03:46:04Z
KLAC,2009-02-02,10.9,11.29,10.66,10.85,9778488,19.76,20.46,19.33,19.66,5394400,2026-02-21T03:46:04Z
KLAC,2009-02-03,10.7,11,10.51,10.9,9371898,19.4,19.94,19.05,19.76,5170100,2026-02-21T03:46:04Z
KLAC,2009-02-04,10.63,11.19,10.55,10.6,8705171,19.27,20.29,19.12,19.22,4802300,2026-02-21T03:46:04Z
KLAC,2009-02-05,10.93,11.12,10.33,10.41,8513383,19.81,20.16,18.73,18.88,4696500,2026-02-21T03:46:04Z
KLAC,2009-02-06,11.31,11.44,10.87,10.91,7287788,20.51,20.74,19.71,19.78,4020400,2026-02-21T03:46:04Z
KLAC,2009-02-09,11.43,11.6,11.05,11.33,11157410,20.72,21.02,20.03,20.54,6155100,2026-02-21T03:46:04Z
KLAC,2009-02-10,10.85,11.79,10.8,11.42,12404143,19.67,21.37,19.58,20.7,6842900,2026-02-21T03:46:04Z
KLAC,2009-02-11,10.71,10.97,10.5,10.86,7982406,19.42,19.89,19.04,19.68,4403600,2026-02-21T03:46:04Z
KLAC,2009-02-12,10.84,10.98,10.38,10.57,8897887,19.65,19.91,18.81,19.16,4908600,2026-02-21T03:46:04Z
KLAC,2009-02-13,10.87,11.12,10.8,10.83,5830766,19.7,20.15,19.58,19.63,3216600,2026-02-21T03:46:04Z
KLAC,2009-02-17,9.97,10.59,9.96,10.49,10760789,18.07,19.2,18.05,19.02,5936300,2026-02-21T03:46:04Z
KLAC,2009-02-18,9.94,10.25,9.71,10.1,11401784,18.02,18.58,17.61,18.31,6289900,2026-02-21T03:46:04Z
KLAC,2009-02-19,9.35,10.04,9.33,10.01,7891039,16.95,18.2,16.91,18.15,4353200,2026-02-21T03:46:04Z
KLAC,2009-02-20,9.57,9.69,9.09,9.25,11995071,17.35,17.56,16.48,16.76,6617200,2026-02-21T03:46:04Z
KLAC,2009-02-23,9.16,9.63,9.1,9.59,10199730,16.61,17.46,16.5,17.38,5626800,2026-02-21T03:46:04Z
KLAC,2009-02-24,9.56,9.62,9.17,9.21,8556328,17.33,17.44,16.62,16.69,4720200,2026-02-21T03:46:04Z
KLAC,2009-02-25,9.9,10.2,9.29,9.62,12661419,17.95,18.48,16.84,17.43,6984800,2026-02-21T03:46:04Z
KLAC,2009-02-26,9.77,10.32,9.73,10,12273018,17.56,18.55,17.5,17.98,6827600,2026-02-21T03:46:04Z
KLAC,2009-02-27,9.6,9.89,9.52,9.6,9281202,17.25,17.77,17.12,17.26,5163200,2026-02-21T03:46:04Z
KLAC,2009-03-02,9.06,9.56,9.03,9.42,9271297,16.28,17.19,16.23,16.94,5157700,2026-02-21T03:46:04Z
KLAC,2009-03-03,8.93,9.23,8.84,9.1,6785633,16.06,16.59,15.89,16.36,3774900,2026-02-21T03:46:04Z
KLAC,2009-03-04,9.33,9.47,8.99,9.13,9772808,16.77,17.03,16.16,16.42,5436700,2026-02-21T03:46:04Z
KLAC,2009-03-05,9.06,9.45,9.03,9.13,7023055,16.29,16.98,16.23,16.41,3907000,2026-02-21T03:46:04Z
KLAC,2009-03-06,8.7,9.29,8.49,9.07,10282067,15.63,16.69,15.27,16.31,5720000,2026-02-21T03:46:04Z
KLAC,2009-03-09,8.65,9.09,8.54,8.58,6785392,15.54,16.34,15.36,15.43,3774800,2026-02-21T03:46:04Z
KLAC,2009-03-10,9.26,9.27,8.71,8.89,7606369,16.64,16.66,15.66,15.98,4231500,2026-02-21T03:46:04Z
KLAC,2009-03-11,9.5,9.55,9.15,9.36,6082923,17.08,17.17,16.45,16.82,3384000,2026-02-21T03:46:04Z
KLAC,2009-03-12,9.9,9.93,9.33,9.45,6440624,17.79,17.85,16.77,16.99,3583000,2026-02-21T03:46:04Z
KLAC,2009-03-13,10.3,10.41,9.75,9.9,9209578,18.52,18.71,17.53,17.79,5123400,2026-02-21T03:46:04Z
KLAC,2009-03-16,10.36,10.68,10.22,10.38,12984250,18.63,19.19,18.37,18.66,7223300,2026-02-21T03:46:04Z
KLAC,2009-03-17,10.99,10.99,10.24,10.47,10562837,19.75,19.75,18.4,18.82,5876200,2026-02-21T03:46:04Z
KLAC,2009-03-18,11.4,11.55,10.68,10.95,13370191,20.5,20.76,19.2,19.68,7438000,2026-02-21T03:46:04Z
KLAC,2009-03-19,11.47,11.88,11.44,11.57,11352532,20.61,21.35,20.56,20.8,6315500,2026-02-21T03:46:04Z
KLAC,2009-03-20,10.85,11.63,10.73,11.57,13705139,19.51,20.9,19.29,20.79,7624300,2026-02-21T03:46:04Z
KLAC,2009-03-23,11.59,11.64,11.03,11.03,14324567,20.84,20.93,19.82,19.82,7968900,2026-02-21T03:46:04Z
KLAC,2009-03-24,11.21,11.48,11.18,11.48,7611255,20.15,20.64,20.1,20.64,4234200,2026-02-21T03:46:04Z
KLAC,2009-03-25,11.6,12.04,11.23,11.29,12032167,20.86,21.64,20.19,20.3,6693600,2026-02-21T03:46:04Z
KLAC,2009-03-26,12.32,12.33,11.67,11.78,8687245,22.14,22.16,20.98,21.17,4832800,2026-02-21T03:46:04Z
KLAC,2009-03-27,11.95,12.28,11.86,11.97,6466559,21.48,22.07,21.31,21.52,3597400,2026-02-21T03:46:04Z
KLAC,2009-03-30,11.18,11.77,11.04,11.67,11175751,20.09,21.16,19.84,20.97,6217200,2026-02-21T03:46:04Z
KLAC,2009-03-31,11.13,11.36,11,11.19,9153889,20,20.42,19.78,20.11,5092400,2026-02-21T03:46:04Z
KLAC,2009-04-01,11.32,11.44,10.82,10.93,7227833,20.34,20.56,19.45,19.64,4020900,2026-02-21T03:46:04Z
KLAC,2009-04-02,12.01,12.15,11.53,11.53,9511039,21.58,21.85,20.73,20.73,5291100,2026-02-21T03:46:04Z
KLAC,2009-04-03,12.85,13.01,11.88,11.96,13839005,23.1,23.39,21.35,21.5,7698800,2026-02-21T03:46:04Z
KLAC,2009-04-06,12.47,12.77,12.18,12.62,9614968,22.41,22.96,21.9,22.68,5348900,2026-02-21T03:46:04Z
KLAC,2009-04-07,11.9,12.28,11.82,12.23,7009061,21.4,22.07,21.24,21.98,3899200,2026-02-21T03:46:04Z
KLAC,2009-04-08,12.33,12.33,11.92,12.04,6286779,22.17,22.17,21.42,21.64,3497400,2026-02-21T03:46:04Z
KLAC,2009-04-09,13.18,13.24,12.49,12.57,10222705,23.69,23.8,22.46,22.59,5687000,2026-02-21T03:46:04Z
KLAC,2009-04-13,13.16,13.27,12.79,13.13,7175133,23.66,23.85,23,23.6,3991600,2026-02-21T03:46:04Z
KLAC,2009-04-14,13.3,13.75,13.05,13.21,10844470,23.91,24.72,23.45,23.75,6032900,2026-02-21T03:46:04Z
KLAC,2009-04-15,13.07,13.11,12.79,13.02,7110056,23.5,23.56,23,23.4,3955400,2026-02-21T03:46:04Z
KLAC,2009-04-16,13.62,13.69,13.04,13.29,7050582,24.49,24.61,23.44,23.89,3922300,2026-02-21T03:46:04Z
KLAC,2009-04-17,13.83,13.91,13.36,13.63,6713866,24.86,25,24.01,24.51,3735000,2026-02-21T03:46:04Z
KLAC,2009-04-20,13.05,13.57,12.99,13.55,10146297,23.45,24.4,23.35,24.35,5644500,2026-02-21T03:46:04Z
KLAC,2009-04-21,13.2,13.48,12.77,12.98,11233101,23.72,24.24,22.95,23.34,6249100,2026-02-21T03:46:04Z
KLAC,2009-04-22,14.34,14.66,12.92,13.08,17673205,25.78,26.35,23.23,23.52,9831800,2026-02-21T03:46:04Z
KLAC,2009-04-23,14.3,14.39,13.62,14.35,14179111,25.7,25.87,24.48,25.8,7888000,2026-02-21T03:46:04Z
KLAC,2009-04-24,14.37,14.45,13.73,14.03,12145015,25.83,25.97,24.68,25.22,6756400,2026-02-21T03:46:04Z
KLAC,2009-04-27,14.48,14.62,14.01,14.16,12071495,26.02,26.29,25.18,25.46,6715500,2026-02-21T03:46:04Z
KLAC,2009-04-28,14.61,14.76,14.07,14.46,11178451,26.27,26.54,25.3,25.99,6218700,2026-02-21T03:46:04Z
KLAC,2009-04-29,14.95,15.14,14.41,14.78,12960950,26.88,27.21,25.91,26.56,7210300,2026-02-21T03:46:04Z
KLAC,2009-04-30,15.43,15.8,14.94,15.09,12327510,27.74,28.41,26.85,27.12,6857900,2026-02-21T03:46:04Z
KLAC,2009-05-01,15.19,15.49,14.96,15.44,7299509,27.3,27.84,26.89,27.75,4060800,2026-02-21T03:46:04Z
KLAC,2009-05-04,16.18,16.2,15.1,15.12,10564430,29.08,29.12,27.15,27.18,5877100,2026-02-21T03:46:04Z
KLAC,2009-05-05,15.82,16.22,15.55,16.22,8912452,28.44,29.16,27.96,29.16,4958100,2026-02-21T03:46:04Z
KLAC,2009-05-06,15.93,16.08,15.58,15.82,7593616,28.64,28.91,28,28.44,4224400,2026-02-21T03:46:04Z
KLAC,2009-05-07,14.95,16.13,14.56,15.97,10429086,26.88,29,26.17,28.71,5801800,2026-02-21T03:46:04Z
KLAC,2009-05-08,14.56,15.24,14.42,15.15,13477194,26.18,27.39,25.92,27.23,7497500,2026-02-21T03:46:04Z
KLAC,2009-05-11,14.41,14.6,13.91,14.29,9829252,25.9,26.25,25.01,25.68,5468100,2026-02-21T03:46:04Z
KLAC,2009-05-12,14.08,14.64,13.71,14.54,8610130,25.31,26.32,24.65,26.13,4789900,2026-02-21T03:46:04Z
KLAC,2009-05-13,13.9,14.1,13.78,13.84,9958979,24.84,25.19,24.63,24.73,5573300,2026-02-21T03:46:04Z
KLAC,2009-05-14,14.28,14.45,13.9,13.99,8161856,25.51,25.82,24.84,25,4567600,2026-02-21T03:46:04Z
KLAC,2009-05-15,14.12,14.53,14.07,14.28,6575801,25.24,25.97,25.14,25.51,3680000,2026-02-21T03:46:04Z
KLAC,2009-05-18,14.67,14.71,14.2,14.31,6096747,26.22,26.28,25.38,25.57,3411900,2026-02-21T03:46:04Z
KLAC,2009-05-19,15.03,15.33,14.48,14.67,7094897,26.85,27.4,25.88,26.22,3970500,2026-02-21T03:46:04Z
KLAC,2009-05-20,14.86,15.6,14.78,15.19,8304098,26.56,27.87,26.41,27.14,4647200,2026-02-21T03:46:04Z
KLAC,2009-05-21,14.44,14.77,14.23,14.63,8906986,25.81,26.39,25.42,26.15,4984600,2026-02-21T03:46:04Z
KLAC,2009-05-22,14.28,14.58,14.14,14.43,5928762,25.52,26.06,25.27,25.79,3317900,2026-02-21T03:46:04Z
KLAC,2009-05-26,14.99,15.06,13.97,13.97,8320188,26.79,26.92,24.97,24.97,4656200,2026-02-21T03:46:04Z
KLAC,2009-05-27,14.9,15.38,14.73,14.97,11234247,26.62,27.49,26.32,26.75,6287000,2026-02-21T03:46:04Z
KLAC,2009-05-28,14.99,15.23,14.41,15.02,8782821,26.78,27.22,25.75,26.84,4915100,2026-02-21T03:46:04Z
KLAC,2009-05-29,15.11,15.21,14.75,14.98,8826610,27,27.18,26.36,26.76,4939600,2026-02-21T03:46:04Z
KLAC,2009-06-01,16.48,16.6,15.33,15.75,14373336,29.45,29.67,27.4,28.14,8043700,2026-02-21T03:46:04Z
KLAC,2009-06-02,15.62,16.45,15.48,16.31,12941108,27.92,29.4,27.67,29.14,7242200,2026-02-21T03:46:04Z
KLAC,2009-06-03,15.21,15.56,15.04,15.48,8907696,27.18,27.8,26.88,27.67,4985000,2026-02-21T03:46:04Z
KLAC,2009-06-04,15.48,15.62,15.07,15.21,9566179,27.67,27.91,26.93,27.17,5353500,2026-02-21T03:46:04Z
KLAC,2009-06-05,14.82,15.67,14.75,15.49,10814717,26.49,28,26.36,27.68,6052200,2026-02-21T03:46:04Z
KLAC,2009-06-08,14.79,15,14.51,14.84,8321101,26.43,26.8,25.93,26.51,4656700,2026-02-21T03:46:04Z
KLAC,2009-06-09,15.05,15.21,14.76,14.98,10391362,26.9,27.17,26.38,26.76,5815300,2026-02-21T03:46:04Z
KLAC,2009-06-10,14.99,15.3,14.79,15.27,8923271,26.78,27.34,26.43,27.28,4993700,2026-02-21T03:46:04Z
KLAC,2009-06-11,14.76,15.14,14.73,14.93,10964059,26.38,27.06,26.33,26.68,6135800,2026-02-21T03:46:04Z
KLAC,2009-06-12,14.48,14.87,14.22,14.75,8994233,25.88,26.57,25.41,26.36,5033400,2026-02-21T03:46:04Z
KLAC,2009-06-15,14.27,14.41,13.84,14.41,7592372,25.5,25.75,24.73,25.75,4248900,2026-02-21T03:46:04Z
KLAC,2009-06-16,13.99,14.42,13.91,14.33,6886898,24.99,25.77,24.85,25.6,3854100,2026-02-21T03:46:04Z
KLAC,2009-06-17,14.09,14.28,13.66,14.09,7038084,25.18,25.51,24.41,25.18,3938700,2026-02-21T03:46:04Z
KLAC,2009-06-18,14.03,14.28,13.96,14.09,6044225,25.07,25.51,24.94,25.18,3382500,2026-02-21T03:46:04Z
KLAC,2009-06-19,14.17,14.34,14.05,14.22,7740186,25.32,25.63,25.1,25.41,4331600,2026-02-21T03:46:04Z
KLAC,2009-06-22,13.45,14.21,13.45,14.04,14004899,24.04,25.39,24.03,25.08,7837500,2026-02-21T03:46:04Z
KLAC,2009-06-23,13.23,13.53,12.89,13.43,11624512,23.64,24.18,23.03,24,6505400,2026-02-21T03:46:04Z
KLAC,2009-06-24,13.34,13.53,13.1,13.32,16780655,23.83,24.17,23.4,23.8,9390900,2026-02-21T03:46:04Z
KLAC,2009-06-25,13.77,13.81,13.15,13.31,8804093,24.6,24.67,23.5,23.78,4927000,2026-02-21T03:46:04Z
KLAC,2009-06-26,13.89,14.18,13.64,13.64,11317572,24.82,25.34,24.38,24.38,6333600,2026-02-21T03:46:04Z
KLAC,2009-06-29,13.88,14.04,13.65,13.85,5912707,24.81,25.08,24.39,24.74,3308900,2026-02-21T03:46:04Z
KLAC,2009-06-30,14.13,14.21,13.83,13.97,10495369,25.25,25.4,24.72,24.97,5873500,2026-02-21T03:46:04Z
KLAC,2009-07-01,14.44,14.75,14.07,14.19,11812488,25.81,26.36,25.14,25.36,6610600,2026-02-21T03:46:04Z
KLAC,2009-07-02,14.3,14.58,14.27,14.31,13601351,25.55,26.06,25.5,25.58,7611700,2026-02-21T03:46:04Z
KLAC,2009-07-06,14.6,14.74,14.22,14.38,10967462,26.08,26.34,25.41,25.7,6137700,2026-02-21T03:46:04Z
KLAC,2009-07-07,14.24,14.9,14.22,14.61,11375799,25.44,26.63,25.41,26.1,6366200,2026-02-21T03:46:04Z
KLAC,2009-07-08,14.06,14.35,13.85,14.23,9953433,25.13,25.64,24.75,25.43,5570200,2026-02-21T03:46:04Z
KLAC,2009-07-09,14.75,14.85,14.29,14.5,14464782,26.36,26.54,25.54,25.91,8094900,2026-02-21T03:46:04Z
KLAC,2009-07-10,14.58,14.86,14.34,14.66,10059364,26.06,26.55,25.63,26.2,5629500,2026-02-21T03:46:04Z
KLAC,2009-07-13,15.09,15.12,14.3,14.65,11222684,26.97,27.01,25.55,26.18,6280500,2026-02-21T03:46:04Z
KLAC,2009-07-14,15.59,15.71,15.31,15.35,14786999,27.86,28.07,27.35,27.42,8275200,2026-02-21T03:46:04Z
KLAC,2009-07-15,16.05,16.23,15.82,15.97,18409050,28.68,29,28.27,28.54,10302200,2026-02-21T03:46:04Z
KLAC,2009-07-16,16.51,16.59,15.88,16.04,10681216,29.51,29.64,28.37,28.66,5977500,2026-02-21T03:46:04Z
KLAC,2009-07-17,16.6,16.65,16.17,16.52,8798199,29.67,29.76,28.9,29.52,4923700,2026-02-21T03:46:04Z
KLAC,2009-07-20,16.8,16.96,16.55,16.65,9362845,30.02,30.3,29.57,29.76,5239700,2026-02-21T03:46:04Z
KLAC,2009-07-21,16.74,16.81,16.31,16.72,9327306,29.92,30.04,29.15,29.88,5219800,2026-02-21T03:46:04Z
KLAC,2009-07-22,17.24,17.29,16.54,16.74,9076406,30.81,30.9,29.56,29.92,5079400,2026-02-21T03:46:04Z
KLAC,2009-07-23,17.62,17.7,16.93,17.15,10471830,31.48,31.63,30.26,30.64,5860300,2026-02-21T03:46:04Z
KLAC,2009-07-24,17.66,17.67,17.14,17.4,7943340,31.55,31.58,30.62,31.09,4445300,2026-02-21T03:46:04Z
KLAC,2009-07-27,17.86,17.89,17.36,17.64,6449294,31.91,31.96,31.03,31.53,3609200,2026-02-21T03:46:04Z
KLAC,2009-07-28,17.75,18.1,17.51,17.73,9154652,31.72,32.34,31.29,31.69,5123200,2026-02-21T03:46:04Z
KLAC,2009-07-29,17.59,17.71,17.29,17.67,9694837,31.43,31.65,30.89,31.58,5425500,2026-02-21T03:46:04Z
KLAC,2009-07-30,17.49,18.11,17.24,17.85,12765317,31.26,32.36,30.8,31.89,7143800,2026-02-21T03:46:04Z
KLAC,2009-07-31,17.84,18.02,17.42,17.53,7871853,31.88,32.2,31.13,31.32,4405300,2026-02-21T03:46:04Z
KLAC,2009-08-03,18.03,18.19,17.68,17.98,7794469,32.22,32.5,31.6,32.12,4362000,2026-02-21T03:46:04Z
KLAC,2009-08-04,18.07,18.19,17.77,17.91,7752688,32.29,32.5,31.76,32,4338600,2026-02-21T03:46:04Z
KLAC,2009-08-05,17.81,18.17,17.67,18.07,6310463,31.82,32.47,31.57,32.29,3531500,2026-02-21T03:46:04Z
KLAC,2009-08-06,17.47,18,17.36,17.81,7799328,31.21,32.17,31.02,31.82,4364700,2026-02-21T03:46:04Z
KLAC,2009-08-07,17.47,17.76,17.29,17.67,8676343,31.21,31.74,30.89,31.57,4855500,2026-02-21T03:46:04Z
KLAC,2009-08-10,17.14,17.51,16.97,17.44,6237359,30.63,31.29,30.33,31.16,3490600,2026-02-21T03:46:04Z
KLAC,2009-08-11,16.95,17.25,16.79,17.13,6335293,30.28,30.82,30,30.61,3545400,2026-02-21T03:46:04Z
KLAC,2009-08-12,17.38,17.51,16.95,17.07,7947621,31.06,31.29,30.28,30.51,4447700,2026-02-21T03:46:04Z
KLAC,2009-08-13,17.8,17.83,17.08,17.54,9098745,31.65,31.7,30.37,31.19,5116600,2026-02-21T03:46:04Z
KLAC,2009-08-14,17.24,17.73,17.14,17.73,6460296,30.65,31.52,30.47,31.52,3632900,2026-02-21T03:46:04Z
KLAC,2009-08-17,16.66,17,16.55,17,7333068,29.62,30.24,29.43,30.24,4123700,2026-02-21T03:46:04Z
KLAC,2009-08-18,16.98,17,16.69,16.72,5000695,30.19,30.24,29.68,29.73,2812100,2026-02-21T03:46:04Z
KLAC,2009-08-19,17.06,17.21,16.73,16.8,5578822,30.33,30.61,29.76,29.87,3137200,2026-02-21T03:46:04Z
KLAC,2009-08-20,17.26,17.29,16.96,17,3983513,30.69,30.74,30.16,30.24,2240100,2026-02-21T03:46:04Z
KLAC,2009-08-21,17.66,17.66,17.18,17.45,5598530,31.4,31.41,30.55,31.03,3148300,2026-02-21T03:46:04Z
KLAC,2009-08-24,17.42,17.83,17.33,17.65,4967626,30.97,31.7,30.82,31.39,2793500,2026-02-21T03:46:04Z
KLAC,2009-08-25,17.57,17.77,17.28,17.45,7556062,31.24,31.6,30.73,31.03,4249100,2026-02-21T03:46:04Z
KLAC,2009-08-26,17.87,18.05,17.55,17.62,7783888,31.78,32.09,31.21,31.33,4377200,2026-02-21T03:46:04Z
KLAC,2009-08-27,17.83,17.88,17.45,17.78,4530502,31.7,31.79,31.04,31.61,2547700,2026-02-21T03:46:04Z
KLAC,2009-08-28,17.91,18.44,17.81,18.05,6247618,31.85,32.79,31.67,32.1,3513300,2026-02-21T03:46:04Z
KLAC,2009-08-31,17.55,17.85,17.49,17.8,5633039,31.2,31.75,31.1,31.66,3167700,2026-02-21T03:46:04Z
KLAC,2009-09-01,16.94,17.94,16.93,17.64,9941069,30.12,31.91,30.1,31.37,5590300,2026-02-21T03:46:04Z
KLAC,2009-09-02,17.04,17.26,16.8,16.98,5179576,30.3,30.69,29.87,30.2,2912700,2026-02-21T03:46:04Z
KLAC,2009-09-03,17.29,17.32,16.79,17.03,5807851,30.74,30.8,29.86,30.29,3266000,2026-02-21T03:46:04Z
KLAC,2009-09-04,17.8,17.8,17.4,17.58,6042950,31.65,31.66,30.95,31.27,3398200,2026-02-21T03:46:04Z
KLAC,2009-09-08,18.1,18.22,17.57,18,6660888,32.19,32.4,31.25,32,3745700,2026-02-21T03:46:04Z
KLAC,2009-09-09,18.68,18.73,17.95,18.14,9721118,33.21,33.3,31.92,32.25,5466600,2026-02-21T03:46:04Z
KLAC,2009-09-10,19.3,19.32,18.56,18.75,12031098,34.32,34.35,33,33.35,6765600,2026-02-21T03:46:04Z
KLAC,2009-09-11,19.26,19.48,18.99,19.35,10123561,34.25,34.64,33.77,34.41,5692900,2026-02-21T03:46:04Z
KLAC,2009-09-14,19.59,19.61,19.02,19.13,8259740,34.84,34.87,33.83,34.02,4644800,2026-02-21T03:46:04Z
KLAC,2009-09-15,19.95,19.99,19.57,19.58,9356224,35.48,35.54,34.81,34.82,5261400,2026-02-21T03:46:04Z
KLAC,2009-09-16,19.97,20,19.69,19.99,8727591,35.51,35.57,35.02,35.54,4907900,2026-02-21T03:46:04Z
KLAC,2009-09-17,19.6,19.97,19.41,19.83,9195444,34.86,35.52,34.52,35.27,5171000,2026-02-21T03:46:04Z
KLAC,2009-09-18,19.99,20.03,19.55,19.74,9244212,35.54,35.62,34.76,35.11,5198400,2026-02-21T03:46:04Z
KLAC,2009-09-21,19.94,20.15,19.84,19.88,4831388,35.46,35.83,35.28,35.35,2716900,2026-02-21T03:46:04Z
KLAC,2009-09-22,20.11,20.31,19.88,20.01,5033407,35.77,36.12,35.36,35.59,2830500,2026-02-21T03:46:04Z
KLAC,2009-09-23,20.05,20.45,20.05,20.24,6732555,35.65,36.36,35.65,35.99,3786000,2026-02-21T03:46:04Z
KLAC,2009-09-24,19.72,20.24,19.44,20.24,8409833,35.06,36,34.57,36,4729200,2026-02-21T03:46:04Z
KLAC,2009-09-25,19.66,19.82,19.44,19.72,4784627,34.96,35.24,34.57,35.06,2690600,2026-02-21T03:46:04Z
KLAC,2009-09-28,20.05,20.22,19.69,19.69,5603883,35.65,35.95,35.02,35.02,3151300,2026-02-21T03:46:04Z
KLAC,2009-09-29,19.88,20.23,19.73,19.99,4934005,35.35,35.98,35.08,35.54,2774600,2026-02-21T03:46:04Z
KLAC,2009-09-30,20.17,20.38,19.56,19.91,8041007,35.86,36.24,34.78,35.4,4521800,2026-02-21T03:46:04Z
KLAC,2009-10-01,19.23,20.29,19.19,20.08,8569161,34.2,36.08,34.13,35.71,4818800,2026-02-21T03:46:04Z
KLAC,2009-10-02,18.8,19.26,18.73,19.1,9153678,33.43,34.25,33.31,33.96,5147500,2026-02-21T03:46:04Z
KLAC,2009-10-05,19.36,19.42,18.68,19.01,9309997,34.42,34.54,33.22,33.8,5235400,2026-02-21T03:46:04Z
KLAC,2009-10-06,19.9,19.97,19.5,19.52,7153284,35.38,35.52,34.67,34.72,4022600,2026-02-21T03:46:04Z
KLAC,2009-10-07,19.81,19.87,19.46,19.82,6797467,35.23,35.33,34.61,35.25,3822500,2026-02-21T03:46:04Z
KLAC,2009-10-08,20.07,20.34,19.69,20.01,9178215,35.69,36.17,35.02,35.59,5161300,2026-02-21T03:46:04Z
KLAC,2009-10-09,20.76,20.78,20.08,20.15,9329004,36.92,36.96,35.7,35.83,5246100,2026-02-21T03:46:04Z
KLAC,2009-10-12,20.92,21.21,20.7,20.78,6854351,37.21,37.71,36.82,36.96,3854500,2026-02-21T03:46:04Z
KLAC,2009-10-13,20.81,21.09,20.71,20.95,8340635,37,37.5,36.83,37.25,4690300,2026-02-21T03:46:04Z
KLAC,2009-10-14,20.64,21.03,20.28,21.02,11618880,36.7,37.4,36.07,37.37,6533800,2026-02-21T03:46:04Z
KLAC,2009-10-15,20.64,20.71,20.27,20.71,7397268,36.71,36.83,36.05,36.83,4159800,2026-02-21T03:46:04Z
KLAC,2009-10-16,20.01,20.57,19.8,20.53,7809316,35.58,36.58,35.21,36.5,4391500,2026-02-21T03:46:04Z
KLAC,2009-10-19,20.28,20.3,19.85,20.1,6454064,36.06,36.1,35.3,35.75,3629400,2026-02-21T03:46:04Z
KLAC,2009-10-20,20.24,20.65,20.09,20.19,7368110,35.99,36.72,35.73,35.91,4143400,2026-02-21T03:46:04Z
KLAC,2009-10-21,19.7,20.44,19.66,20.17,6937224,35.04,36.35,34.96,35.86,3901100,2026-02-21T03:46:04Z
KLAC,2009-10-22,20.23,20.3,19.46,19.83,5509093,35.98,36.09,34.61,35.26,3098000,2026-02-21T03:46:04Z
KLAC,2009-10-23,19.72,20.26,19.64,20.26,4822340,35.07,36.03,34.92,36.03,2711800,2026-02-21T03:46:04Z
KLAC,2009-10-26,19.69,20.31,19.54,19.68,5884139,35.01,36.11,34.75,35,3308900,2026-02-21T03:46:04Z
KLAC,2009-10-27,19.33,19.91,19.2,19.69,5874188,34.38,35.41,34.15,35.02,3303300,2026-02-21T03:46:04Z
KLAC,2009-10-28,18.7,19.55,18.7,19.28,7786352,33.25,34.76,33.25,34.28,4378600,2026-02-21T03:46:04Z
KLAC,2009-10-29,19.28,19.39,18.85,18.89,7743501,34.28,34.48,33.52,33.6,4354500,2026-02-21T03:46:04Z
KLAC,2009-10-30,18.28,19.17,18.14,19.06,10306860,32.51,34.09,32.26,33.9,5796000,2026-02-21T03:46:04Z
KLAC,2009-11-02,18.48,18.66,18.02,18.32,6300066,32.86,33.19,32.05,32.58,3542800,2026-02-21T03:46:04Z
KLAC,2009-11-03,17.83,17.97,17.47,17.93,10743604,31.7,31.95,31.06,31.89,6041600,2026-02-21T03:46:04Z
KLAC,2009-11-04,17.87,18.25,17.83,18.09,6684901,31.77,32.45,31.7,32.16,3759200,2026-02-21T03:46:04Z
KLAC,2009-11-05,18.49,18.54,18,18.08,5484386,32.88,32.96,32.01,32.15,3084100,2026-02-21T03:46:04Z
KLAC,2009-11-06,18.48,18.76,18.28,18.41,4620665,32.86,33.36,32.51,32.74,2598400,2026-02-21T03:46:04Z
KLAC,2009-11-09,18.82,19,18.56,18.56,6624967,33.47,33.79,33.01,33.01,3725500,2026-02-21T03:46:04Z
KLAC,2009-11-10,18.57,19.01,18.45,18.66,6336164,33.03,33.81,32.81,33.19,3563100,2026-02-21T03:46:04Z
KLAC,2009-11-11,18.92,19.19,18.7,18.73,5387464,33.64,34.13,33.26,33.3,3029600,2026-02-21T03:46:04Z
KLAC,2009-11-12,18.63,19.17,18.6,18.98,4215730,32.98,33.93,32.93,33.61,2381300,2026-02-21T03:46:04Z
KLAC,2009-11-13,18.76,18.96,18.54,18.66,4913075,33.21,33.57,32.83,33.03,2775200,2026-02-21T03:46:04Z
KLAC,2009-11-16,19.09,19.28,18.76,18.89,4959627,33.8,34.13,33.21,33.44,2801500,2026-02-21T03:46:04Z
KLAC,2009-11-17,19.09,19.17,18.91,18.97,3151217,33.8,33.94,33.47,33.58,1780000,2026-02-21T03:46:04Z
KLAC,2009-11-18,18.76,19.11,18.69,19.01,2902304,33.22,33.83,33.08,33.65,1639400,2026-02-21T03:46:04Z
KLAC,2009-11-19,18.15,18.54,18.01,18.53,5662465,32.14,32.82,31.88,32.81,3198500,2026-02-21T03:46:04Z
KLAC,2009-11-20,18.01,18.13,17.87,17.98,5123212,31.89,32.09,31.64,31.83,2893900,2026-02-21T03:46:04Z
KLAC,2009-11-23,18.17,18.47,18.08,18.19,3610982,32.16,32.7,32,32.2,2039700,2026-02-21T03:46:04Z
KLAC,2009-11-24,18.23,18.31,17.88,18.11,5188877,32.27,32.42,31.66,32.07,2931000,2026-02-21T03:46:04Z
KLAC,2009-11-25,18.4,18.45,18.23,18.28,3103599,32.57,32.67,32.28,32.36,1753100,2026-02-21T03:46:04Z
KLAC,2009-11-27,18.03,18.23,17.77,17.82,1956406,31.92,32.28,31.45,31.55,1105100,2026-02-21T03:46:04Z
KLAC,2009-11-30,17.65,18.15,17.58,17.97,8805508,31.24,32.13,31.13,31.81,4973900,2026-02-21T03:46:04Z
KLAC,2009-12-01,17.91,18,17.7,17.7,10883057,31.71,31.86,31.33,31.33,6147400,2026-02-21T03:46:04Z
KLAC,2009-12-02,18.5,18.54,17.94,17.94,8532916,32.76,32.83,31.76,31.76,4819900,2026-02-21T03:46:04Z
KLAC,2009-12-03,19.54,19.65,18.58,18.62,15948515,34.6,34.78,32.89,32.97,9008700,2026-02-21T03:46:04Z
KLAC,2009-12-04,20.16,20.38,19.61,19.82,15803701,35.69,36.07,34.71,35.09,8926900,2026-02-21T03:46:04Z
