ticker,tradeDate,clsPx,hiPx,loPx,open,stockVolume,unadjClsPx,unadjHiPx,unadjLoPx,unadjOpen,unadjStockVolume,updatedAt
KO,2006-01-03,11.13,11.16,10.98,11.1,50123869,40.9,40.99,40.35,40.79,13640800,2025-12-05T03:45:53Z
KO,2006-01-04,11.11,11.18,11.07,11.16,73466300,40.82,41.07,40.66,40.99,19993200,2025-12-05T03:45:53Z
KO,2006-01-05,11.16,11.19,11.04,11.08,61045148,41.02,41.13,40.58,40.72,16613000,2025-12-05T03:45:53Z
KO,2006-01-06,11.27,11.31,11.12,11.17,62918628,41.41,41.56,40.86,41.06,17122800,2025-12-05T03:45:53Z
KO,2006-01-09,11.32,11.34,11.23,11.29,50780968,41.61,41.67,41.25,41.49,13819600,2025-12-05T03:45:53Z
KO,2006-01-10,11.33,11.36,11.21,11.21,50891878,41.65,41.73,41.18,41.18,13849800,2025-12-05T03:45:53Z
KO,2006-01-11,11.34,11.38,11.29,11.34,38856035,41.67,41.81,41.47,41.66,10574400,2025-12-05T03:45:53Z
KO,2006-01-12,11.28,11.33,11.23,11.23,62783200,41.44,41.63,41.28,41.28,17086000,2025-12-05T03:45:53Z
KO,2006-01-13,11.24,11.31,11.17,11.26,38760601,41.31,41.55,41.05,41.38,10548400,2025-12-05T03:45:53Z
KO,2006-01-17,11.17,11.23,11.13,11.18,42529213,41.03,41.28,40.9,41.08,11574000,2025-12-05T03:45:53Z
KO,2006-01-18,11.11,11.16,11.05,11.16,47424661,40.82,41,40.6,41,12906200,2025-12-05T03:45:53Z
KO,2006-01-19,11.14,11.2,11.05,11.14,40080446,40.93,41.14,40.6,40.94,10907600,2025-12-05T03:45:53Z
KO,2006-01-20,10.91,11.12,10.71,11.11,69711961,40.09,40.87,39.36,40.83,18971600,2025-12-05T03:45:53Z
KO,2006-01-23,11.02,11.07,10.89,10.89,48585890,40.5,40.66,40,40,13222200,2025-12-05T03:45:53Z
KO,2006-01-24,11.13,11.24,11.08,11.21,58382799,40.9,41.3,40.7,41.2,15888400,2025-12-05T03:45:53Z
KO,2006-01-25,11.2,11.21,11.13,11.2,50337787,41.14,41.19,40.9,41.14,13699000,2025-12-05T03:45:53Z
KO,2006-01-26,11.29,11.32,11.2,11.23,53550217,41.48,41.58,41.15,41.28,14573200,2025-12-05T03:45:53Z
KO,2006-01-27,11.42,11.43,11.22,11.29,50144414,41.97,41.99,41.22,41.48,13646400,2025-12-05T03:45:53Z
KO,2006-01-30,11.36,11.42,11.31,11.39,44621667,41.75,41.96,41.54,41.85,12143400,2025-12-05T03:45:53Z
KO,2006-01-31,11.26,11.36,11.22,11.36,48191905,41.38,41.74,41.21,41.74,13115000,2025-12-05T03:45:53Z
KO,2006-02-01,11.29,11.31,11.17,11.21,47646423,41.5,41.54,41.03,41.19,12966600,2025-12-05T03:45:53Z
KO,2006-02-02,11.22,11.3,11.15,11.25,45815847,41.23,41.51,40.98,41.32,12468400,2025-12-05T03:45:53Z
KO,2006-02-03,11.13,11.22,11.03,11.16,46071389,40.88,41.23,40.52,41.02,12538000,2025-12-05T03:45:53Z
KO,2006-02-06,11.14,11.16,11.06,11.11,49608628,40.94,41,40.63,40.83,13500600,2025-12-05T03:45:53Z
KO,2006-02-07,11.17,11.29,11.05,11.27,75596463,41.03,41.48,40.61,41.4,20573000,2025-12-05T03:45:53Z
KO,2006-02-08,11.22,11.24,11.07,11.23,66824758,41.23,41.29,40.67,41.26,18185800,2025-12-05T03:45:53Z
KO,2006-02-09,11.16,11.27,11.13,11.19,55284482,41,41.42,40.9,41.12,15045200,2025-12-05T03:45:53Z
KO,2006-02-10,11.2,11.27,11.08,11.13,46967978,41.16,41.42,40.71,40.91,12782000,2025-12-05T03:45:53Z
KO,2006-02-13,11.09,11.26,11.06,11.26,43328714,40.74,41.38,40.63,41.38,11791600,2025-12-05T03:45:53Z
KO,2006-02-14,11.25,11.28,11.14,11.16,51623279,41.34,41.44,40.94,40.99,14048800,2025-12-05T03:45:53Z
KO,2006-02-15,11.25,11.28,11.19,11.26,49833028,41.34,41.44,41.11,41.39,13561600,2025-12-05T03:45:53Z
KO,2006-02-16,11.32,11.33,11.2,11.23,52845138,41.59,41.62,41.16,41.28,14381400,2025-12-05T03:45:53Z
KO,2006-02-17,11.37,11.4,11.22,11.33,53373680,41.79,41.9,41.23,41.64,14525200,2025-12-05T03:45:53Z
KO,2006-02-21,11.39,11.44,11.32,11.37,76405983,41.85,42.04,41.6,41.79,20793200,2025-12-05T03:45:53Z
KO,2006-02-22,11.45,11.48,11.41,11.44,43437753,42.08,42.17,41.92,42.05,11821200,2025-12-05T03:45:53Z
KO,2006-02-23,11.44,11.51,11.41,11.48,34994315,42.03,42.31,41.94,42.18,9523400,2025-12-05T03:45:53Z
KO,2006-02-24,11.49,11.52,11.39,11.43,39285958,42.23,42.34,41.84,42.01,10691400,2025-12-05T03:45:53Z
KO,2006-02-27,11.57,11.57,11.48,11.51,48503349,42.53,42.53,42.18,42.28,13199800,2025-12-05T03:45:53Z
KO,2006-02-28,11.42,11.59,11.41,11.57,59488802,41.97,42.58,41.92,42.52,16189400,2025-12-05T03:45:53Z
KO,2006-03-01,11.51,11.53,11.39,11.4,40555395,42.31,42.38,41.85,41.9,11036800,2025-12-05T03:45:53Z
KO,2006-03-02,11.41,11.47,11.35,11.45,42396139,41.91,42.15,41.7,42.07,11537800,2025-12-05T03:45:53Z
KO,2006-03-03,11.38,11.44,11.31,11.33,38901871,41.8,42.05,41.57,41.63,10586800,2025-12-05T03:45:53Z
KO,2006-03-06,11.42,11.48,11.35,11.37,40220763,41.95,42.19,41.7,41.77,10945800,2025-12-05T03:45:53Z
KO,2006-03-07,11.38,11.44,11.35,11.42,41311650,41.8,42.04,41.7,41.95,11242600,2025-12-05T03:45:53Z
KO,2006-03-08,11.49,11.57,11.35,11.35,50866638,42.23,42.51,41.7,41.72,13843000,2025-12-05T03:45:53Z
KO,2006-03-09,11.54,11.59,11.46,11.46,48859141,42.4,42.59,42.12,42.12,13296600,2025-12-05T03:45:53Z
KO,2006-03-10,11.64,11.68,11.57,11.6,56584496,42.77,42.93,42.53,42.62,15399000,2025-12-05T03:45:53Z
KO,2006-03-13,11.65,11.73,11.63,11.68,49255085,42.49,42.8,42.41,42.59,13502200,2025-12-05T03:45:53Z
KO,2006-03-14,11.73,11.75,11.63,11.64,41503019,42.79,42.87,42.44,42.47,11377200,2025-12-05T03:45:53Z
KO,2006-03-15,11.71,11.74,11.66,11.7,46713170,42.73,42.82,42.55,42.69,12805400,2025-12-05T03:45:53Z
KO,2006-03-16,11.7,11.72,11.65,11.71,51833111,42.69,42.76,42.51,42.71,14209000,2025-12-05T03:45:53Z
KO,2006-03-17,11.73,11.74,11.67,11.7,60222643,42.79,42.84,42.58,42.69,16508800,2025-12-05T03:45:53Z
KO,2006-03-20,11.76,11.79,11.7,11.74,43233633,42.89,42.99,42.69,42.82,11851600,2025-12-05T03:45:53Z
KO,2006-03-21,11.72,11.75,11.65,11.73,53353778,42.75,42.86,42.51,42.8,14625800,2025-12-05T03:45:53Z
KO,2006-03-22,11.72,11.77,11.7,11.74,60123504,42.77,42.95,42.69,42.82,16481600,2025-12-05T03:45:53Z
KO,2006-03-23,11.63,11.74,11.57,11.72,43969121,42.41,42.84,42.2,42.75,12053200,2025-12-05T03:45:53Z
KO,2006-03-24,11.69,11.72,11.6,11.61,35471022,42.66,42.76,42.33,42.35,9723600,2025-12-05T03:45:53Z
KO,2006-03-27,11.62,11.69,11.6,11.67,34068712,42.39,42.65,42.33,42.56,9339200,2025-12-05T03:45:53Z
KO,2006-03-28,11.56,11.65,11.54,11.6,39800167,42.16,42.49,42.11,42.31,10910400,2025-12-05T03:45:53Z
KO,2006-03-29,11.56,11.61,11.52,11.54,31744121,42.16,42.35,42.02,42.1,8702000,2025-12-05T03:45:53Z
KO,2006-03-30,11.55,11.59,11.49,11.51,49561396,42.12,42.26,41.9,41.98,13586200,2025-12-05T03:45:53Z
KO,2006-03-31,11.48,11.57,11.46,11.55,53025312,41.87,42.19,41.81,42.12,14535800,2025-12-05T03:45:53Z
KO,2006-04-03,11.48,11.58,11.46,11.54,41190755,41.87,42.23,41.8,42.1,11291600,2025-12-05T03:45:53Z
KO,2006-04-04,11.54,11.55,11.43,11.46,33771105,42.08,42.13,41.68,41.82,9257600,2025-12-05T03:45:53Z
KO,2006-04-05,11.5,11.54,11.45,11.53,47965791,41.95,42.08,41.75,42.05,13148800,2025-12-05T03:45:53Z
KO,2006-04-06,11.43,11.51,11.4,11.51,40084908,41.69,42,41.58,42,10988400,2025-12-05T03:45:53Z
KO,2006-04-07,11.34,11.48,11.32,11.46,43386270,41.35,41.88,41.31,41.79,11893400,2025-12-05T03:45:53Z
KO,2006-04-10,11.37,11.38,11.3,11.34,28184466,41.48,41.5,41.22,41.35,7726200,2025-12-05T03:45:53Z
KO,2006-04-11,11.32,11.52,11.26,11.52,40437847,41.29,42.01,41.07,42.01,11085200,2025-12-05T03:45:53Z
KO,2006-04-12,11.28,11.33,11.21,11.31,36515682,41.15,41.34,40.9,41.26,10010000,2025-12-05T03:45:53Z
KO,2006-04-13,11.31,11.36,11.26,11.29,32936935,41.26,41.43,41.08,41.17,9029000,2025-12-05T03:45:53Z
KO,2006-04-17,11.25,11.35,11.2,11.32,33819276,41.04,41.4,40.86,41.3,9270800,2025-12-05T03:45:53Z
KO,2006-04-18,11.32,11.37,11.25,11.25,42054755,41.3,41.49,41.05,41.05,11528400,2025-12-05T03:45:53Z
KO,2006-04-19,11.43,11.55,11.35,11.37,60838713,41.69,42.12,41.4,41.48,16677600,2025-12-05T03:45:53Z
KO,2006-04-20,11.46,11.58,11.39,11.44,44674720,41.81,42.24,41.55,41.74,12246600,2025-12-05T03:45:53Z
KO,2006-04-21,11.47,11.52,11.43,11.52,47826382,41.85,42.02,41.69,42.01,13110600,2025-12-05T03:45:53Z
KO,2006-04-24,11.39,11.49,11.38,11.45,45476406,41.56,41.9,41.52,41.75,12466400,2025-12-05T03:45:53Z
KO,2006-04-25,11.34,11.41,11.31,11.39,45966816,41.35,41.62,41.25,41.55,12600800,2025-12-05T03:45:53Z
KO,2006-04-26,11.44,11.45,11.34,11.34,44681737,41.72,41.78,41.35,41.35,12248600,2025-12-05T03:45:53Z
KO,2006-04-27,11.53,11.55,11.41,11.41,47957083,42.05,42.14,41.61,41.63,13146400,2025-12-05T03:45:53Z
KO,2006-04-28,11.5,11.54,11.47,11.52,42058490,41.96,42.09,41.83,42.01,11529400,2025-12-05T03:45:53Z
KO,2006-05-01,11.51,11.57,11.49,11.54,48391790,41.97,42.19,41.91,42.09,13265600,2025-12-05T03:45:53Z
KO,2006-05-02,11.58,11.6,11.51,11.54,38490670,42.24,42.3,41.99,42.1,10551400,2025-12-05T03:45:53Z
KO,2006-05-03,11.49,11.58,11.47,11.56,52213318,41.92,42.23,41.83,42.15,14313200,2025-12-05T03:45:53Z
KO,2006-05-04,11.54,11.55,11.46,11.5,48524075,42.08,42.13,41.8,41.95,13301800,2025-12-05T03:45:53Z
KO,2006-05-05,11.71,11.76,11.52,11.59,69157514,42.71,42.89,42.04,42.27,18958000,2025-12-05T03:45:53Z
KO,2006-05-08,11.89,11.99,11.74,11.75,99800972,43.37,43.74,42.82,42.85,27358400,2025-12-05T03:45:53Z
KO,2006-05-09,11.97,11.97,11.84,11.84,50814087,43.67,43.67,43.18,43.18,13929600,2025-12-05T03:45:53Z
KO,2006-05-10,11.95,12,11.92,11.97,54362918,43.58,43.76,43.47,43.67,14902400,2025-12-05T03:45:53Z
KO,2006-05-11,11.89,11.95,11.86,11.94,61903060,43.38,43.59,43.27,43.54,16969400,2025-12-05T03:45:53Z
KO,2006-05-12,11.84,11.89,11.82,11.86,53871673,43.18,43.39,43.11,43.28,14767800,2025-12-05T03:45:53Z
KO,2006-05-15,12.05,12.06,11.8,11.84,67936052,43.94,44,43.05,43.19,18623200,2025-12-05T03:45:53Z
KO,2006-05-16,12.02,12.12,11.96,12.1,61934422,43.84,44.2,43.64,44.14,16978000,2025-12-05T03:45:53Z
KO,2006-05-17,11.94,12.05,11.84,12,72456503,43.55,43.97,43.2,43.76,19862400,2025-12-05T03:45:53Z
KO,2006-05-18,11.94,12.04,11.89,11.95,56089738,43.55,43.92,43.36,43.58,15375800,2025-12-05T03:45:53Z
KO,2006-05-19,11.97,11.99,11.86,11.99,58420092,43.65,43.75,43.27,43.74,16014600,2025-12-05T03:45:53Z
KO,2006-05-22,11.95,11.99,11.89,11.94,57032387,43.6,43.73,43.38,43.55,15634200,2025-12-05T03:45:53Z
KO,2006-05-23,11.95,12,11.93,11.99,49997808,43.58,43.77,43.52,43.73,13705800,2025-12-05T03:45:53Z
KO,2006-05-24,12.07,12.11,11.91,11.93,74909256,44.03,44.17,43.45,43.52,20534800,2025-12-05T03:45:53Z
KO,2006-05-25,12.16,12.16,12.02,12.11,51528310,44.37,44.37,43.85,44.19,14125400,2025-12-05T03:45:53Z
KO,2006-05-26,12.2,12.27,12.12,12.2,45004357,44.49,44.76,44.22,44.49,12337000,2025-12-05T03:45:53Z
KO,2006-05-30,11.97,12.15,11.96,12.12,60745918,43.67,44.32,43.63,44.21,16652200,2025-12-05T03:45:53Z
KO,2006-05-31,12.07,12.09,11.94,11.98,53258867,44.03,44.09,43.56,43.7,14599800,2025-12-05T03:45:53Z
KO,2006-06-01,12.04,12.08,11.97,12.06,36382279,43.92,44.05,43.67,43.98,9973400,2025-12-05T03:45:53Z
KO,2006-06-02,12.03,12.1,11.95,11.99,44214300,43.89,44.13,43.6,43.75,12120400,2025-12-05T03:45:53Z
KO,2006-06-05,11.91,12.03,11.89,12,41690668,43.43,43.88,43.39,43.79,11428600,2025-12-05T03:45:53Z
KO,2006-06-06,11.92,11.98,11.84,11.95,60477425,43.5,43.71,43.2,43.6,16578600,2025-12-05T03:45:53Z
KO,2006-06-07,11.89,12.01,11.88,11.96,42233459,43.38,43.8,43.35,43.62,11577400,2025-12-05T03:45:53Z
KO,2006-06-08,11.89,11.93,11.8,11.92,84195805,43.39,43.52,43.05,43.47,23080400,2025-12-05T03:45:53Z
KO,2006-06-09,11.94,12.02,11.91,12.01,50880506,43.55,43.84,43.43,43.8,13947800,2025-12-05T03:45:53Z
KO,2006-06-12,11.87,11.97,11.86,11.97,51036673,43.31,43.68,43.27,43.67,13990600,2025-12-05T03:45:53Z
KO,2006-06-13,11.85,11.94,11.81,11.92,65621944,42.91,43.25,42.76,43.18,18118600,2025-12-05T03:45:53Z
KO,2006-06-14,11.82,11.91,11.73,11.83,44919699,42.81,43.12,42.49,42.83,12402600,2025-12-05T03:45:53Z
KO,2006-06-15,11.88,11.91,11.74,11.86,53020952,43.04,43.12,42.52,42.95,14639400,2025-12-05T03:45:53Z
KO,2006-06-16,11.93,11.98,11.85,11.85,60682691,43.21,43.37,42.93,42.93,16754800,2025-12-05T03:45:53Z
KO,2006-06-19,11.85,11.96,11.8,11.93,42096260,42.93,43.33,42.73,43.21,11623000,2025-12-05T03:45:53Z
KO,2006-06-20,11.82,11.91,11.79,11.85,40940200,42.8,43.12,42.7,42.9,11303800,2025-12-05T03:45:53Z
KO,2006-06-21,11.88,11.91,11.78,11.78,33561074,43.01,43.14,42.68,42.68,9266400,2025-12-05T03:45:53Z
KO,2006-06-22,11.84,11.89,11.77,11.88,29136066,42.87,43.05,42.62,43.02,8044600,2025-12-05T03:45:53Z
KO,2006-06-23,11.8,11.88,11.79,11.8,27820547,42.75,43.02,42.7,42.74,7681400,2025-12-05T03:45:53Z
KO,2006-06-26,11.83,11.84,11.73,11.8,34862035,42.83,42.87,42.49,42.73,9625600,2025-12-05T03:45:53Z
KO,2006-06-27,11.74,11.81,11.67,11.79,43493685,42.51,42.78,42.27,42.69,12008800,2025-12-05T03:45:53Z
KO,2006-06-28,11.71,11.75,11.7,11.72,37030031,42.42,42.56,42.36,42.43,10224200,2025-12-05T03:45:53Z
KO,2006-06-29,11.89,11.91,11.71,11.75,52077931,43.06,43.15,42.42,42.55,14379000,2025-12-05T03:45:53Z
KO,2006-06-30,11.88,12.01,11.88,11.94,81737276,43.02,43.49,43.02,43.24,22568000,2025-12-05T03:45:53Z
KO,2006-07-03,11.97,12,11.9,11.93,21280263,43.37,43.45,43.11,43.2,5875600,2025-12-05T03:45:53Z
KO,2006-07-05,11.88,11.98,11.83,11.93,42874403,43.02,43.37,42.84,43.2,11837800,2025-12-05T03:45:53Z
KO,2006-07-06,11.96,12.04,11.88,11.92,37109163,43.33,43.59,43.04,43.18,10246000,2025-12-05T03:45:53Z
KO,2006-07-07,11.92,12.01,11.91,11.94,21274540,43.18,43.49,43.12,43.23,5874000,2025-12-05T03:45:53Z
KO,2006-07-10,12.05,12.08,11.94,11.96,34728705,43.63,43.75,43.24,43.3,9588800,2025-12-05T03:45:53Z
KO,2006-07-11,12.1,12.17,12.04,12.07,56229874,43.81,44.08,43.62,43.7,15525400,2025-12-05T03:45:53Z
KO,2006-07-12,12.03,12.11,11.99,12.1,30062463,43.57,43.87,43.44,43.83,8300400,2025-12-05T03:45:53Z
KO,2006-07-13,11.9,12.05,11.83,12.01,46614251,43.1,43.65,42.85,43.5,12870400,2025-12-05T03:45:53Z
KO,2006-07-14,11.78,11.92,11.7,11.87,49891076,42.65,43.18,42.37,43,13775200,2025-12-05T03:45:53Z
KO,2006-07-17,11.79,11.83,11.75,11.75,40476574,42.7,42.83,42.54,42.56,11175800,2025-12-05T03:45:53Z
KO,2006-07-18,12.02,12.07,11.89,11.97,86746513,43.55,43.72,43.07,43.35,23951200,2025-12-05T03:45:53Z
KO,2006-07-19,12.1,12.12,12.02,12.12,58509724,43.82,43.91,43.55,43.89,16154800,2025-12-05T03:45:53Z
KO,2006-07-20,12.1,12.14,12.05,12.1,38599946,43.84,43.97,43.65,43.81,10657600,2025-12-05T03:45:53Z
KO,2006-07-21,12.12,12.24,12.09,12.24,66640641,43.9,44.32,43.77,44.32,18399800,2025-12-05T03:45:53Z
KO,2006-07-24,12.15,12.19,12.11,12.11,41503120,44,44.16,43.87,43.87,11459200,2025-12-05T03:45:53Z
KO,2006-07-25,12.22,12.26,12.07,12.11,39781067,44.25,44.39,43.72,43.87,10983800,2025-12-05T03:45:53Z
KO,2006-07-26,12.27,12.33,12.16,12.18,60240689,44.45,44.64,44.04,44.1,16632800,2025-12-05T03:45:53Z
KO,2006-07-27,12.23,12.33,12.21,12.3,46431661,44.31,44.64,44.22,44.55,12820000,2025-12-05T03:45:53Z
KO,2006-07-28,12.29,12.33,12.23,12.28,46471428,44.52,44.67,44.31,44.49,12831000,2025-12-05T03:45:53Z
KO,2006-07-31,12.29,12.37,12.27,12.29,46490177,44.5,44.79,44.43,44.52,12836200,2025-12-05T03:45:53Z
KO,2006-08-01,12.23,12.33,12.22,12.29,32938228,44.31,44.64,44.24,44.5,9094400,2025-12-05T03:45:53Z
KO,2006-08-02,12.23,12.28,12.2,12.23,33033120,44.31,44.49,44.19,44.29,9120600,2025-12-05T03:45:53Z
KO,2006-08-03,12.15,12.25,12.12,12.2,41209101,44.02,44.35,43.89,44.2,11378000,2025-12-05T03:45:53Z
KO,2006-08-04,12.11,12.2,12.08,12.2,35427837,43.85,44.2,43.75,44.19,9781800,2025-12-05T03:45:53Z
KO,2006-08-07,12.04,12.14,12.01,12.11,36324704,43.61,43.96,43.48,43.85,10029400,2025-12-05T03:45:53Z
KO,2006-08-08,12.1,12.15,12.07,12.1,29564016,43.81,44,43.7,43.81,8162800,2025-12-05T03:45:53Z
KO,2006-08-09,12.08,12.18,12.07,12.14,27956739,43.75,44.1,43.71,43.95,7719000,2025-12-05T03:45:53Z
KO,2006-08-10,12.12,12.2,12.07,12.09,30534060,43.9,44.18,43.71,43.77,8430600,2025-12-05T03:45:53Z
KO,2006-08-11,12.08,12.12,12.04,12.07,20562388,43.76,43.88,43.61,43.72,5677400,2025-12-05T03:45:53Z
KO,2006-08-14,12.15,12.19,12.12,12.15,30889594,43.99,44.15,43.88,43.99,8528800,2025-12-05T03:45:53Z
KO,2006-08-15,12.24,12.25,12.18,12.22,34411470,44.32,44.35,44.11,44.24,9501200,2025-12-05T03:45:53Z
KO,2006-08-16,12.24,12.28,12.21,12.26,35636543,44.33,44.46,44.21,44.39,9839400,2025-12-05T03:45:53Z
KO,2006-08-17,12.2,12.24,12.14,12.19,34469547,44.18,44.32,43.95,44.16,9517200,2025-12-05T03:45:53Z
KO,2006-08-18,12.23,12.27,12.08,12.08,36084138,44.31,44.42,43.76,43.76,9963000,2025-12-05T03:45:53Z
KO,2006-08-21,12.2,12.3,12.17,12.25,30163836,44.19,44.54,44.08,44.35,8328400,2025-12-05T03:45:53Z
KO,2006-08-22,12.26,12.29,12.18,12.23,29039010,44.41,44.52,44.12,44.28,8017800,2025-12-05T03:45:53Z
KO,2006-08-23,12.24,12.27,12.18,12.24,27385171,44.32,44.44,44.13,44.33,7561200,2025-12-05T03:45:53Z
KO,2006-08-24,12.29,12.31,12.2,12.23,37399639,44.51,44.6,44.18,44.3,10326200,2025-12-05T03:45:53Z
KO,2006-08-25,12.29,12.32,12.25,12.27,18202487,44.52,44.62,44.35,44.45,5025800,2025-12-05T03:45:53Z
KO,2006-08-28,12.34,12.42,12.25,12.29,32301359,44.71,44.98,44.35,44.52,8918600,2025-12-05T03:45:53Z
KO,2006-08-29,12.46,12.47,12.33,12.34,51067444,45.14,45.16,44.65,44.68,14100000,2025-12-05T03:45:53Z
KO,2006-08-30,12.41,12.54,12.41,12.49,43893378,44.96,45.4,44.93,45.22,12119200,2025-12-05T03:45:53Z
KO,2006-08-31,12.37,12.46,12.37,12.46,26463771,44.81,45.14,44.8,45.12,7306800,2025-12-05T03:45:53Z
KO,2006-09-01,12.44,12.46,12.39,12.42,28438345,45.07,45.13,44.87,44.98,7852000,2025-12-05T03:45:53Z
KO,2006-09-05,12.42,12.44,12.37,12.43,29498928,44.98,45.07,44.81,45.01,8144800,2025-12-05T03:45:53Z
KO,2006-09-06,12.34,12.39,12.29,12.32,35703790,44.7,44.86,44.51,44.61,9858000,2025-12-05T03:45:53Z
KO,2006-09-07,12.28,12.34,12.25,12.33,53532584,44.49,44.7,44.37,44.65,14780600,2025-12-05T03:45:53Z
KO,2006-09-08,12.31,12.33,12.24,12.27,31314855,44.6,44.67,44.32,44.43,8646200,2025-12-05T03:45:53Z
KO,2006-09-11,12.3,12.39,12.23,12.23,32578125,44.55,44.87,44.3,44.3,8995000,2025-12-05T03:45:53Z
KO,2006-09-12,12.36,12.42,12.28,12.28,37307490,44.78,44.97,44.47,44.47,10300800,2025-12-05T03:45:53Z
KO,2006-09-13,12.4,12.45,12.36,12.45,38829680,44.61,44.78,44.45,44.78,10795800,2025-12-05T03:45:53Z
KO,2006-09-14,12.39,12.44,12.35,12.35,28053757,44.58,44.75,44.42,44.42,7799800,2025-12-05T03:45:53Z
KO,2006-09-15,12.4,12.46,12.36,12.43,56995464,44.6,44.83,44.47,44.7,15846400,2025-12-05T03:45:53Z
KO,2006-09-18,12.36,12.45,12.31,12.38,32259244,44.44,44.79,44.28,44.52,8969000,2025-12-05T03:45:53Z
KO,2006-09-19,12.34,12.39,12.29,12.38,29826210,44.38,44.56,44.22,44.54,8292600,2025-12-05T03:45:53Z
KO,2006-09-20,12.36,12.4,12.31,12.35,29810535,44.45,44.6,44.29,44.43,8288200,2025-12-05T03:45:53Z
KO,2006-09-21,12.29,12.39,12.25,12.36,43483168,44.2,44.55,44.07,44.45,12089600,2025-12-05T03:45:53Z
KO,2006-09-22,12.23,12.29,12.22,12.26,34858222,43.99,44.2,43.94,44.1,9691600,2025-12-05T03:45:53Z
KO,2006-09-25,12.34,12.4,12.24,12.28,45343429,44.4,44.61,44.01,44.17,12606800,2025-12-05T03:45:53Z
KO,2006-09-26,12.41,12.44,12.32,12.36,38166260,44.64,44.73,44.31,44.47,10611400,2025-12-05T03:45:53Z
KO,2006-09-27,12.43,12.48,12.33,12.39,40787751,44.71,44.9,44.34,44.55,11340200,2025-12-05T03:45:53Z
KO,2006-09-28,12.5,12.51,12.42,12.46,34910756,44.95,44.99,44.67,44.81,9706200,2025-12-05T03:45:53Z
KO,2006-09-29,12.42,12.5,12.41,12.45,33143133,44.68,44.95,44.63,44.79,9214800,2025-12-05T03:45:53Z
KO,2006-10-02,12.37,12.49,12.37,12.48,33991392,44.5,44.93,44.5,44.9,9450600,2025-12-05T03:45:53Z
KO,2006-10-03,12.39,12.46,12.37,12.37,38682929,44.56,44.82,44.5,44.5,10755000,2025-12-05T03:45:53Z
KO,2006-10-04,12.46,12.46,12.18,12.18,36837881,44.8,44.82,43.79,43.79,10242000,2025-12-05T03:45:53Z
KO,2006-10-05,12.46,12.5,12.42,12.43,32190014,44.83,44.95,44.68,44.72,8949800,2025-12-05T03:45:53Z
KO,2006-10-06,12.44,12.48,12.42,12.46,36349380,44.76,44.89,44.66,44.82,10106200,2025-12-05T03:45:53Z
KO,2006-10-09,12.35,12.42,12.28,12.39,55158761,44.42,44.66,44.17,44.55,15335800,2025-12-05T03:45:53Z
KO,2006-10-10,12.25,12.37,12.22,12.36,92965522,44.06,44.49,43.95,44.47,25847200,2025-12-05T03:45:53Z
KO,2006-10-11,12.27,12.28,12.21,12.23,37450584,44.12,44.15,43.9,43.99,10412400,2025-12-05T03:45:53Z
KO,2006-10-12,12.25,12.3,12.22,12.29,39716645,44.05,44.25,43.96,44.2,11042400,2025-12-05T03:45:53Z
KO,2006-10-13,12.24,12.29,12.19,12.27,59808558,44.02,44.2,43.86,44.12,16628600,2025-12-05T03:45:53Z
KO,2006-10-16,12.3,12.37,12.23,12.28,52400215,44.25,44.48,44,44.15,14568800,2025-12-05T03:45:53Z
KO,2006-10-17,12.17,12.3,12.16,12.26,58302502,43.79,44.23,43.75,44.1,16209800,2025-12-05T03:45:53Z
KO,2006-10-18,12.22,12.28,12.16,12.21,72559786,43.96,44.15,43.72,43.92,20173800,2025-12-05T03:45:53Z
KO,2006-10-19,12.49,12.55,12.4,12.43,127047716,44.91,45.14,44.6,44.7,35323000,2025-12-05T03:45:53Z
KO,2006-10-20,13,13.1,12.54,12.57,192883539,46.75,47.12,45.1,45.21,53627400,2025-12-05T03:45:53Z
KO,2006-10-23,13.15,13.21,12.98,13,108856253,47.28,47.5,46.7,46.75,30265400,2025-12-05T03:45:53Z
KO,2006-10-24,13.08,13.13,13.04,13.08,75285692,47.03,47.24,46.89,47.05,20931600,2025-12-05T03:45:53Z
KO,2006-10-25,13.12,13.15,13.07,13.11,50783864,47.19,47.28,47,47.15,14119400,2025-12-05T03:45:53Z
KO,2006-10-26,13.11,13.12,13.04,13.11,56427872,47.14,47.2,46.89,47.16,15688600,2025-12-05T03:45:53Z
KO,2006-10-27,13.03,13.07,13,13.06,48540681,46.87,47.02,46.76,46.96,13495800,2025-12-05T03:45:53Z
KO,2006-10-30,13,13.12,12.97,13.06,39469067,46.76,47.19,46.66,46.97,10973600,2025-12-05T03:45:53Z
KO,2006-10-31,12.99,13.05,12.93,13.02,43742631,46.72,46.94,46.51,46.82,12161800,2025-12-05T03:45:53Z
KO,2006-11-01,12.97,13.04,12.93,13,37638437,46.64,46.9,46.5,46.74,10464600,2025-12-05T03:45:53Z
KO,2006-11-02,12.99,13.02,12.9,12.93,55665855,46.71,46.83,46.41,46.51,15476800,2025-12-05T03:45:53Z
KO,2006-11-03,12.93,13.02,12.9,13.01,42954339,46.5,46.83,46.4,46.8,11942600,2025-12-05T03:45:53Z
KO,2006-11-06,13.01,13.04,12.88,12.98,67391928,46.81,46.9,46.33,46.7,18737000,2025-12-05T03:45:53Z
KO,2006-11-07,13.05,13.07,12.95,12.98,58792072,46.92,47.01,46.57,46.67,16346000,2025-12-05T03:45:53Z
KO,2006-11-08,13.03,13.07,12.94,12.97,53105969,46.88,47,46.53,46.66,14765000,2025-12-05T03:45:53Z
KO,2006-11-09,12.97,13.07,12.94,12.98,57812464,46.65,47.01,46.53,46.7,16073600,2025-12-05T03:45:53Z
KO,2006-11-10,12.92,13,12.87,12.97,35538761,46.47,46.75,46.28,46.65,9880800,2025-12-05T03:45:53Z
KO,2006-11-13,12.9,12.96,12.84,12.9,49178756,46.41,46.6,46.19,46.41,13673200,2025-12-05T03:45:53Z
KO,2006-11-14,12.94,12.96,12.83,12.88,58925282,46.55,46.61,46.16,46.33,16383000,2025-12-05T03:45:53Z
KO,2006-11-15,12.97,13,12.89,12.92,71300935,46.65,46.75,46.37,46.47,19823800,2025-12-05T03:45:53Z
KO,2006-11-16,13.11,13.12,13,13.01,53041169,47.14,47.19,46.75,46.8,14747000,2025-12-05T03:45:53Z
KO,2006-11-17,13.14,13.17,13.08,13.1,67995527,47.26,47.37,47.05,47.13,18904800,2025-12-05T03:45:53Z
KO,2006-11-20,13.08,13.17,13.06,13.1,44378051,47.04,47.36,46.96,47.11,12338400,2025-12-05T03:45:53Z
KO,2006-11-21,13.06,13.11,13.02,13.03,43558709,46.99,47.16,46.82,46.87,12110600,2025-12-05T03:45:53Z
KO,2006-11-22,13.1,13.12,13.03,13.07,26107281,47.1,47.18,46.88,47,7258600,2025-12-05T03:45:53Z
KO,2006-11-24,13.05,13.12,13.03,13.04,16421927,46.92,47.19,46.85,46.9,4565800,2025-12-05T03:45:53Z
KO,2006-11-27,12.94,13.06,12.9,13.03,68202693,46.55,46.96,46.39,46.86,18962400,2025-12-05T03:45:53Z
KO,2006-11-28,12.98,13.05,12.89,12.89,52296679,46.68,46.95,46.35,46.37,14540000,2025-12-05T03:45:53Z
KO,2006-11-29,13.05,13.1,12.98,13.04,53870737,46.64,46.81,46.36,46.6,15077800,2025-12-05T03:45:53Z
KO,2006-11-30,13.11,13.16,12.99,13,75284147,46.83,47.01,46.41,46.45,21071200,2025-12-05T03:45:53Z
KO,2006-12-01,13.03,13.08,12.94,13.06,55239889,46.57,46.72,46.23,46.65,15461000,2025-12-05T03:45:53Z
KO,2006-12-04,13.11,13.23,13.03,13.08,50035557,46.83,47.26,46.54,46.73,14004400,2025-12-05T03:45:53Z
KO,2006-12-05,13.43,13.44,13.11,13.15,94120687,48,48,46.85,46.99,26343400,2025-12-05T03:45:53Z
KO,2006-12-06,13.54,13.59,13.42,13.45,106045837,48.38,48.54,47.93,48.05,29681000,2025-12-05T03:45:53Z
KO,2006-12-07,13.64,13.71,13.57,13.6,86429211,48.72,48.98,48.49,48.58,24190600,2025-12-05T03:45:53Z
KO,2006-12-08,13.69,13.71,13.62,13.65,58310564,48.91,48.98,48.65,48.78,16320400,2025-12-05T03:45:53Z
KO,2006-12-11,13.66,13.76,13.6,13.67,64959241,48.81,49.16,48.58,48.85,18181400,2025-12-05T03:45:53Z
KO,2006-12-12,13.69,13.76,13.63,13.65,57976441,48.9,49.16,48.7,48.76,16227000,2025-12-05T03:45:53Z
KO,2006-12-13,13.67,13.75,13.62,13.75,46306859,48.84,49.14,48.66,49.14,12960800,2025-12-05T03:45:53Z
KO,2006-12-14,13.71,13.76,13.64,13.68,56559100,49,49.17,48.73,48.89,15830200,2025-12-05T03:45:53Z
KO,2006-12-15,13.69,13.81,13.54,13.71,84891942,48.93,49.35,48.38,49,23760200,2025-12-05T03:45:53Z
KO,2006-12-18,13.69,13.74,13.66,13.67,37294709,48.9,49.1,48.82,48.85,10438400,2025-12-05T03:45:53Z
KO,2006-12-19,13.65,13.68,13.55,13.62,55241135,48.77,48.86,48.4,48.67,15461400,2025-12-05T03:45:53Z
KO,2006-12-20,13.64,13.66,13.61,13.64,43244250,48.75,48.82,48.64,48.73,12103600,2025-12-05T03:45:53Z
KO,2006-12-21,13.62,13.68,13.61,13.65,51388939,48.66,48.87,48.63,48.75,14383200,2025-12-05T03:45:53Z
KO,2006-12-22,13.54,13.66,13.51,13.64,28146935,48.38,48.8,48.25,48.73,7878000,2025-12-05T03:45:53Z
KO,2006-12-26,13.59,13.6,13.52,13.55,18794608,48.55,48.6,48.31,48.41,5260400,2025-12-05T03:45:53Z
KO,2006-12-27,13.63,13.65,13.52,13.63,34373613,48.69,48.78,48.29,48.69,9620800,2025-12-05T03:45:53Z
KO,2006-12-28,13.59,13.66,13.58,13.62,28250512,48.54,48.81,48.5,48.65,7907000,2025-12-05T03:45:53Z
KO,2006-12-29,13.5,13.62,13.49,13.56,44087625,48.25,48.65,48.19,48.43,12339600,2025-12-05T03:45:53Z
KO,2007-01-03,13.6,13.68,13.51,13.54,56284490,48.58,48.88,48.28,48.36,15753400,2025-12-05T03:45:53Z
KO,2007-01-04,13.6,13.63,13.51,13.55,42196742,48.6,48.7,48.25,48.42,11810400,2025-12-05T03:45:53Z
KO,2007-01-05,13.51,13.59,13.48,13.58,41470143,48.26,48.57,48.17,48.5,11607000,2025-12-05T03:45:53Z
KO,2007-01-08,13.59,13.62,13.44,13.44,62707043,48.57,48.67,48.01,48.01,17551000,2025-12-05T03:45:53Z
KO,2007-01-09,13.61,13.67,13.56,13.59,49033739,48.61,48.83,48.46,48.54,13724000,2025-12-05T03:45:53Z
KO,2007-01-10,13.63,13.66,13.54,13.57,31898351,48.68,48.79,48.37,48.49,8928000,2025-12-05T03:45:53Z
KO,2007-01-11,13.64,13.68,13.6,13.65,39335567,48.74,48.87,48.6,48.75,11009600,2025-12-05T03:45:53Z
KO,2007-01-12,13.59,13.62,13.51,13.6,48830822,48.55,48.67,48.25,48.6,13667200,2025-12-05T03:45:53Z
KO,2007-01-16,13.57,13.63,13.53,13.57,45322306,48.5,48.69,48.34,48.48,12685200,2025-12-05T03:45:53Z
KO,2007-01-17,13.6,13.68,13.57,13.58,51449702,48.6,48.86,48.48,48.53,14400200,2025-12-05T03:45:53Z
KO,2007-01-18,13.53,13.71,13.49,13.55,54389546,48.35,49,48.2,48.42,15223000,2025-12-05T03:45:53Z
KO,2007-01-19,13.51,13.56,13.45,13.55,46476427,48.26,48.43,48.07,48.41,13008200,2025-12-05T03:45:53Z
KO,2007-01-22,13.44,13.53,13.43,13.47,43584643,48.03,48.35,47.99,48.11,12198800,2025-12-05T03:45:53Z
KO,2007-01-23,13.47,13.5,13.42,13.48,43406681,48.12,48.23,47.94,48.15,12149000,2025-12-05T03:45:53Z
KO,2007-01-24,13.47,13.49,13.42,13.49,30875230,48.13,48.2,47.94,48.19,8641600,2025-12-05T03:45:53Z
KO,2007-01-25,13.42,13.5,13.41,13.45,41432786,47.94,48.22,47.9,48.07,11596600,2025-12-05T03:45:53Z
KO,2007-01-26,13.39,13.46,13.38,13.44,51659732,47.83,48.1,47.8,48,14459000,2025-12-05T03:45:53Z
KO,2007-01-29,13.35,13.41,13.31,13.37,36006427,47.71,47.92,47.56,47.76,10077800,2025-12-05T03:45:53Z
KO,2007-01-30,13.38,13.42,13.33,13.39,32105568,47.81,47.95,47.64,47.83,8986000,2025-12-05T03:45:53Z
KO,2007-01-31,13.4,13.43,13.29,13.38,37887836,47.88,47.97,47.49,47.8,10604400,2025-12-05T03:45:53Z
KO,2007-02-01,13.46,13.51,13.39,13.43,37152752,48.1,48.27,47.85,47.99,10398600,2025-12-05T03:45:53Z
KO,2007-02-02,13.5,13.55,13.45,13.46,38242435,48.24,48.41,48.04,48.1,10703600,2025-12-05T03:45:53Z
KO,2007-02-05,13.41,13.5,13.39,13.47,32844408,47.9,48.24,47.84,48.11,9192800,2025-12-05T03:45:53Z
KO,2007-02-06,13.45,13.48,13.4,13.44,39904587,48.05,48.16,47.86,48,11168800,2025-12-05T03:45:53Z
KO,2007-02-07,13.44,13.47,13.4,13.44,33021829,48.03,48.13,47.86,48.03,9242400,2025-12-05T03:45:53Z
KO,2007-02-08,13.4,13.45,13.34,13.42,32429254,47.86,48.05,47.65,47.95,9076600,2025-12-05T03:45:53Z
KO,2007-02-09,13.37,13.43,13.33,13.36,35115342,47.76,47.99,47.64,47.72,9828400,2025-12-05T03:45:53Z
KO,2007-02-12,13.41,13.54,13.38,13.39,49753227,47.92,48.37,47.8,47.85,13925400,2025-12-05T03:45:53Z
KO,2007-02-13,13.49,13.55,13.46,13.46,69355603,48.21,48.42,48.09,48.1,19411800,2025-12-05T03:45:53Z
KO,2007-02-14,13.4,13.59,13.36,13.58,117356392,47.88,48.55,47.73,48.5,32846800,2025-12-05T03:45:53Z
KO,2007-02-15,13.39,13.46,13.32,13.43,68580696,47.85,48.1,47.58,47.99,19195000,2025-12-05T03:45:53Z
KO,2007-02-16,13.4,13.46,13.37,13.44,62496854,47.87,48.1,47.76,48,17492200,2025-12-05T03:45:53Z
KO,2007-02-20,13.37,13.4,13.3,13.3,63699517,47.78,47.88,47.5,47.52,17828800,2025-12-05T03:45:53Z
KO,2007-02-21,13.31,13.37,13.3,13.31,58914870,47.57,47.78,47.52,47.55,16489600,2025-12-05T03:45:53Z
KO,2007-02-22,13.24,13.36,13.22,13.35,59741759,47.3,47.74,47.22,47.69,16721000,2025-12-05T03:45:53Z
KO,2007-02-23,13.23,13.42,13.21,13.34,105457223,47.26,47.93,47.18,47.67,29516200,2025-12-05T03:45:53Z
KO,2007-02-26,13.36,13.41,13.32,13.35,66844369,47.72,47.9,47.58,47.7,18709000,2025-12-05T03:45:53Z
KO,2007-02-27,12.98,13.39,12.75,13.29,108324069,46.39,47.84,45.56,47.47,30318600,2025-12-05T03:45:53Z
KO,2007-02-28,13.07,13.13,12.96,13.09,98714989,46.68,46.9,46.32,46.75,27629200,2025-12-05T03:45:53Z
KO,2007-03-01,13.02,13.14,12.95,12.99,97688997,46.52,46.93,46.27,46.42,27342000,2025-12-05T03:45:53Z
KO,2007-03-02,12.84,13.14,12.82,13,121657571,45.89,46.93,45.81,46.45,34050600,2025-12-05T03:45:53Z
KO,2007-03-05,12.96,13.07,12.81,12.85,105658099,46.29,46.71,45.77,45.9,29572400,2025-12-05T03:45:53Z
KO,2007-03-06,13.14,13.17,13.03,13.07,89670487,46.93,47.06,46.55,46.69,25097800,2025-12-05T03:45:53Z
KO,2007-03-07,13.08,13.16,13.06,13.09,94043787,46.75,47,46.66,46.76,26321800,2025-12-05T03:45:53Z
KO,2007-03-08,13.2,13.26,13.12,13.13,62247847,47.15,47.36,46.89,46.9,17422400,2025-12-05T03:45:53Z
KO,2007-03-09,13.31,13.34,13.2,13.22,93348576,47.57,47.67,47.15,47.23,26127200,2025-12-05T03:45:53Z
KO,2007-03-12,13.42,13.43,13.29,13.31,92925966,47.95,47.99,47.47,47.57,26009000,2025-12-05T03:45:53Z
KO,2007-03-13,13.27,13.49,13.24,13.35,114223093,47.06,47.87,46.96,47.35,32198000,2025-12-05T03:45:53Z
KO,2007-03-14,13.26,13.34,13.13,13.32,115483557,47.04,47.34,46.59,47.25,32553400,2025-12-05T03:45:53Z
KO,2007-03-15,13.27,13.29,13.16,13.24,67611892,47.08,47.13,46.68,46.95,19059000,2025-12-05T03:45:53Z
KO,2007-03-16,13.31,13.34,13.2,13.32,100152083,47.21,47.31,46.82,47.25,28231600,2025-12-05T03:45:53Z
KO,2007-03-19,13.34,13.39,13.26,13.34,55034868,47.33,47.5,47.04,47.34,15513600,2025-12-05T03:45:53Z
KO,2007-03-20,13.42,13.46,13.32,13.37,51282801,47.62,47.75,47.24,47.42,14456000,2025-12-05T03:45:53Z
KO,2007-03-21,13.6,13.63,13.35,13.45,86420940,48.26,48.35,47.37,47.7,24361000,2025-12-05T03:45:53Z
KO,2007-03-22,13.6,13.66,13.51,13.51,58487043,48.25,48.44,47.91,47.91,16486800,2025-12-05T03:45:53Z
KO,2007-03-23,13.54,13.61,13.52,13.57,56803487,48.05,48.27,47.97,48.13,16012200,2025-12-05T03:45:53Z
KO,2007-03-26,13.57,13.58,13.44,13.52,51031646,48.15,48.19,47.68,47.95,14385200,2025-12-05T03:45:53Z
KO,2007-03-27,13.54,13.58,13.49,13.53,46935880,48.02,48.17,47.85,48,13230600,2025-12-05T03:45:53Z
KO,2007-03-28,13.51,13.62,13.42,13.47,80379054,47.91,48.3,47.59,47.79,22657800,2025-12-05T03:45:53Z
KO,2007-03-29,13.56,13.64,13.21,13.42,67217637,48.11,48.4,46.85,47.61,18947800,2025-12-05T03:45:53Z
KO,2007-03-30,13.53,13.67,13.42,13.6,63633898,48,48.5,47.6,48.26,17937600,2025-12-05T03:45:53Z
KO,2007-04-02,13.68,13.72,13.55,13.59,79618174,48.52,48.66,48.05,48.2,22443400,2025-12-05T03:45:53Z
KO,2007-04-03,13.81,13.86,13.68,13.68,67520400,48.99,49.15,48.53,48.53,19033200,2025-12-05T03:45:53Z
KO,2007-04-04,13.94,13.99,13.8,13.82,78765782,49.46,49.64,48.94,49.01,22203000,2025-12-05T03:45:53Z
KO,2007-04-05,13.96,14.03,13.9,13.91,63710382,49.52,49.77,49.3,49.34,17959200,2025-12-05T03:45:53Z
KO,2007-04-09,13.99,14.08,13.93,13.98,51909983,49.63,49.95,49.43,49.6,14632800,2025-12-05T03:45:53Z
KO,2007-04-10,14.12,14.18,14,14.03,93361529,50.08,50.31,49.65,49.78,26317400,2025-12-05T03:45:53Z
KO,2007-04-11,13.99,14.15,13.98,14.12,86467092,49.64,50.2,49.6,50.08,24374000,2025-12-05T03:45:53Z
KO,2007-04-12,14,14.08,13.71,14,55030671,49.67,49.95,48.65,49.65,15512400,2025-12-05T03:45:53Z
KO,2007-04-13,14.06,14.18,13.95,14.18,49060877,49.88,50.29,49.49,50.29,13829600,2025-12-05T03:45:53Z
KO,2007-04-16,14.17,14.22,14.08,14.1,71412100,50.27,50.44,49.93,50.01,20130200,2025-12-05T03:45:53Z
KO,2007-04-17,14.54,14.71,14.31,14.39,178588027,51.57,52.18,50.76,51.05,50341600,2025-12-05T03:45:53Z
KO,2007-04-18,14.56,14.59,14.48,14.54,81435374,51.66,51.74,51.35,51.59,22955600,2025-12-05T03:45:53Z
KO,2007-04-19,14.59,14.63,14.46,14.48,66324940,51.75,51.9,51.31,51.36,18696200,2025-12-05T03:45:53Z
KO,2007-04-20,14.68,14.7,14.55,14.67,75210953,52.09,52.15,51.62,52.05,21201000,2025-12-05T03:45:53Z
KO,2007-04-23,14.56,14.71,14.54,14.68,51317604,51.65,52.2,51.59,52.09,14465800,2025-12-05T03:45:53Z
KO,2007-04-24,14.58,14.65,14.48,14.65,57176719,51.71,51.98,51.37,51.98,16117400,2025-12-05T03:45:53Z
KO,2007-04-25,14.58,14.68,14.51,14.66,75738519,51.74,52.06,51.49,51.99,21349800,2025-12-05T03:45:53Z
KO,2007-04-26,14.68,14.72,14.62,14.66,53828568,52.08,52.23,51.85,51.99,15173600,2025-12-05T03:45:53Z
KO,2007-04-27,14.68,14.69,14.59,14.62,49403274,52.06,52.12,51.75,51.85,13926200,2025-12-05T03:45:53Z
KO,2007-04-30,14.71,14.76,14.62,14.64,83316967,52.19,52.35,51.85,51.92,23486000,2025-12-05T03:45:53Z
KO,2007-05-01,14.84,14.84,14.7,14.71,72909423,52.63,52.64,52.13,52.19,20552200,2025-12-05T03:45:53Z
KO,2007-05-02,14.86,14.92,14.8,14.83,61985676,52.71,52.93,52.5,52.6,17473000,2025-12-05T03:45:53Z
KO,2007-05-03,14.91,14.94,14.83,14.88,57449741,52.91,53,52.59,52.8,16194400,2025-12-05T03:45:53Z
KO,2007-05-04,15,15.03,14.93,14.94,64093087,53.21,53.32,52.95,53,18067000,2025-12-05T03:45:53Z
KO,2007-05-07,15.11,15.12,14.98,15,50203678,53.61,53.65,53.15,53.21,14151800,2025-12-05T03:45:53Z
KO,2007-05-08,14.96,15.09,14.92,15.04,53912888,53.07,53.52,52.92,53.36,15197400,2025-12-05T03:45:53Z
KO,2007-05-09,14.97,15.05,14.9,14.97,39854319,53.11,53.4,52.85,53.09,11234400,2025-12-05T03:45:53Z
KO,2007-05-10,14.79,14.95,14.78,14.93,52887966,52.48,53.04,52.43,52.95,14908400,2025-12-05T03:45:53Z
KO,2007-05-11,14.85,14.86,14.71,14.79,46065344,52.69,52.73,52.17,52.45,12985200,2025-12-05T03:45:53Z
KO,2007-05-14,14.83,14.93,14.8,14.81,47166984,52.6,52.96,52.5,52.54,13295800,2025-12-05T03:45:53Z
KO,2007-05-15,14.79,14.88,14.7,14.74,112288905,52.46,52.79,52.16,52.3,31652800,2025-12-05T03:45:53Z
KO,2007-05-16,14.87,14.88,14.7,14.8,59570762,52.74,52.79,52.13,52.5,16792200,2025-12-05T03:45:53Z
KO,2007-05-17,14.71,14.94,14.69,14.93,66723193,52.2,52.99,52.1,52.98,18808400,2025-12-05T03:45:53Z
KO,2007-05-18,14.84,14.84,14.68,14.76,91622606,52.63,52.65,52.09,52.36,25827200,2025-12-05T03:45:53Z
KO,2007-05-21,14.63,14.89,14.59,14.84,93687605,51.91,52.82,51.75,52.63,26409400,2025-12-05T03:45:53Z
KO,2007-05-22,14.51,14.65,14.5,14.64,67605548,51.48,51.97,51.42,51.95,19057200,2025-12-05T03:45:53Z
KO,2007-05-23,14.47,14.59,14.44,14.56,53807225,51.33,51.77,51.24,51.64,15167600,2025-12-05T03:45:53Z
KO,2007-05-24,14.44,14.59,14.42,14.45,63023793,51.24,51.75,51.15,51.27,17765600,2025-12-05T03:45:53Z
KO,2007-05-25,14.63,14.71,14.51,14.53,65637722,51.89,52.18,51.49,51.56,18502400,2025-12-05T03:45:53Z
KO,2007-05-29,14.71,14.76,14.63,14.67,59301629,52.18,52.35,51.91,52.03,16716400,2025-12-05T03:45:53Z
KO,2007-05-30,14.95,14.95,14.64,14.76,104065138,53.05,53.05,51.92,52.37,29334600,2025-12-05T03:45:53Z
KO,2007-05-31,14.94,15.07,14.91,14.93,75403940,52.99,53.46,52.88,52.96,21255400,2025-12-05T03:45:53Z
KO,2007-06-01,14.88,14.98,14.78,14.94,60372857,52.8,53.13,52.43,53.01,17018400,2025-12-05T03:45:53Z
KO,2007-06-04,14.85,14.88,14.72,14.87,72507011,52.67,52.8,52.21,52.76,20438800,2025-12-05T03:45:53Z
KO,2007-06-05,14.75,14.84,14.69,14.79,68405553,52.32,52.65,52.1,52.47,19282600,2025-12-05T03:45:53Z
KO,2007-06-06,14.66,14.75,14.61,14.73,40018937,52,52.32,51.84,52.25,11280800,2025-12-05T03:45:53Z
KO,2007-06-07,14.48,14.68,14.45,14.66,66425696,51.38,52.08,51.26,51.99,18724600,2025-12-05T03:45:53Z
KO,2007-06-08,14.57,14.58,14.39,14.45,47235952,51.67,51.72,51.03,51.25,13315200,2025-12-05T03:45:53Z
KO,2007-06-11,14.55,14.62,14.47,14.57,77348156,51.63,51.85,51.32,51.67,21803400,2025-12-05T03:45:53Z
KO,2007-06-12,14.42,14.59,14.39,14.47,80848714,51.14,51.77,51.06,51.34,22790200,2025-12-05T03:45:53Z
KO,2007-06-13,14.57,14.61,14.49,14.52,70552075,51.36,51.5,51.06,51.17,20020800,2025-12-05T03:45:53Z
KO,2007-06-14,14.56,14.67,14.49,14.58,63397827,51.31,51.69,51.07,51.36,17990600,2025-12-05T03:45:53Z
KO,2007-06-15,14.64,14.8,14.58,14.64,92891999,51.58,52.14,51.36,51.59,26360400,2025-12-05T03:45:53Z
KO,2007-06-18,14.69,14.76,14.62,14.64,39118566,51.76,52.01,51.53,51.58,11100800,2025-12-05T03:45:53Z
KO,2007-06-19,14.58,14.67,14.5,14.64,75205859,51.39,51.68,51.11,51.58,21341400,2025-12-05T03:45:53Z
KO,2007-06-20,14.61,14.78,14.56,14.63,70413894,51.49,52.08,51.32,51.54,19981600,2025-12-05T03:45:53Z
KO,2007-06-21,14.78,14.8,14.58,14.59,66497933,52.09,52.15,51.36,51.4,18870400,2025-12-05T03:45:53Z
KO,2007-06-22,14.65,14.83,14.6,14.77,106272695,51.62,52.26,51.44,52.05,30157400,2025-12-05T03:45:53Z
KO,2007-06-25,14.69,14.77,14.61,14.66,75590329,51.77,52.04,51.5,51.67,21450600,2025-12-05T03:45:53Z
KO,2007-06-26,14.74,14.85,14.65,14.73,78508740,51.95,52.34,51.62,51.9,22278800,2025-12-05T03:45:53Z
KO,2007-06-27,14.88,14.9,14.69,14.69,64049597,52.44,52.52,51.75,51.75,18175600,2025-12-05T03:45:53Z
KO,2007-06-28,14.94,15.02,14.82,14.85,56828415,52.63,52.92,52.22,52.32,16126400,2025-12-05T03:45:53Z
KO,2007-06-29,14.84,15.03,14.74,15,67057669,52.31,52.95,51.95,52.84,19029200,2025-12-05T03:45:53Z
KO,2007-07-02,14.92,15.04,14.85,14.94,64468743,52.56,52.99,52.32,52.65,18294600,2025-12-05T03:45:53Z
KO,2007-07-03,15.01,15.03,14.9,14.99,29540499,52.9,52.98,52.5,52.81,8382800,2025-12-05T03:45:53Z
KO,2007-07-05,14.95,15.04,14.89,15.01,38288858,52.67,53,52.48,52.9,10865400,2025-12-05T03:45:53Z
KO,2007-07-06,14.93,14.94,14.84,14.91,43519171,52.6,52.65,52.3,52.55,12349600,2025-12-05T03:45:53Z
KO,2007-07-09,14.95,15.04,14.92,14.96,67792635,52.7,53,52.57,52.73,19237800,2025-12-05T03:45:53Z
KO,2007-07-10,14.78,15.02,14.78,15.02,51115405,52.1,52.94,52.07,52.94,14505200,2025-12-05T03:45:53Z
KO,2007-07-11,14.78,14.83,14.7,14.76,42940471,52.09,52.27,51.8,52.01,12185400,2025-12-05T03:45:53Z
KO,2007-07-12,14.94,14.94,14.77,14.8,82622930,52.63,52.65,52.05,52.15,23446200,2025-12-05T03:45:53Z
KO,2007-07-13,15.07,15.11,14.9,14.94,58620031,53.11,53.26,52.49,52.63,16634800,2025-12-05T03:45:53Z
KO,2007-07-16,15.28,15.46,15.14,15.15,118225987,53.85,54.49,53.36,53.4,33549400,2025-12-05T03:45:53Z
KO,2007-07-17,15.09,15.43,14.99,15.42,116395159,53.17,54.38,52.81,54.33,33030000,2025-12-05T03:45:53Z
KO,2007-07-18,15.16,15.21,15.06,15.13,100401321,53.43,53.58,53.07,53.31,28491200,2025-12-05T03:45:53Z
KO,2007-07-19,15.24,15.31,15.16,15.3,50964377,53.7,53.94,53.43,53.9,14462400,2025-12-05T03:45:53Z
KO,2007-07-20,15.1,15.3,15.07,15.25,78924145,53.21,53.9,53.09,53.74,22396600,2025-12-05T03:45:53Z
KO,2007-07-23,15.22,15.25,15.08,15.13,49559982,53.64,53.75,53.15,53.33,14063800,2025-12-05T03:45:53Z
KO,2007-07-24,15.1,15.27,15.03,15.03,65912808,53.22,53.8,52.96,52.97,18704400,2025-12-05T03:45:53Z
KO,2007-07-25,15.34,15.38,15.09,15.17,90253417,54.05,54.2,53.18,53.47,25611600,2025-12-05T03:45:53Z
KO,2007-07-26,15.03,15.39,14.92,15.08,103343822,52.98,54.22,52.56,53.15,29326200,2025-12-05T03:45:53Z
KO,2007-07-27,14.84,15.07,14.82,15.02,84836553,52.28,53.09,52.22,52.92,24074400,2025-12-05T03:45:53Z
KO,2007-07-30,14.87,15.28,14.7,15.06,70168607,52.39,53.85,51.79,53.06,19912000,2025-12-05T03:45:53Z
KO,2007-07-31,14.79,15,14.77,14.97,70080238,52.11,52.87,52.04,52.74,19887000,2025-12-05T03:45:53Z
KO,2007-08-01,15.12,15.18,14.81,14.86,87192863,53.27,53.48,52.18,52.36,24743000,2025-12-05T03:45:53Z
KO,2007-08-02,15.23,15.27,15.09,15.09,69052896,53.66,53.8,53.16,53.16,19595400,2025-12-05T03:45:53Z
KO,2007-08-03,15.12,15.4,15.11,15.27,77682127,53.28,54.25,53.24,53.82,22044200,2025-12-05T03:45:53Z
KO,2007-08-06,15.39,15.4,15.08,15.08,82230028,54.23,54.25,53.15,53.15,23334800,2025-12-05T03:45:53Z
KO,2007-08-07,15.45,15.55,15.24,15.31,79842571,54.46,54.79,53.71,53.95,22657200,2025-12-05T03:45:53Z
KO,2007-08-08,15.85,15.86,15.43,15.43,88346446,55.86,55.88,54.38,54.39,25070400,2025-12-05T03:45:53Z
KO,2007-08-09,15.85,16.09,15.55,15.55,120673325,55.85,56.71,54.81,54.81,34244000,2025-12-05T03:45:53Z
KO,2007-08-10,15.6,15.93,15.35,15.72,105072305,54.98,56.13,54.1,55.4,29816800,2025-12-05T03:45:53Z
KO,2007-08-13,15.47,15.64,15.38,15.61,67329455,54.52,55.1,54.21,54.99,19106400,2025-12-05T03:45:53Z
KO,2007-08-14,15.36,15.57,15.27,15.55,92329255,54.14,54.85,53.8,54.78,26200600,2025-12-05T03:45:53Z
KO,2007-08-15,15.28,15.51,15.21,15.37,50323704,53.83,54.67,53.61,54.16,14280600,2025-12-05T03:45:53Z
KO,2007-08-16,15.2,15.41,14.99,15.18,102201118,53.58,54.29,52.83,53.5,29002000,2025-12-05T03:45:53Z
KO,2007-08-17,15.45,16.13,15.09,15.59,100321349,54.45,56.85,53.16,54.93,28468600,2025-12-05T03:45:53Z
KO,2007-08-20,15.47,15.57,15.37,15.43,56360894,54.52,54.88,54.15,54.38,15993800,2025-12-05T03:45:53Z
KO,2007-08-21,15.33,15.57,15.32,15.44,59137234,54.03,54.85,53.98,54.4,16781600,2025-12-05T03:45:53Z
KO,2007-08-22,15.31,15.47,15.26,15.43,53843583,53.95,54.5,53.78,54.37,15279400,2025-12-05T03:45:53Z
KO,2007-08-23,15.32,15.37,15.22,15.29,49088423,53.98,54.17,53.62,53.88,13930000,2025-12-05T03:45:53Z
KO,2007-08-24,15.32,15.53,15.23,15.23,47549797,54,54.73,53.65,53.65,13493400,2025-12-05T03:45:53Z
KO,2007-08-27,15.33,15.37,15.24,15.32,35224586,54.01,54.15,53.7,53.98,9995800,2025-12-05T03:45:53Z
KO,2007-08-28,15.11,15.32,15.09,15.32,55346872,53.26,54,53.18,54,15706000,2025-12-05T03:45:53Z
KO,2007-08-29,15.18,15.24,15.06,15.18,56111019,53.51,53.7,53.08,53.48,15922800,2025-12-05T03:45:53Z
KO,2007-08-30,15.15,15.22,15.08,15.1,49273822,53.4,53.64,53.13,53.22,13982600,2025-12-05T03:45:53Z
KO,2007-08-31,15.26,15.32,15.15,15.26,52982885,53.78,53.98,53.39,53.77,15035200,2025-12-05T03:45:53Z
KO,2007-09-04,15.43,15.45,15.23,15.23,43918731,54.37,54.44,53.67,53.67,12463000,2025-12-05T03:45:53Z
KO,2007-09-05,15.24,15.42,15.14,15.36,66738431,53.69,54.35,53.36,54.13,18938600,2025-12-05T03:45:53Z
KO,2007-09-06,15.51,15.62,15.1,15.2,66955336,54.66,55.04,53.2,53.55,19000200,2025-12-05T03:45:53Z
KO,2007-09-07,15.49,15.61,15.36,15.49,84513147,54.59,55,54.11,54.59,23982600,2025-12-05T03:45:53Z
KO,2007-09-10,15.49,15.61,15.41,15.49,71674857,54.57,55.02,54.29,54.6,20339400,2025-12-05T03:45:53Z
KO,2007-09-11,15.79,15.87,15.52,15.53,84102634,55.66,55.94,54.7,54.71,23866200,2025-12-05T03:45:53Z
KO,2007-09-12,15.94,16.09,15.78,15.88,64573964,55.84,56.36,55.28,55.6,18437000,2025-12-05T03:45:53Z
KO,2007-09-13,15.95,16.05,15.88,15.98,50270005,55.87,56.2,55.62,55.95,14353000,2025-12-05T03:45:53Z
KO,2007-09-14,16.1,16.15,15.89,15.91,54146547,56.4,56.56,55.66,55.72,15459800,2025-12-05T03:45:53Z
KO,2007-09-17,15.78,16.02,15.72,15.99,73825283,55.28,56.1,55.04,56,21078400,2025-12-05T03:45:53Z
KO,2007-09-18,16.11,16.11,15.82,15.82,69693548,56.41,56.43,55.41,55.41,19898800,2025-12-05T03:45:53Z
KO,2007-09-19,16.17,16.21,15.96,16.13,60313640,56.62,56.76,55.88,56.5,17220600,2025-12-05T03:45:53Z
KO,2007-09-20,16.08,16.18,16.04,16.15,44072230,56.31,56.65,56.16,56.56,12583400,2025-12-05T03:45:53Z
KO,2007-09-21,16.15,16.24,16.08,16.1,76873814,56.55,56.86,56.31,56.38,21948800,2025-12-05T03:45:53Z
KO,2007-09-24,16.19,16.38,16.14,16.14,73104889,56.7,57.38,56.51,56.51,20872800,2025-12-05T03:45:53Z
KO,2007-09-25,16.28,16.35,16.14,16.19,53342467,57.02,57.27,56.54,56.69,15230200,2025-12-05T03:45:53Z
KO,2007-09-26,16.37,16.47,16.25,16.32,51752116,57.35,57.68,56.91,57.17,14776200,2025-12-05T03:45:53Z
KO,2007-09-27,16.37,16.44,16.31,16.36,49994583,57.33,57.59,57.13,57.31,14274400,2025-12-05T03:45:53Z
KO,2007-09-28,16.41,16.5,16.28,16.36,45745681,57.47,57.78,57.03,57.3,13061200,2025-12-05T03:45:53Z
KO,2007-10-01,16.53,16.65,16.43,16.45,69762993,57.9,58.33,57.56,57.61,19918600,2025-12-05T03:45:53Z
KO,2007-10-02,16.54,16.61,16.46,16.56,61521867,57.92,58.16,57.64,58,17565600,2025-12-05T03:45:53Z
KO,2007-10-03,16.44,16.57,16.38,16.49,44229707,57.57,58.03,57.37,57.75,12628400,2025-12-05T03:45:53Z
KO,2007-10-04,16.52,16.6,16.44,16.46,40398917,57.87,58.13,57.57,57.65,11534600,2025-12-05T03:45:53Z
KO,2007-10-05,16.58,16.64,16.51,16.55,38163686,58.07,58.28,57.83,57.97,10896400,2025-12-05T03:45:53Z
KO,2007-10-08,16.5,16.6,16.47,16.55,21090141,57.8,58.13,57.69,57.96,6021600,2025-12-05T03:45:53Z
KO,2007-10-09,16.53,16.53,16.36,16.45,56991091,57.88,57.88,57.3,57.6,16272000,2025-12-05T03:45:53Z
KO,2007-10-10,16.52,16.62,16.5,16.56,46359324,57.87,58.2,57.78,57.99,13236400,2025-12-05T03:45:53Z
KO,2007-10-11,16.33,16.61,16.25,16.56,45358188,57.19,58.18,56.92,58,12950600,2025-12-05T03:45:53Z
KO,2007-10-12,16.5,16.54,16.32,16.33,36460840,57.8,57.93,57.15,57.2,10410200,2025-12-05T03:45:53Z
KO,2007-10-15,16.46,16.63,16.32,16.59,48336579,57.64,58.23,57.16,58.09,13801000,2025-12-05T03:45:53Z
KO,2007-10-16,16.49,16.59,16.4,16.47,49832990,57.76,58.1,57.43,57.67,14228200,2025-12-05T03:45:53Z
KO,2007-10-17,16.87,16.97,16.58,16.66,114930478,59.09,59.43,58.06,58.35,32814800,2025-12-05T03:45:53Z
KO,2007-10-18,16.95,17.03,16.78,16.86,72751054,59.36,59.65,58.77,59.04,20771800,2025-12-05T03:45:53Z
KO,2007-10-19,16.78,17.06,16.76,17,84665951,58.76,59.75,58.69,59.53,24173600,2025-12-05T03:45:53Z
KO,2007-10-22,16.92,16.96,16.67,16.71,63925370,59.25,59.4,58.39,58.54,18251800,2025-12-05T03:45:53Z
KO,2007-10-23,17.06,17.07,16.92,16.93,40848564,59.75,59.78,59.25,59.31,11663000,2025-12-05T03:45:53Z
KO,2007-10-24,17.18,17.19,16.95,16.99,65260926,60.18,60.2,59.36,59.5,18633200,2025-12-05T03:45:53Z
KO,2007-10-25,17.5,17.55,17.16,17.2,68485165,61.3,61.46,60.09,60.23,19553800,2025-12-05T03:45:53Z
KO,2007-10-26,17.58,17.59,17.38,17.51,56694990,61.57,61.59,60.88,61.34,16187400,2025-12-05T03:45:53Z
KO,2007-10-29,17.66,17.71,17.5,17.56,59370096,61.84,62.03,61.29,61.5,16951200,2025-12-05T03:45:53Z
KO,2007-10-30,17.63,17.75,17.52,17.65,48116826,61.73,62.15,61.35,61.83,13738200,2025-12-05T03:45:53Z
KO,2007-10-31,17.63,17.72,17.45,17.7,58280010,61.76,62.06,61.13,61.99,16640000,2025-12-05T03:45:53Z
KO,2007-11-01,17.39,17.7,17.36,17.6,70171894,60.9,62,60.82,61.63,20035400,2025-12-05T03:45:53Z
KO,2007-11-02,17.28,17.46,17.13,17.46,60075353,60.51,61.15,60.01,61.14,17152600,2025-12-05T03:45:53Z
KO,2007-11-05,17.23,17.34,17.11,17.27,62501675,60.34,60.73,59.92,60.5,17845400,2025-12-05T03:45:53Z
KO,2007-11-06,17.42,17.44,17.2,17.24,53536231,61.01,61.09,60.25,60.39,15285600,2025-12-05T03:45:53Z
KO,2007-11-07,17.12,17.42,17.11,17.39,50738539,59.96,61,59.93,60.9,14486800,2025-12-05T03:45:53Z
KO,2007-11-08,17.55,17.6,17.1,17.34,91381932,61.47,61.64,59.9,60.72,26091200,2025-12-05T03:45:53Z
KO,2007-11-09,17.37,17.63,17.31,17.56,63707921,60.83,61.75,60.63,61.5,18189800,2025-12-05T03:45:53Z
KO,2007-11-12,17.09,17.38,17.07,17.31,58420859,59.86,60.86,59.8,60.64,16680200,2025-12-05T03:45:53Z
KO,2007-11-13,17.43,17.47,17.03,17.2,53680736,61.04,61.2,59.65,60.24,15326800,2025-12-05T03:45:53Z
KO,2007-11-14,17.52,17.63,17.35,17.5,57939556,61.36,61.75,60.75,61.3,16542800,2025-12-05T03:45:53Z
KO,2007-11-15,17.69,17.82,17.41,17.41,68338403,61.95,62.41,60.99,60.99,19511800,2025-12-05T03:45:53Z
KO,2007-11-16,17.88,17.91,17.62,17.77,75140773,62.62,62.72,61.7,62.24,21454000,2025-12-05T03:45:53Z
KO,2007-11-19,17.79,17.86,17.7,17.85,59167453,62.3,62.56,62.01,62.5,16893400,2025-12-05T03:45:53Z
KO,2007-11-20,17.93,18.02,17.73,17.85,75555206,62.79,63.1,62.1,62.52,21572400,2025-12-05T03:45:53Z
KO,2007-11-21,17.77,18.12,17.74,17.93,63280754,62.25,63.45,62.14,62.79,18067800,2025-12-05T03:45:53Z
KO,2007-11-23,17.79,17.92,17.68,17.86,33083676,62.3,62.75,61.92,62.54,9446000,2025-12-05T03:45:53Z
KO,2007-11-26,17.63,17.95,17.59,17.8,58703211,61.73,62.86,61.6,62.35,16760800,2025-12-05T03:45:53Z
KO,2007-11-27,17.98,18.08,17.61,17.69,73718746,62.98,63.31,61.68,61.95,21048000,2025-12-05T03:45:53Z
KO,2007-11-28,18.08,18.15,17.94,18.15,88825712,62.99,63.22,62.49,63.22,25499000,2025-12-05T03:45:53Z
KO,2007-11-29,18.02,18.13,17.98,18.06,52362510,62.79,63.17,62.62,62.91,15031600,2025-12-05T03:45:53Z
KO,2007-11-30,17.83,18.11,17.72,18.11,75536900,62.1,63.1,61.72,63.1,21684200,2025-12-05T03:45:53Z
KO,2007-12-03,17.86,18.09,17.79,17.83,59609667,62.2,63,61.96,62.1,17112000,2025-12-05T03:45:53Z
KO,2007-12-04,18.01,18.07,17.66,17.78,58796577,62.75,62.94,61.51,61.95,16878600,2025-12-05T03:45:53Z
KO,2007-12-05,18.1,18.1,17.93,18.04,50935773,63.05,63.05,62.45,62.84,14622000,2025-12-05T03:45:53Z
KO,2007-12-06,18.11,18.13,17.91,18.06,55124850,63.07,63.17,62.38,62.91,15824600,2025-12-05T03:45:53Z
KO,2007-12-07,18.13,18.3,18.1,18.1,46727022,63.15,63.75,63.06,63.06,13413800,2025-12-05T03:45:53Z
KO,2007-12-10,18.16,18.23,18.05,18.11,29567198,63.27,63.5,62.88,63.08,8487800,2025-12-05T03:45:53Z
KO,2007-12-11,18.08,18.34,18.07,18.15,60391871,62.97,63.89,62.94,63.24,17336600,2025-12-05T03:45:53Z
KO,2007-12-12,18.31,18.39,18.07,18.15,80961424,63.77,64.05,62.95,63.23,23241400,2025-12-05T03:45:53Z
KO,2007-12-13,18.4,18.41,18.19,18.25,43258710,64.09,64.14,63.38,63.58,12418200,2025-12-05T03:45:53Z
KO,2007-12-14,18.32,18.46,18.3,18.3,66207340,63.81,64.32,63.74,63.76,19006000,2025-12-05T03:45:53Z
KO,2007-12-17,17.93,18.42,17.88,18.37,83148424,62.47,64.15,62.28,64,23869200,2025-12-05T03:45:53Z
KO,2007-12-18,17.86,18.03,17.76,18.03,82755171,62.22,62.81,61.88,62.8,23756400,2025-12-05T03:45:53Z
KO,2007-12-19,18.04,18.09,17.83,17.86,50169363,62.85,63,62.1,62.2,14402000,2025-12-05T03:45:53Z
KO,2007-12-20,17.88,18.07,17.77,18.01,52480231,62.28,62.96,61.9,62.75,15065400,2025-12-05T03:45:53Z
KO,2007-12-21,18.11,18.22,17.88,17.94,88197813,63.07,63.47,62.3,62.5,25318800,2025-12-05T03:45:53Z
KO,2007-12-24,18.15,18.22,18.03,18.1,16002451,63.21,63.45,62.8,63.04,4593800,2025-12-05T03:45:53Z
KO,2007-12-26,18.09,18.22,18.02,18.22,33038960,63.01,63.45,62.76,63.45,9484400,2025-12-05T03:45:53Z
KO,2007-12-27,17.88,18.14,17.86,18.06,26926774,62.3,63.2,62.21,62.9,7729800,2025-12-05T03:45:53Z
KO,2007-12-28,17.88,18.02,17.8,17.89,29074686,62.27,62.76,62,62.32,8346400,2025-12-05T03:45:53Z
KO,2007-12-31,17.62,17.86,17.57,17.82,40858527,61.37,62.2,61.22,62.06,11729200,2025-12-05T03:45:53Z
KO,2008-01-02,17.54,17.68,17.43,17.64,53833187,61.09,61.58,60.73,61.45,15453800,2025-12-05T03:45:53Z
KO,2008-01-03,17.72,17.83,17.53,17.56,48429666,61.73,62.1,61.07,61.17,13902600,2025-12-05T03:45:53Z
KO,2008-01-04,17.76,18,17.7,17.71,62798557,61.85,62.71,61.67,61.68,18027400,2025-12-05T03:45:53Z
KO,2008-01-07,18.17,18.21,17.77,17.83,82844371,63.31,63.44,61.9,62.1,23782000,2025-12-05T03:45:53Z
KO,2008-01-08,18.25,18.49,18.17,18.26,72746576,63.57,64.4,63.31,63.59,20883200,2025-12-05T03:45:53Z
KO,2008-01-09,18.74,18.75,18.26,18.26,125230436,65.27,65.31,63.6,63.62,35949600,2025-12-05T03:45:53Z
KO,2008-01-10,18.82,18.83,18.58,18.66,100826861,65.56,65.59,64.71,65,28944200,2025-12-05T03:45:53Z
KO,2008-01-11,18.31,18.77,18.22,18.77,111986877,63.77,65.38,63.46,65.38,32147800,2025-12-05T03:45:53Z
KO,2008-01-14,18.46,18.52,18.3,18.3,79881306,64.3,64.52,63.75,63.75,22931400,2025-12-05T03:45:53Z
KO,2008-01-15,18.26,18.43,18.25,18.27,80118278,63.61,64.2,63.56,63.63,22999400,2025-12-05T03:45:53Z
KO,2008-01-16,17.98,18.33,17.94,18.17,88250919,62.65,63.85,62.48,63.28,25334000,2025-12-05T03:45:53Z
KO,2008-01-17,17.81,18.17,17.77,18.16,129840312,62.04,63.31,61.9,63.25,37273000,2025-12-05T03:45:53Z
KO,2008-01-18,17.44,17.93,17.27,17.9,117596594,60.74,62.45,60.16,62.34,33758200,2025-12-05T03:45:53Z
KO,2008-01-22,16.88,17.05,16.57,16.86,130177734,58.79,59.4,57.71,58.73,37369800,2025-12-05T03:45:53Z
KO,2008-01-23,16.9,16.92,16.22,16.52,112368452,58.87,58.94,56.49,57.53,32257400,2025-12-05T03:45:53Z
KO,2008-01-24,17.19,17.23,16.92,16.98,106945602,59.88,60.02,58.94,59.16,30700600,2025-12-05T03:45:53Z
KO,2008-01-25,16.77,17.32,16.72,17.32,90314716,58.41,60.34,58.23,60.34,25926400,2025-12-05T03:45:53Z
KO,2008-01-28,17.05,17.06,16.66,16.76,63892213,59.41,59.42,58.05,58.37,18341400,2025-12-05T03:45:53Z
KO,2008-01-29,16.81,17.13,16.73,17.13,93474885,58.55,59.66,58.28,59.66,26833600,2025-12-05T03:45:53Z
KO,2008-01-30,16.58,16.89,16.52,16.79,80353176,57.77,58.84,57.56,58.5,23066800,2025-12-05T03:45:53Z
KO,2008-01-31,16.94,17.04,16.43,16.45,83749551,59,59.36,57.24,57.3,24041800,2025-12-05T03:45:53Z
KO,2008-02-01,17.01,17.22,16.8,17.02,57548201,59.26,59.97,58.51,59.29,16520200,2025-12-05T03:45:53Z
KO,2008-02-04,16.83,17.07,16.79,17.06,53352506,58.63,59.45,58.47,59.42,15315800,2025-12-05T03:45:53Z
KO,2008-02-05,16.48,16.79,16.45,16.79,86075799,57.4,58.5,57.31,58.48,24709600,2025-12-05T03:45:53Z
KO,2008-02-06,16.57,16.7,16.53,16.62,58579827,57.71,58.19,57.57,57.9,16816400,2025-12-05T03:45:53Z
KO,2008-02-07,16.78,16.85,16.6,16.6,81211535,58.45,58.68,57.84,57.84,23313200,2025-12-05T03:45:53Z
KO,2008-02-08,17.01,17.16,16.93,16.96,70442456,59.25,59.78,58.99,59.09,20221800,2025-12-05T03:45:53Z
KO,2008-02-11,17.08,17.14,16.88,17.04,47500373,59.5,59.7,58.8,59.35,13635800,2025-12-05T03:45:53Z
KO,2008-02-12,17.2,17.37,17.12,17.17,82990163,59.92,60.5,59.65,59.8,23823800,2025-12-05T03:45:53Z
KO,2008-02-13,17.05,17.35,16.94,17.35,101132644,59.39,60.45,59.01,60.45,29032000,2025-12-05T03:45:53Z
KO,2008-02-14,16.81,17.14,16.77,17.09,87245693,58.55,59.69,58.4,59.52,25045400,2025-12-05T03:45:53Z
KO,2008-02-15,16.87,16.89,16.65,16.78,72322306,58.76,58.82,58.01,58.44,20761400,2025-12-05T03:45:53Z
KO,2008-02-19,16.68,16.95,16.64,16.94,59978999,58.1,59.05,57.97,59,17218000,2025-12-05T03:45:53Z
KO,2008-02-20,16.72,16.73,16.52,16.67,51667102,58.23,58.28,57.55,58.08,14832000,2025-12-05T03:45:53Z
KO,2008-02-21,16.65,16.81,16.57,16.74,60839842,57.99,58.56,57.73,58.32,17465200,2025-12-05T03:45:53Z
KO,2008-02-22,16.72,16.75,16.48,16.65,51445594,58.26,58.33,57.39,58,14768400,2025-12-05T03:45:53Z
KO,2008-02-25,16.87,16.96,16.71,16.71,55808329,58.77,59.07,58.2,58.2,16020800,2025-12-05T03:45:53Z
KO,2008-02-26,17.09,17.11,16.74,16.82,58549847,59.52,59.59,58.32,58.6,16807800,2025-12-05T03:45:53Z
KO,2008-02-27,17.24,17.34,17.02,17.02,68990059,60.05,60.41,59.28,59.28,19804800,2025-12-05T03:45:53Z
KO,2008-02-28,17.07,17.26,16.98,17.22,53771118,59.46,60.12,59.15,60,15436000,2025-12-05T03:45:53Z
KO,2008-02-29,16.78,17.03,16.7,16.97,55622351,58.46,59.33,58.18,59.1,15967400,2025-12-05T03:45:53Z
KO,2008-03-03,16.94,16.98,16.75,16.75,43518052,59.02,59.15,58.35,58.35,12492600,2025-12-05T03:45:53Z
KO,2008-03-04,17.04,17.1,16.8,16.82,70038567,59.37,59.58,58.52,58.59,20105800,2025-12-05T03:45:53Z
KO,2008-03-05,17.13,17.22,16.95,17.01,56012573,59.68,60,59.03,59.24,16079400,2025-12-05T03:45:53Z
KO,2008-03-06,16.97,17.18,16.94,17.08,50730893,59.1,59.85,59.02,59.51,14563200,2025-12-05T03:45:53Z
KO,2008-03-07,16.89,17.05,16.79,16.86,63861717,58.85,59.4,58.5,58.75,18332600,2025-12-05T03:45:53Z
KO,2008-03-10,16.84,17.04,16.84,16.89,65871537,58.66,59.34,58.65,58.85,18909600,2025-12-05T03:45:53Z
KO,2008-03-11,17.07,17.13,16.9,16.94,103934475,59.47,59.68,58.87,59.01,29836200,2025-12-05T03:45:53Z
KO,2008-03-12,17.1,17.19,17.03,17.09,78228213,59.19,59.49,58.96,59.15,22601200,2025-12-05T03:45:53Z
KO,2008-03-13,17.03,17.08,16.85,16.95,60717039,58.93,59.1,58.31,58.68,17542000,2025-12-05T03:45:53Z
KO,2008-03-14,16.62,17.03,16.51,17.03,91831595,57.53,58.93,57.13,58.93,26531400,2025-12-05T03:45:53Z
KO,2008-03-17,16.67,16.76,16.4,16.44,74867480,57.69,58.02,56.75,56.9,21630200,2025-12-05T03:45:53Z
KO,2008-03-18,17.16,17.16,16.74,16.82,63564866,59.41,59.41,57.94,58.2,18364800,2025-12-05T03:45:53Z
KO,2008-03-19,17.32,17.58,17.15,17.15,80503463,59.96,60.83,59.37,59.37,23258600,2025-12-05T03:45:53Z
KO,2008-03-20,17.64,17.66,17.35,17.38,107397425,61.04,61.14,60.04,60.16,31028600,2025-12-05T03:45:53Z
KO,2008-03-24,17.68,17.77,17.49,17.7,48587353,61.18,61.5,60.54,61.25,14037600,2025-12-05T03:45:53Z
KO,2008-03-25,17.74,17.86,17.64,17.68,52950728,61.41,61.82,61.07,61.18,15298200,2025-12-05T03:45:53Z
KO,2008-03-26,17.67,17.83,17.62,17.74,57275840,61.15,61.7,61,61.41,16547800,2025-12-05T03:45:53Z
KO,2008-03-27,17.71,17.88,17.68,17.73,58254070,61.31,61.9,61.21,61.36,16830400,2025-12-05T03:45:53Z
KO,2008-03-28,17.61,17.8,17.59,17.79,47320706,60.94,61.6,60.88,61.58,13671600,2025-12-05T03:45:53Z
KO,2008-03-31,17.59,17.68,17.52,17.57,64176171,60.87,61.2,60.64,60.8,18541400,2025-12-05T03:45:53Z
KO,2008-04-01,17.75,17.77,17.6,17.63,89553171,61.44,61.5,60.9,61.01,25873200,2025-12-05T03:45:53Z
KO,2008-04-02,17.47,17.73,17.4,17.73,62880453,60.46,61.37,60.21,61.37,18167000,2025-12-05T03:45:53Z
KO,2008-04-03,17.5,17.6,17.41,17.42,55989778,60.56,60.9,60.25,60.29,16176200,2025-12-05T03:45:53Z
KO,2008-04-04,17.41,17.6,17.39,17.49,52828078,60.25,60.93,60.2,60.53,15262800,2025-12-05T03:45:53Z
KO,2008-04-07,17.44,17.51,17.41,17.41,56048635,60.37,60.61,60.27,60.27,16193200,2025-12-05T03:45:53Z
KO,2008-04-08,17.48,17.5,17.3,17.41,69026711,60.51,60.57,59.87,60.27,19942800,2025-12-05T03:45:53Z
KO,2008-04-09,17.56,17.58,17.42,17.48,44980842,60.78,60.83,60.31,60.5,12995600,2025-12-05T03:45:53Z
KO,2008-04-10,17.72,17.76,17.47,17.59,51372365,61.33,61.48,60.47,60.88,14842200,2025-12-05T03:45:53Z
KO,2008-04-11,17.42,17.77,17.36,17.63,53883240,60.29,61.5,60.09,61.02,15567600,2025-12-05T03:45:53Z
KO,2008-04-14,17.62,17.73,17.38,17.45,69327418,61,61.35,60.15,60.39,20029600,2025-12-05T03:45:53Z
KO,2008-04-15,17.61,17.69,17.46,17.63,81137726,60.94,61.22,60.42,61.03,23441800,2025-12-05T03:45:53Z
KO,2008-04-16,17.67,17.87,17.49,17.84,80015460,61.15,61.84,60.54,61.75,23117600,2025-12-05T03:45:53Z
KO,2008-04-17,17.53,17.73,17.49,17.62,57663532,60.68,61.38,60.54,60.99,16659800,2025-12-05T03:45:53Z
KO,2008-04-18,17.37,17.65,17.23,17.55,77027165,60.11,61.08,59.65,60.76,22254200,2025-12-05T03:45:53Z
KO,2008-04-21,17.44,17.46,17.23,17.31,43018928,60.35,60.44,59.65,59.92,12428800,2025-12-05T03:45:53Z
KO,2008-04-22,17.3,17.45,17.25,17.4,59789275,59.89,60.4,59.7,60.22,17274000,2025-12-05T03:45:53Z
KO,2008-04-23,17.43,17.45,17.27,17.27,65719184,60.32,60.39,59.76,59.76,18987200,2025-12-05T03:45:53Z
KO,2008-04-24,17.41,17.62,17.27,17.42,44430438,60.25,61,59.79,60.28,12836600,2025-12-05T03:45:53Z
KO,2008-04-25,17.14,17.48,17.03,17.41,65079448,59.33,60.5,58.96,60.25,18802400,2025-12-05T03:45:53Z
KO,2008-04-28,17.04,17.31,17.01,17.14,55719154,58.98,59.9,58.86,59.33,16098000,2025-12-05T03:45:53Z
KO,2008-04-29,16.97,17.05,16.86,16.99,51465230,58.72,59,58.37,58.8,14869000,2025-12-05T03:45:53Z
KO,2008-04-30,17.01,17.27,16.96,16.97,80851585,58.87,59.77,58.69,58.72,23359200,2025-12-05T03:45:53Z
KO,2008-05-01,17.07,17.09,16.87,16.93,52360304,59.09,59.16,58.4,58.61,15127600,2025-12-05T03:45:53Z
KO,2008-05-02,16.98,17.19,16.93,17.07,57176099,58.77,59.5,58.6,59.09,16519000,2025-12-05T03:45:53Z
KO,2008-05-05,16.87,17.04,16.8,16.98,48877523,58.38,58.98,58.14,58.77,14121400,2025-12-05T03:45:53Z
KO,2008-05-06,16.84,16.87,16.72,16.83,46347411,58.27,58.38,57.88,58.25,13390400,2025-12-05T03:45:53Z
KO,2008-05-07,16.48,16.84,16.47,16.84,103373791,57.03,58.28,56.99,58.27,29866200,2025-12-05T03:45:53Z
KO,2008-05-08,16.26,16.63,16.19,16.57,96924150,56.29,57.57,56.05,57.35,28002800,2025-12-05T03:45:53Z
KO,2008-05-09,16.22,16.28,16.13,16.26,72097672,56.15,56.34,55.83,56.29,20830000,2025-12-05T03:45:53Z
KO,2008-05-12,16.29,16.31,16.18,16.23,59683686,56.4,56.46,56,56.18,17243400,2025-12-05T03:45:53Z
KO,2008-05-13,16.32,16.4,16.26,16.26,72259743,56.5,56.76,56.27,56.29,20876800,2025-12-05T03:45:53Z
KO,2008-05-14,16.34,16.47,16.23,16.36,71759066,56.54,57,56.19,56.64,20732200,2025-12-05T03:45:53Z
KO,2008-05-15,16.47,16.52,16.25,16.32,57121448,57.01,57.17,56.26,56.5,16503200,2025-12-05T03:45:53Z
KO,2008-05-16,16.49,16.58,16.4,16.49,62167368,57.07,57.4,56.78,57.06,17961000,2025-12-05T03:45:53Z
KO,2008-05-19,16.62,16.71,16.45,16.5,69256734,57.52,57.84,56.94,57.1,20009200,2025-12-05T03:45:53Z
KO,2008-05-20,16.49,16.66,16.46,16.61,62147214,57.09,57.65,56.96,57.5,17955200,2025-12-05T03:45:53Z
KO,2008-05-21,16.37,16.56,16.31,16.44,87236223,56.65,57.3,56.45,56.91,25203800,2025-12-05T03:45:53Z
KO,2008-05-22,16.84,16.88,16.33,16.38,87329207,58.27,58.42,56.53,56.68,25230600,2025-12-05T03:45:53Z
KO,2008-05-23,16.94,17.06,16.76,16.79,105855211,58.63,59.04,58.01,58.11,30583000,2025-12-05T03:45:53Z
KO,2008-05-27,16.93,16.96,16.79,16.92,54044360,58.59,58.7,58.11,58.55,15614200,2025-12-05T03:45:53Z
KO,2008-05-28,16.6,17,16.57,17,83227638,57.44,58.84,57.34,58.84,24045600,2025-12-05T03:45:53Z
KO,2008-05-29,16.72,16.8,16.51,16.62,85510833,57.87,58.13,57.14,57.53,24705200,2025-12-05T03:45:53Z
KO,2008-05-30,16.54,16.75,16.47,16.67,92870628,57.26,57.99,57.02,57.69,26831600,2025-12-05T03:45:53Z
KO,2008-06-02,16.47,16.58,16.31,16.48,66183007,57,57.37,56.45,57.05,19121200,2025-12-05T03:45:53Z
KO,2008-06-03,16.29,16.54,16.26,16.43,65209221,56.4,57.25,56.29,56.86,18839800,2025-12-05T03:45:53Z
KO,2008-06-04,16.38,16.46,16.25,16.25,51821038,56.7,56.97,56.25,56.25,14971800,2025-12-05T03:45:53Z
KO,2008-06-05,16.52,16.54,16.31,16.4,54346246,57.19,57.26,56.46,56.75,15701400,2025-12-05T03:45:53Z
KO,2008-06-06,16.12,16.5,16.1,16.47,86350260,55.8,57.11,55.74,57.01,24947800,2025-12-05T03:45:53Z
KO,2008-06-09,16.14,16.25,16.04,16.04,66980631,55.86,56.25,55.5,55.5,19351600,2025-12-05T03:45:53Z
KO,2008-06-10,16.76,16.93,16.18,16.22,113113264,58.01,58.6,56,56.13,32680000,2025-12-05T03:45:53Z
KO,2008-06-11,16.62,16.82,16.58,16.79,80665284,57.14,57.83,57.01,57.72,23459000,2025-12-05T03:45:53Z
KO,2008-06-12,16.62,16.75,16.5,16.67,65484026,57.14,57.59,56.75,57.31,19044000,2025-12-05T03:45:53Z
KO,2008-06-13,16.12,16.61,15.68,16.59,212353904,55.42,57.1,53.92,57.03,61756600,2025-12-05T03:45:53Z
KO,2008-06-16,15.76,16.15,15.72,16.12,121672719,54.18,55.52,54.04,55.42,35384800,2025-12-05T03:45:53Z
KO,2008-06-17,15.69,15.91,15.69,15.86,98578791,53.96,54.7,53.96,54.55,28668600,2025-12-05T03:45:53Z
KO,2008-06-18,15.46,15.7,15.45,15.64,89530825,53.16,54,53.11,53.78,26037200,2025-12-05T03:45:53Z
KO,2008-06-19,15.52,15.59,15.41,15.53,86724746,53.36,53.6,53,53.4,25221200,2025-12-05T03:45:53Z
KO,2008-06-20,15.61,15.67,15.39,15.43,114411714,53.66,53.89,52.93,53.07,33273000,2025-12-05T03:45:53Z
KO,2008-06-23,15.49,15.66,15.42,15.66,61586836,53.26,53.85,53.02,53.85,17910600,2025-12-05T03:45:53Z
KO,2008-06-24,15.52,15.57,15.31,15.41,75054974,53.37,53.52,52.63,53,21827400,2025-12-05T03:45:53Z
KO,2008-06-25,15.73,15.87,15.53,15.55,81668014,54.1,54.58,53.4,53.46,23750600,2025-12-05T03:45:53Z
KO,2008-06-26,15.48,15.88,15.45,15.68,104986870,53.22,54.62,53.13,53.92,30532200,2025-12-05T03:45:53Z
KO,2008-06-27,15.08,15.48,15.07,15.46,122664259,51.84,53.24,51.83,53.17,35673200,2025-12-05T03:45:53Z
KO,2008-06-30,15.12,15.38,14.96,15.08,103645019,51.98,52.9,51.44,51.86,30142000,2025-12-05T03:45:53Z
KO,2008-07-01,14.83,15.1,14.81,15.1,121520685,51,51.92,50.92,51.92,35340600,2025-12-05T03:45:53Z
KO,2008-07-02,14.94,15,14.79,14.84,111771717,51.37,51.56,50.87,51.01,32505400,2025-12-05T03:45:53Z
KO,2008-07-03,14.97,15.05,14.89,14.94,51249616,51.48,51.75,51.19,51.37,14904400,2025-12-05T03:45:53Z
KO,2008-07-07,14.92,15.06,14.83,15.03,80470709,51.29,51.78,51,51.67,23402400,2025-12-05T03:45:53Z
KO,2008-07-08,14.97,15.03,14.83,14.86,91662921,51.47,51.68,51,51.08,26657400,2025-12-05T03:45:53Z
KO,2008-07-09,14.8,15.02,14.79,15.02,79793156,50.89,51.64,50.86,51.63,23205400,2025-12-05T03:45:53Z
KO,2008-07-10,14.55,14.82,14.45,14.82,104231709,50.04,50.95,49.7,50.95,30312600,2025-12-05T03:45:53Z
KO,2008-07-11,14.62,14.69,14.4,14.44,92591431,50.27,50.5,49.52,49.66,26927400,2025-12-05T03:45:53Z
KO,2008-07-14,14.82,14.91,14.7,14.7,86387274,50.96,51.26,50.54,50.54,25123000,2025-12-05T03:45:53Z
KO,2008-07-15,15.06,15.12,14.71,14.73,132238412,51.79,52,50.59,50.65,38457400,2025-12-05T03:45:53Z
KO,2008-07-16,15.22,15.3,14.91,15.09,93488871,52.34,52.6,51.25,51.88,27188400,2025-12-05T03:45:53Z
KO,2008-07-17,14.64,14.94,14.45,14.89,272384379,50.34,51.36,49.7,51.2,79214400,2025-12-05T03:45:53Z
KO,2008-07-18,14.55,14.68,14.44,14.68,125486082,50.03,50.48,49.65,50.48,36493800,2025-12-05T03:45:53Z
KO,2008-07-21,14.42,14.57,14.38,14.57,74824665,49.6,50.1,49.44,50.1,21760400,2025-12-05T03:45:53Z
KO,2008-07-22,14.93,15.16,14.56,14.58,148348186,51.35,52.12,50.06,50.12,43142600,2025-12-05T03:45:53Z
KO,2008-07-23,15.27,15.28,14.84,14.98,88798174,52.5,52.55,51.02,51.52,25824200,2025-12-05T03:45:53Z
KO,2008-07-24,15.08,15.38,14.99,15.25,73380226,51.86,52.89,51.53,52.43,21340400,2025-12-05T03:45:53Z
KO,2008-07-25,15.14,15.2,14.99,15.2,57952341,52.06,52.25,51.53,52.25,16853600,2025-12-05T03:45:53Z
KO,2008-07-28,14.88,15.14,14.86,15.12,48277429,51.15,52.06,51.11,52,14040000,2025-12-05T03:45:53Z
KO,2008-07-29,15,15.07,14.87,14.89,55858929,51.57,51.81,51.12,51.21,16244800,2025-12-05T03:45:53Z
KO,2008-07-30,14.92,15.12,14.83,15.08,67007420,51.31,52,51,51.85,19487000,2025-12-05T03:45:53Z
KO,2008-07-31,14.98,15.08,14.9,14.98,72955241,51.5,51.85,51.22,51.5,21216800,2025-12-05T03:45:53Z
KO,2008-08-01,15.45,15.48,15.05,15.11,114009214,53.14,53.22,51.74,51.94,33156000,2025-12-05T03:45:53Z
KO,2008-08-04,15.68,15.73,15.38,15.45,76608003,53.9,54.08,52.9,53.12,22279000,2025-12-05T03:45:53Z
KO,2008-08-05,15.97,16,15.72,15.73,87625483,54.91,55,54.05,54.1,25483200,2025-12-05T03:45:53Z
KO,2008-08-06,16.1,16.14,15.88,15.96,70078121,55.36,55.48,54.6,54.87,20380000,2025-12-05T03:45:53Z
KO,2008-08-07,15.71,16.04,15.66,16.04,68526617,54.01,55.16,53.84,55.16,19928800,2025-12-05T03:45:53Z
KO,2008-08-08,16.11,16.15,15.62,15.7,67595912,55.41,55.53,53.71,54,19658200,2025-12-05T03:45:53Z
KO,2008-08-11,16.1,16.24,15.95,16.04,48771321,55.35,55.83,54.85,55.14,14183600,2025-12-05T03:45:53Z
KO,2008-08-12,15.93,16.23,15.74,16.05,57392303,54.79,55.82,54.12,55.19,16690800,2025-12-05T03:45:53Z
KO,2008-08-13,16.06,16.12,15.82,15.87,65459335,55.21,55.44,54.4,54.56,19036800,2025-12-05T03:45:53Z
KO,2008-08-14,16,16.24,15.92,16.01,52994346,55.02,55.84,54.75,55.05,15411800,2025-12-05T03:45:53Z
KO,2008-08-15,16.01,16.18,15.92,16.06,82154157,55.06,55.62,54.75,55.22,23892000,2025-12-05T03:45:53Z
KO,2008-08-18,15.8,16.1,15.69,16.02,72682994,54.33,55.36,53.94,55.07,21137600,2025-12-05T03:45:53Z
KO,2008-08-19,15.8,15.88,15.7,15.77,56957061,54.33,54.59,53.98,54.23,16564200,2025-12-05T03:45:53Z
KO,2008-08-20,15.81,15.92,15.68,15.86,37938403,54.35,54.74,53.9,54.55,11033200,2025-12-05T03:45:53Z
KO,2008-08-21,15.56,15.77,15.48,15.76,40130867,53.51,54.24,53.22,54.19,11670800,2025-12-05T03:45:53Z
KO,2008-08-22,15.81,15.85,15.53,15.59,50934181,54.37,54.51,53.41,53.62,14812600,2025-12-05T03:45:53Z
KO,2008-08-25,15.58,15.88,15.52,15.75,42394684,53.57,54.59,53.37,54.14,12329200,2025-12-05T03:45:53Z
KO,2008-08-26,15.56,15.67,15.46,15.58,32533707,53.52,53.89,53.15,53.57,9461400,2025-12-05T03:45:53Z
KO,2008-08-27,15.64,15.71,15.48,15.59,46748528,53.79,54.01,53.22,53.59,13595400,2025-12-05T03:45:53Z
KO,2008-08-28,15.45,15.58,15.38,15.49,71731924,53.12,53.57,52.9,53.25,20861000,2025-12-05T03:45:53Z
KO,2008-08-29,15.14,15.44,15.13,15.44,61348306,52.07,53.09,52.04,53.09,17841200,2025-12-05T03:45:53Z
KO,2008-09-02,15.11,15.4,15.1,15.19,88452692,51.96,52.96,51.91,52.22,25723800,2025-12-05T03:45:53Z
KO,2008-09-03,15.02,15.13,14.91,15.02,77191702,51.66,52.04,51.27,51.66,22448800,2025-12-05T03:45:53Z
KO,2008-09-04,15.04,15.2,14.89,15.05,89055685,51.71,52.28,51.2,51.74,25899000,2025-12-05T03:45:53Z
KO,2008-09-05,15.1,15.16,14.97,15.03,62871536,51.93,52.11,51.48,51.69,18284200,2025-12-05T03:45:53Z
KO,2008-09-08,15.52,15.57,15.21,15.33,76703471,53.38,53.53,52.3,52.72,22306800,2025-12-05T03:45:53Z
KO,2008-09-09,15.67,15.86,15.46,15.46,101312677,53.88,54.52,53.17,53.17,29463600,2025-12-05T03:45:53Z
KO,2008-09-10,15.65,15.73,15.5,15.73,84619483,53.81,54.1,53.31,54.07,24609000,2025-12-05T03:45:53Z
KO,2008-09-11,15.86,15.99,15.54,15.58,93583035,54.15,54.58,53.05,53.19,27409200,2025-12-05T03:45:53Z
KO,2008-09-12,15.96,15.98,15.68,15.77,69528951,54.5,54.55,53.55,53.85,20364200,2025-12-05T03:45:53Z
KO,2008-09-15,16.04,16.33,15.68,15.75,109811385,54.75,55.77,53.54,53.76,32162400,2025-12-05T03:45:53Z
KO,2008-09-16,16.06,16.12,15.73,15.83,112088624,54.85,55.03,53.7,54.03,32829400,2025-12-05T03:45:53Z
KO,2008-09-17,15.42,16.08,15.42,15.98,128158886,52.66,54.89,52.65,54.56,37536000,2025-12-05T03:45:53Z
KO,2008-09-18,15.64,15.83,15.26,15.59,137756335,53.39,54.04,52.1,53.22,40347200,2025-12-05T03:45:53Z
KO,2008-09-19,15.44,16.04,14.68,16.04,163228176,52.72,54.75,50.12,54.75,47807400,2025-12-05T03:45:53Z
KO,2008-09-22,15.05,15.42,15.03,15.38,79741511,51.38,52.66,51.31,52.51,23355200,2025-12-05T03:45:53Z
KO,2008-09-23,14.84,15.33,14.81,15.06,87699431,50.68,52.34,50.57,51.43,25686000,2025-12-05T03:45:53Z
KO,2008-09-24,14.7,14.97,14.61,14.94,74228620,50.19,51.1,49.87,51,21740600,2025-12-05T03:45:53Z
KO,2008-09-25,15.07,15.3,14.75,14.76,89368045,51.46,52.23,50.36,50.4,26174800,2025-12-05T03:45:53Z
KO,2008-09-26,15.37,15.42,14.89,14.92,93950286,52.48,52.66,50.84,50.94,27516800,2025-12-05T03:45:53Z
KO,2008-09-29,14.95,15.51,14.76,15.25,133263885,51.03,52.96,50.41,52.08,39031200,2025-12-05T03:45:53Z
KO,2008-09-30,15.49,15.49,14.94,15.18,120159380,52.88,52.9,51.01,51.81,35193200,2025-12-05T03:45:53Z
KO,2008-10-01,15.86,15.9,15.38,15.41,99343190,54.16,54.28,52.52,52.62,29096400,2025-12-05T03:45:53Z
KO,2008-10-02,15.7,15.9,15.49,15.54,104712353,53.6,54.27,52.9,53.05,30669000,2025-12-05T03:45:53Z
KO,2008-10-03,15.4,16.11,15.34,15.75,94561189,52.57,55,52.39,53.78,27695800,2025-12-05T03:45:53Z
KO,2008-10-06,14.91,15.32,14.27,15.04,157888938,50.92,52.29,48.72,51.34,46243600,2025-12-05T03:45:53Z
KO,2008-10-07,14.44,15.1,14.38,15.03,118886360,49.3,51.55,49.08,51.3,34820200,2025-12-05T03:45:53Z
KO,2008-10-08,13.89,14.53,13.61,14.25,167587169,47.41,49.6,46.45,48.65,49084200,2025-12-05T03:45:53Z
KO,2008-10-09,12.68,13.95,12.68,13.93,158041927,43.3,47.63,43.3,47.57,46288400,2025-12-05T03:45:53Z
KO,2008-10-10,12.15,13.2,11.8,12.32,251179677,41.5,45.05,40.29,42.05,73567200,2025-12-05T03:45:53Z
KO,2008-10-13,13.84,13.92,12.66,12.72,172346949,47.26,47.53,43.21,43.43,50478400,2025-12-05T03:45:53Z
KO,2008-10-14,12.81,13.8,12.49,13.8,196886072,43.73,47.1,42.65,47.1,57665600,2025-12-05T03:45:53Z
KO,2008-10-15,12.95,13.86,12.86,13.72,192074579,44.21,47.33,43.91,46.83,56256000,2025-12-05T03:45:53Z
KO,2008-10-16,13.41,13.45,12.34,13.12,181193664,45.78,45.91,42.13,44.8,53069400,2025-12-05T03:45:53Z
KO,2008-10-17,12.95,13.52,12.57,13.17,143502513,44.2,46.17,42.91,44.96,42030000,2025-12-05T03:45:53Z
KO,2008-10-20,13.61,13.73,13.04,13.21,94825174,46.46,46.87,44.53,45.09,27773000,2025-12-05T03:45:53Z
KO,2008-10-21,13.48,13.8,13.47,13.58,74864985,46.03,47.13,46,46.36,21927000,2025-12-05T03:45:53Z
KO,2008-10-22,13.29,13.54,12.95,13.36,108885780,45.38,46.22,44.22,45.6,31891200,2025-12-05T03:45:53Z
KO,2008-10-23,12.61,13.36,12.16,13.36,192296906,43.06,45.6,41.5,45.6,56321200,2025-12-05T03:45:53Z
KO,2008-10-24,12.19,12.59,12.01,12.01,139295001,41.61,43,41,41,40797600,2025-12-05T03:45:53Z
KO,2008-10-27,12.01,12.66,12.01,12.05,100420945,41.01,43.22,41,41.15,29412000,2025-12-05T03:45:53Z
KO,2008-10-28,13.25,13.27,12.04,12.17,123186409,45.25,45.32,41.12,41.56,36079600,2025-12-05T03:45:53Z
KO,2008-10-29,12.84,13.41,12.74,13.06,101947815,43.85,45.8,43.5,44.6,29859200,2025-12-05T03:45:53Z
KO,2008-10-30,13.08,13.33,12.85,13.16,88574318,44.66,45.5,43.87,44.94,25942200,2025-12-05T03:45:53Z
KO,2008-10-31,12.9,13.47,12.74,13.22,108813994,44.06,46,43.5,45.14,31870200,2025-12-05T03:45:53Z
KO,2008-11-03,13.31,13.37,12.93,13.04,63424530,45.45,45.65,44.16,44.51,18576200,2025-12-05T03:45:53Z
KO,2008-11-04,13.48,13.76,13.36,13.68,81171850,46.03,46.99,45.61,46.7,23774200,2025-12-05T03:45:53Z
KO,2008-11-05,13.1,13.6,13.06,13.39,80225014,44.73,46.44,44.6,45.72,23496800,2025-12-05T03:45:53Z
KO,2008-11-06,13.03,13.32,12.85,13.11,116094783,44.49,45.46,43.86,44.75,34002800,2025-12-05T03:45:53Z
KO,2008-11-07,13.55,13.74,13.03,13.13,99631769,46.25,46.92,44.49,44.84,29180800,2025-12-05T03:45:53Z
KO,2008-11-10,13.44,13.85,13.21,13.73,77031837,45.9,47.29,45.11,46.87,22561600,2025-12-05T03:45:53Z
KO,2008-11-11,13.02,13.41,12.87,13.35,93848472,44.44,45.78,43.93,45.59,27487000,2025-12-05T03:45:53Z
KO,2008-11-12,12.84,13.05,12.54,12.8,119594341,43.83,44.57,42.81,43.69,35027800,2025-12-05T03:45:53Z
KO,2008-11-13,13.55,13.58,12.69,12.84,128195614,46.28,46.37,43.32,43.85,37546800,2025-12-05T03:45:53Z
KO,2008-11-14,13.19,13.82,13.17,13.35,113976151,45.02,47.18,44.98,45.59,33382200,2025-12-05T03:45:53Z
KO,2008-11-17,12.88,13.16,12.65,13.07,104722515,43.97,44.93,43.2,44.62,30672000,2025-12-05T03:45:53Z
KO,2008-11-18,12.74,12.81,12.31,12.69,132894477,43.49,43.75,42.03,43.32,38923200,2025-12-05T03:45:53Z
KO,2008-11-19,12.38,13.06,12.36,12.78,110554202,42.27,44.6,42.21,43.65,32379800,2025-12-05T03:45:53Z
KO,2008-11-20,12.03,12.82,12.01,12.3,144317404,41.07,43.76,41,42,42268800,2025-12-05T03:45:53Z
KO,2008-11-21,12.89,12.97,11.86,12.2,171072480,44,44.29,40.5,41.64,50104800,2025-12-05T03:45:53Z
KO,2008-11-24,13.25,13.51,12.8,13.03,125375115,45.23,46.11,43.7,44.49,36720800,2025-12-05T03:45:53Z
KO,2008-11-25,13.2,13.62,12.96,13.42,110522630,45.07,46.51,44.26,45.83,32370600,2025-12-05T03:45:53Z
KO,2008-11-26,13.4,13.43,12.92,13.07,72277173,45.38,45.45,43.75,44.26,21349000,2025-12-05T03:45:53Z
KO,2008-11-28,13.84,13.86,13.35,13.35,42540638,46.87,46.91,45.2,45.2,12565600,2025-12-05T03:45:53Z
KO,2008-12-01,13.09,13.74,13.09,13.64,85156017,44.33,46.51,44.3,46.19,25153200,2025-12-05T03:45:53Z
KO,2008-12-02,12.98,13.3,12.68,13.3,97062491,43.93,45.02,42.94,45.02,28670000,2025-12-05T03:45:53Z
KO,2008-12-03,13.63,13.71,12.85,12.9,135061913,46.14,46.4,43.5,43.67,39894200,2025-12-05T03:45:53Z
KO,2008-12-04,13.22,13.76,13.06,13.46,108535891,44.75,46.57,44.21,45.57,32059200,2025-12-05T03:45:53Z
KO,2008-12-05,13.58,13.61,12.83,13.09,95728712,45.98,46.09,43.42,44.33,28276200,2025-12-05T03:45:53Z
KO,2008-12-08,13.58,13.9,13.42,13.73,91098056,45.98,47.06,45.44,46.49,26908400,2025-12-05T03:45:53Z
KO,2008-12-09,13.24,13.75,13.11,13.45,90172565,44.83,46.55,44.38,45.53,26635000,2025-12-05T03:45:53Z
KO,2008-12-10,13.38,13.55,13.14,13.14,99410758,45.31,45.88,44.47,44.47,29363800,2025-12-05T03:45:53Z
KO,2008-12-11,13.06,13.48,12.97,13.35,112680847,44.22,45.64,43.9,45.18,33283400,2025-12-05T03:45:53Z
KO,2008-12-12,13.17,13.19,12.7,12.92,103115312,44.57,44.64,43,43.75,30458000,2025-12-05T03:45:53Z
KO,2008-12-15,13.28,13.37,12.95,13.26,69061593,44.97,45.27,43.84,44.88,20399200,2025-12-05T03:45:53Z
KO,2008-12-16,13.72,13.82,13.21,13.37,118706057,46.46,46.79,44.73,45.27,35063000,2025-12-05T03:45:53Z
KO,2008-12-17,13.43,13.72,13.3,13.61,89401996,45.48,46.45,45.01,46.08,26407400,2025-12-05T03:45:53Z
KO,2008-12-18,13.35,13.72,13.22,13.61,105269692,45.18,46.45,44.77,46.07,31094400,2025-12-05T03:45:53Z
KO,2008-12-19,13.12,13.59,13.05,13.43,171129102,44.43,46.01,44.18,45.45,50547600,2025-12-05T03:45:53Z
KO,2008-12-22,13.19,13.24,13,13.21,75756384,44.66,44.81,44,44.73,22376800,2025-12-05T03:45:53Z
KO,2008-12-23,12.99,13.33,12.96,13.21,68306221,43.97,45.13,43.86,44.73,20176200,2025-12-05T03:45:53Z
KO,2008-12-24,13.03,13.1,13,13.01,17999266,44.1,44.35,44,44.05,5316600,2025-12-05T03:45:53Z
KO,2008-12-26,13.17,13.27,13.08,13.12,32590910,44.58,44.93,44.27,44.41,9626600,2025-12-05T03:45:53Z
KO,2008-12-29,13.12,13.25,12.91,13.25,47229788,44.41,44.86,43.72,44.86,13950600,2025-12-05T03:45:53Z
KO,2008-12-30,13.27,13.33,13.16,13.18,54174110,44.93,45.14,44.54,44.62,16001800,2025-12-05T03:45:53Z
KO,2008-12-31,13.37,13.44,13.31,13.34,52646004,45.27,45.5,45.06,45.17,15550400,2025-12-05T03:45:53Z
KO,2009-01-02,13.56,13.59,13.3,13.41,55372645,45.9,46,45.04,45.4,16355800,2025-12-05T03:45:53Z
KO,2009-01-05,13.42,13.56,13.35,13.46,68512768,45.44,45.89,45.18,45.57,20237200,2025-12-05T03:45:53Z
KO,2009-01-06,13.21,13.58,13.13,13.5,72137673,44.71,45.97,44.46,45.7,21307800,2025-12-05T03:45:53Z
KO,2009-01-07,13.27,13.35,13.06,13.06,73062499,44.93,45.18,44.22,44.22,21581000,2025-12-05T03:45:53Z
KO,2009-01-08,13.36,13.38,13.16,13.25,68004396,45.24,45.28,44.56,44.84,20087000,2025-12-05T03:45:53Z
KO,2009-01-09,13.17,13.37,13.07,13.36,67041170,44.6,45.26,44.25,45.23,19802400,2025-12-05T03:45:53Z
KO,2009-01-12,12.92,13.19,12.85,13.13,69300245,43.73,44.67,43.51,44.46,20469800,2025-12-05T03:45:53Z
KO,2009-01-13,13,13.09,12.88,12.94,76520489,44.02,44.32,43.62,43.8,22602400,2025-12-05T03:45:53Z
KO,2009-01-14,12.59,12.86,12.49,12.85,91589832,42.62,43.53,42.27,43.5,27053600,2025-12-05T03:45:53Z
KO,2009-01-15,12.81,12.82,12.52,12.57,95002262,43.36,43.39,42.4,42.57,28061600,2025-12-05T03:45:53Z
KO,2009-01-16,12.95,13.14,12.84,12.97,95989334,43.84,44.48,43.47,43.9,28353200,2025-12-05T03:45:53Z
KO,2009-01-20,12.67,13.14,12.67,12.93,95917160,42.88,44.5,42.88,43.78,28331800,2025-12-05T03:45:53Z
KO,2009-01-21,12.79,12.83,12.45,12.82,80576843,43.29,43.45,42.16,43.4,23800600,2025-12-05T03:45:53Z
KO,2009-01-22,12.74,12.77,12.5,12.6,79523181,43.12,43.23,42.3,42.64,23489400,2025-12-05T03:45:53Z
KO,2009-01-23,12.46,12.6,12.28,12.6,105816718,42.2,42.66,41.56,42.65,31255800,2025-12-05T03:45:53Z
KO,2009-01-26,12.71,12.81,12.44,12.5,85351076,43.03,43.38,42.12,42.3,25210800,2025-12-05T03:45:53Z
KO,2009-01-27,12.8,12.98,12.7,12.78,67110094,43.33,43.93,43,43.28,19822800,2025-12-05T03:45:53Z
KO,2009-01-28,12.96,13,12.78,13,62846824,43.86,44,43.25,44,18563600,2025-12-05T03:45:53Z
KO,2009-01-29,12.86,13.14,12.8,12.91,71970221,43.55,44.49,43.34,43.7,21258400,2025-12-05T03:45:53Z
KO,2009-01-30,12.62,12.9,12.56,12.83,76537478,42.72,43.68,42.53,43.44,22607400,2025-12-05T03:45:53Z
KO,2009-02-02,12.48,12.55,12.27,12.47,54055337,42.24,42.5,41.53,42.21,15966800,2025-12-05T03:45:53Z
KO,2009-02-03,12.8,12.85,12.4,12.55,60769468,43.32,43.5,41.98,42.5,17950000,2025-12-05T03:45:53Z
KO,2009-02-04,12.52,12.86,12.49,12.81,61978347,42.4,43.55,42.28,43.35,18307000,2025-12-05T03:45:53Z
KO,2009-02-05,12.61,12.67,12.38,12.47,74886332,42.69,42.89,41.91,42.22,22119800,2025-12-05T03:45:53Z
KO,2009-02-06,12.86,12.91,12.6,12.62,63384602,43.55,43.69,42.66,42.73,18722400,2025-12-05T03:45:53Z
KO,2009-02-09,12.5,12.81,12.41,12.8,66655163,42.31,43.36,42,43.32,19688400,2025-12-05T03:45:53Z
KO,2009-02-10,12.01,12.5,11.9,12.41,153999583,40.67,42.31,40.28,42.01,45488000,2025-12-05T03:45:53Z
KO,2009-02-11,12.19,12.29,12.1,12.1,71899356,41.27,41.59,40.96,40.96,21237400,2025-12-05T03:45:53Z
KO,2009-02-12,13.11,13.13,12.45,12.6,207281294,44.39,44.45,42.15,42.65,61226200,2025-12-05T03:45:53Z
KO,2009-02-13,12.95,13.11,12.91,13.06,76974058,43.85,44.38,43.69,44.2,22736400,2025-12-05T03:45:53Z
KO,2009-02-17,12.58,12.76,12.54,12.7,89448785,42.6,43.19,42.44,43,26421200,2025-12-05T03:45:53Z
KO,2009-02-18,12.61,12.71,12.48,12.64,61305336,42.68,43.04,42.25,42.78,18108200,2025-12-05T03:45:53Z
KO,2009-02-19,12.79,12.91,12.61,12.73,67076593,43.3,43.72,42.68,43.11,19813000,2025-12-05T03:45:53Z
KO,2009-02-20,12.65,12.84,12.52,12.69,102151088,42.84,43.47,42.38,42.97,30173200,2025-12-05T03:45:53Z
KO,2009-02-23,12.43,12.76,12.38,12.71,79428776,42.09,43.19,41.92,43.02,23461400,2025-12-05T03:45:53Z
KO,2009-02-24,12.72,12.76,12.46,12.62,88753916,43.06,43.2,42.19,42.72,26216000,2025-12-05T03:45:53Z
KO,2009-02-25,12.52,12.78,12.45,12.68,89205453,42.37,43.28,42.16,42.94,26349400,2025-12-05T03:45:53Z
KO,2009-02-26,12.13,12.63,12.11,12.63,72225946,41.07,42.77,41.01,42.77,21334000,2025-12-05T03:45:53Z
KO,2009-02-27,12.07,12.2,11.95,12.1,120008839,40.85,41.29,40.45,40.96,35448000,2025-12-05T03:45:53Z
KO,2009-03-02,11.72,12.03,11.7,11.95,105624449,39.69,40.72,39.62,40.45,31199000,2025-12-05T03:45:53Z
KO,2009-03-03,11.47,11.9,11.45,11.76,126159335,38.83,40.3,38.76,39.81,37264600,2025-12-05T03:45:53Z
KO,2009-03-04,11.74,11.91,11.47,11.59,114711684,39.73,40.32,38.84,39.25,33883400,2025-12-05T03:45:53Z
KO,2009-03-05,11.18,11.65,11.06,11.57,123451256,37.85,39.44,37.44,39.16,36464600,2025-12-05T03:45:53Z
KO,2009-03-06,11.55,11.58,11.25,11.27,111729170,39.1,39.21,38.1,38.15,33002400,2025-12-05T03:45:53Z
KO,2009-03-09,11.45,11.78,11.44,11.66,118923517,38.75,39.87,38.73,39.48,35127400,2025-12-05T03:45:53Z
KO,2009-03-10,11.57,11.72,11.42,11.71,119106391,39.16,39.67,38.65,39.63,35181400,2025-12-05T03:45:53Z
KO,2009-03-11,11.81,11.93,11.66,11.69,91301988,39.57,39.95,39.05,39.16,27254000,2025-12-05T03:45:53Z
KO,2009-03-12,12.19,12.2,11.75,11.82,85337574,40.84,40.86,39.35,39.58,25473600,2025-12-05T03:45:53Z
KO,2009-03-13,12.3,12.37,12.07,12.26,81730457,41.22,41.45,40.43,41.08,24396800,2025-12-05T03:45:53Z
KO,2009-03-16,12.32,12.54,12.27,12.38,77734686,41.27,42.01,41.12,41.46,23204000,2025-12-05T03:45:53Z
KO,2009-03-17,12.37,12.44,12.19,12.34,67810645,41.45,41.67,40.82,41.34,20241600,2025-12-05T03:45:53Z
KO,2009-03-18,12.43,12.61,12.24,12.33,96456940,41.65,42.25,41,41.3,28792800,2025-12-05T03:45:53Z
KO,2009-03-19,12.59,12.61,12.48,12.49,76305834,42.18,42.25,41.8,41.85,22777600,2025-12-05T03:45:53Z
KO,2009-03-20,12.73,12.88,12.63,12.63,128403071,42.64,43.14,42.31,42.32,38328800,2025-12-05T03:45:53Z
KO,2009-03-23,13.18,13.18,12.84,12.88,88781163,44.14,44.14,43,43.16,26501400,2025-12-05T03:45:53Z
KO,2009-03-24,13.14,13.24,12.96,13.02,73295089,44.02,44.34,43.41,43.6,21878800,2025-12-05T03:45:53Z
KO,2009-03-25,13.36,13.4,13.14,13.25,82027370,44.75,44.89,44.03,44.4,24485400,2025-12-05T03:45:53Z
KO,2009-03-26,13.39,13.43,13.08,13.42,93157234,44.85,45,43.82,44.95,27807800,2025-12-05T03:45:53Z
KO,2009-03-27,13.46,13.49,13.26,13.26,77398134,45.1,45.2,44.43,44.43,23103600,2025-12-05T03:45:53Z
KO,2009-03-30,13.11,13.33,12.96,13.28,76735293,43.92,44.66,43.43,44.5,22905800,2025-12-05T03:45:53Z
KO,2009-03-31,13.12,13.35,13.09,13.22,79853846,43.95,44.72,43.86,44.27,23836600,2025-12-05T03:45:53Z
KO,2009-04-01,13.39,13.43,12.99,13.06,71204882,44.86,44.99,43.5,43.76,21254800,2025-12-05T03:45:53Z
KO,2009-04-02,13.53,13.68,13.33,13.52,83504849,45.34,45.83,44.65,45.3,24926400,2025-12-05T03:45:53Z
KO,2009-04-03,13.42,13.66,13.28,13.54,59920918,44.97,45.76,44.48,45.37,17886600,2025-12-05T03:45:53Z
KO,2009-04-06,13.43,13.5,13.3,13.34,53882008,44.99,45.23,44.54,44.7,16084000,2025-12-05T03:45:53Z
KO,2009-04-07,13.32,13.48,13.27,13.39,52482572,44.62,45.17,44.46,44.84,15666200,2025-12-05T03:45:53Z
KO,2009-04-08,13.43,13.47,13.29,13.34,45545771,44.99,45.14,44.52,44.69,13595600,2025-12-05T03:45:53Z
KO,2009-04-09,13.43,13.65,13.38,13.65,54280656,44.99,45.73,44.82,45.71,16203000,2025-12-05T03:45:53Z
KO,2009-04-13,13.35,13.42,13.25,13.42,44135026,44.73,44.97,44.4,44.95,13174400,2025-12-05T03:45:53Z
KO,2009-04-14,13.2,13.31,13.08,13.31,55135867,44.21,44.6,43.81,44.6,16458200,2025-12-05T03:45:53Z
KO,2009-04-15,13.44,13.47,13.16,13.19,55830554,45.03,45.12,44.1,44.2,16665600,2025-12-05T03:45:53Z
KO,2009-04-16,13.46,13.59,13.24,13.54,58041562,45.1,45.51,44.34,45.37,17325600,2025-12-05T03:45:53Z
KO,2009-04-17,13.44,13.56,13.33,13.51,75128256,45.02,45.44,44.66,45.25,22426000,2025-12-05T03:45:53Z
KO,2009-04-20,13.23,13.43,13.08,13.39,92680748,44.33,45,43.81,44.85,27665400,2025-12-05T03:45:53Z
KO,2009-04-21,12.86,13.42,12.72,13.18,125703869,43.09,44.95,42.62,44.16,37523000,2025-12-05T03:45:53Z
KO,2009-04-22,12.81,12.9,12.72,12.9,97048524,42.93,43.22,42.6,43.2,28969200,2025-12-05T03:45:53Z
KO,2009-04-23,12.81,12.88,12.74,12.86,93917664,42.92,43.15,42.69,43.07,28034600,2025-12-05T03:45:53Z
KO,2009-04-24,12.77,12.86,12.71,12.82,98211074,42.79,43.09,42.57,42.95,29316200,2025-12-05T03:45:53Z
KO,2009-04-27,12.61,12.83,12.56,12.66,79609045,42.24,42.97,42.08,42.42,23763600,2025-12-05T03:45:53Z
KO,2009-04-28,12.62,12.7,12.54,12.57,60862399,42.28,42.55,42,42.11,18167600,2025-12-05T03:45:53Z
KO,2009-04-29,12.75,12.86,12.65,12.65,68429264,42.71,43.09,42.36,42.37,20426400,2025-12-05T03:45:53Z
KO,2009-04-30,12.85,13.16,12.78,12.87,120464685,43.05,44.07,42.8,43.13,35959200,2025-12-05T03:45:53Z
KO,2009-05-01,12.68,12.9,12.59,12.88,71088860,42.47,43.21,42.18,43.14,21220200,2025-12-05T03:45:53Z
KO,2009-05-04,12.89,12.91,12.61,12.72,89744304,43.17,43.24,42.23,42.6,26789000,2025-12-05T03:45:53Z
KO,2009-05-05,12.88,13.06,12.84,12.93,75019792,43.14,43.75,43.02,43.32,22393600,2025-12-05T03:45:53Z
KO,2009-05-06,12.82,13.01,12.76,12.99,65287877,42.94,43.59,42.75,43.5,19488600,2025-12-05T03:45:53Z
KO,2009-05-07,12.78,12.93,12.71,12.93,90644517,42.8,43.32,42.57,43.32,27057600,2025-12-05T03:45:53Z
KO,2009-05-08,12.81,12.89,12.69,12.82,80932823,42.92,43.17,42.51,42.95,24158600,2025-12-05T03:45:53Z
KO,2009-05-11,12.76,12.89,12.7,12.76,61767569,42.75,43.19,42.54,42.73,18437800,2025-12-05T03:45:53Z
KO,2009-05-12,13.25,13.34,12.79,12.82,124127037,44.4,44.69,42.86,42.96,37052200,2025-12-05T03:45:53Z
KO,2009-05-13,13.02,13.25,12.97,13.14,79455733,43.63,44.39,43.44,44.03,23717800,2025-12-05T03:45:53Z
KO,2009-05-14,13.4,13.48,13.11,13.11,115878108,44.9,45.17,43.91,43.92,34590000,2025-12-05T03:45:53Z
KO,2009-05-15,13.42,13.46,13.32,13.38,114244036,44.96,45.08,44.63,44.83,34102200,2025-12-05T03:45:53Z
KO,2009-05-18,13.75,13.77,13.34,13.47,95349352,46.07,46.12,44.68,45.14,28462000,2025-12-05T03:45:53Z
KO,2009-05-19,13.92,14.01,13.68,13.77,106830939,46.64,46.93,45.82,46.14,31889400,2025-12-05T03:45:53Z
KO,2009-05-20,14.03,14.12,13.89,13.97,111822308,47,47.29,46.54,46.81,33379200,2025-12-05T03:45:53Z
KO,2009-05-21,13.93,13.98,13.85,13.92,95029000,46.68,46.82,46.4,46.64,28366400,2025-12-05T03:45:53Z
KO,2009-05-22,14.12,14.24,13.92,13.93,82332126,47.3,47.71,46.64,46.67,24576400,2025-12-05T03:45:53Z
KO,2009-05-26,14.09,14.17,13.99,14.03,96430702,47.21,47.48,46.88,47,28784800,2025-12-05T03:45:53Z
KO,2009-05-27,13.92,14.09,13.89,14.07,63868011,46.63,47.19,46.54,47.13,19064800,2025-12-05T03:45:53Z
KO,2009-05-28,14,14.09,13.84,13.93,63450580,46.9,47.2,46.36,46.65,18940200,2025-12-05T03:45:53Z
KO,2009-05-29,14.67,14.67,14.02,14.03,152215621,49.16,49.16,46.95,47.01,45436800,2025-12-05T03:45:53Z
KO,2009-06-01,14.63,14.76,14.54,14.7,142941446,49.02,49.45,48.72,49.25,42668400,2025-12-05T03:45:53Z
KO,2009-06-02,14.82,14.9,14.59,14.63,112032057,49.66,49.93,48.88,49.01,33442000,2025-12-05T03:45:53Z
KO,2009-06-03,14.65,14.78,14.56,14.73,89991807,49.09,49.5,48.77,49.34,26862800,2025-12-05T03:45:53Z
KO,2009-06-04,14.85,14.86,14.54,14.67,72730298,49.76,49.79,48.71,49.14,21710200,2025-12-05T03:45:53Z
KO,2009-06-05,14.76,14.91,14.7,14.9,66442826,49.44,49.94,49.23,49.91,19833400,2025-12-05T03:45:53Z
KO,2009-06-08,14.74,14.82,14.57,14.7,53096206,49.38,49.63,48.81,49.23,15849400,2025-12-05T03:45:53Z
KO,2009-06-09,14.65,14.81,14.59,14.78,68020814,49.09,49.6,48.86,49.51,20304400,2025-12-05T03:45:53Z
KO,2009-06-10,14.45,14.73,14.34,14.72,94592875,48.41,49.36,48.05,49.3,28236200,2025-12-05T03:45:53Z
KO,2009-06-11,14.63,14.82,14.48,14.49,68323774,48.58,49.21,48.08,48.12,20569000,2025-12-05T03:45:53Z
KO,2009-06-12,14.72,14.76,14.6,14.66,57268248,48.89,49.04,48.48,48.68,17240800,2025-12-05T03:45:53Z
KO,2009-06-15,14.48,14.65,14.48,14.63,58561362,48.11,48.66,48.1,48.61,17630000,2025-12-05T03:45:53Z
KO,2009-06-16,14.4,14.55,14.4,14.51,52702223,47.83,48.33,47.82,48.19,15866200,2025-12-05T03:45:53Z
KO,2009-06-17,14.43,14.64,14.4,14.41,55318386,47.93,48.64,47.84,47.88,16653800,2025-12-05T03:45:53Z
KO,2009-06-18,14.92,14.94,14.44,14.45,80233583,49.55,49.64,47.96,47.99,24154600,2025-12-05T03:45:53Z
KO,2009-06-19,14.69,15.02,14.66,14.97,102036499,48.81,49.89,48.71,49.73,30718400,2025-12-05T03:45:53Z
KO,2009-06-22,14.45,14.69,14.45,14.61,70949798,47.99,48.81,47.99,48.52,21359600,2025-12-05T03:45:53Z
KO,2009-06-23,14.39,14.61,14.38,14.51,62205138,47.8,48.53,47.75,48.19,18727000,2025-12-05T03:45:53Z
KO,2009-06-24,14.3,14.6,14.26,14.49,59049473,47.5,48.49,47.36,48.12,17777000,2025-12-05T03:45:53Z
KO,2009-06-25,14.41,14.46,14.2,14.28,68526732,47.85,48.03,47.18,47.42,20630200,2025-12-05T03:45:53Z
KO,2009-06-26,14.49,14.54,14.34,14.37,87029741,48.13,48.29,47.63,47.72,26200600,2025-12-05T03:45:53Z
KO,2009-06-29,14.54,14.6,14.49,14.49,58217857,48.29,48.5,48.12,48.14,17526600,2025-12-05T03:45:53Z
KO,2009-06-30,14.45,14.53,14.39,14.51,104458266,47.99,48.25,47.81,48.21,31447400,2025-12-05T03:45:53Z
KO,2009-07-01,14.81,14.93,14.57,14.6,80425629,49.18,49.6,48.41,48.48,24212400,2025-12-05T03:45:53Z
KO,2009-07-02,14.72,14.88,14.68,14.68,73738368,48.88,49.43,48.77,48.77,22199200,2025-12-05T03:45:53Z
KO,2009-07-06,14.75,14.77,14.57,14.66,55378277,49,49.05,48.38,48.68,16671800,2025-12-05T03:45:53Z
KO,2009-07-07,14.64,14.8,14.62,14.67,56830594,48.64,49.17,48.55,48.73,17109000,2025-12-05T03:45:53Z
KO,2009-07-08,14.6,14.72,14.5,14.62,70821320,48.51,48.88,48.17,48.55,21321000,2025-12-05T03:45:53Z
KO,2009-07-09,14.66,14.71,14.6,14.67,57886785,48.71,48.85,48.51,48.72,17427000,2025-12-05T03:45:53Z
KO,2009-07-10,14.54,14.71,14.46,14.6,51881792,48.31,48.87,48.02,48.5,15619200,2025-12-05T03:45:53Z
KO,2009-07-13,14.77,14.81,14.48,14.57,68454621,49.05,49.18,48.1,48.38,20608400,2025-12-05T03:45:53Z
KO,2009-07-14,14.84,14.86,14.67,14.76,51051487,49.29,49.35,48.74,49.02,15369200,2025-12-05T03:45:53Z
KO,2009-07-15,15.21,15.23,14.87,14.89,66856035,50.53,50.58,49.39,49.47,20127200,2025-12-05T03:45:53Z
KO,2009-07-16,15.29,15.32,15.1,15.16,52541516,50.79,50.88,50.16,50.35,15817800,2025-12-05T03:45:53Z
KO,2009-07-17,15.15,15.22,15.06,15.15,65796992,50.32,50.55,50.03,50.31,19808400,2025-12-05T03:45:53Z
KO,2009-07-20,15.36,15.36,15.07,15.24,63460063,51.03,51.03,50.07,50.61,19104800,2025-12-05T03:45:53Z
KO,2009-07-21,15.16,15.3,14.99,15.3,95460378,50.35,50.83,49.8,50.83,28738600,2025-12-05T03:45:53Z
KO,2009-07-22,14.79,15.16,14.71,15.15,94198911,49.13,50.34,48.85,50.32,28358800,2025-12-05T03:45:53Z
KO,2009-07-23,14.81,15.06,14.72,14.79,88851378,49.18,50.02,48.88,49.13,26749000,2025-12-05T03:45:53Z
KO,2009-07-24,14.86,14.94,14.7,14.88,55053343,49.36,49.64,48.84,49.41,16574000,2025-12-05T03:45:53Z
KO,2009-07-27,14.91,14.93,14.8,14.86,54002616,49.52,49.59,49.15,49.36,16257600,2025-12-05T03:45:53Z
KO,2009-07-28,14.87,14.98,14.75,14.88,53411220,49.39,49.75,49,49.43,16079600,2025-12-05T03:45:53Z
KO,2009-07-29,14.84,15.04,14.78,14.88,60205311,49.28,49.94,49.09,49.42,18125000,2025-12-05T03:45:53Z
KO,2009-07-30,14.95,15.2,14.92,15,64562059,49.67,50.5,49.55,49.82,19436600,2025-12-05T03:45:53Z
KO,2009-07-31,15,15.11,14.9,14.94,55877797,49.84,50.2,49.5,49.64,16822200,2025-12-05T03:45:53Z
KO,2009-08-03,14.93,15.08,14.84,15.06,61238502,49.6,50.1,49.3,50.03,18436000,2025-12-05T03:45:53Z
KO,2009-08-04,14.9,15.1,14.86,14.92,58395791,49.5,50.15,49.35,49.56,17580200,2025-12-05T03:45:53Z
KO,2009-08-05,14.8,14.93,14.75,14.91,49858246,49.17,49.59,49,49.51,15010000,2025-12-05T03:45:53Z
KO,2009-08-06,14.87,14.92,14.81,14.88,45877659,49.39,49.55,49.2,49.41,13811600,2025-12-05T03:45:53Z
KO,2009-08-07,14.85,14.98,14.8,14.95,44196369,49.34,49.75,49.17,49.66,13305400,2025-12-05T03:45:53Z
KO,2009-08-10,14.88,14.9,14.75,14.83,44840127,49.44,49.48,48.98,49.26,13499200,2025-12-05T03:45:53Z
KO,2009-08-11,14.76,14.9,14.74,14.88,41550931,49.04,49.48,48.95,49.42,12509000,2025-12-05T03:45:53Z
KO,2009-08-12,14.59,14.78,14.58,14.74,82692581,48.46,49.09,48.43,48.96,24894800,2025-12-05T03:45:53Z
KO,2009-08-13,14.49,14.65,14.28,14.58,88225475,48.12,48.65,47.42,48.43,26560600,2025-12-05T03:45:53Z
KO,2009-08-14,14.59,14.59,14.45,14.47,49182166,48.47,48.47,48,48.05,14806400,2025-12-05T03:45:53Z
KO,2009-08-17,14.66,14.69,14.49,14.58,53849584,48.7,48.79,48.12,48.44,16211600,2025-12-05T03:45:53Z
KO,2009-08-18,14.63,14.74,14.6,14.68,51539714,48.61,48.95,48.48,48.75,15516200,2025-12-05T03:45:53Z
KO,2009-08-19,14.86,14.9,14.55,14.55,56599913,49.36,49.48,48.32,48.32,17039600,2025-12-05T03:45:53Z
KO,2009-08-20,14.88,14.93,14.79,14.87,39439003,49.42,49.58,49.12,49.39,11873200,2025-12-05T03:45:53Z
KO,2009-08-21,15.03,15.05,14.83,14.93,58627764,49.91,49.98,49.25,49.6,17650000,2025-12-05T03:45:53Z
KO,2009-08-24,14.77,14.99,14.69,14.99,72221467,49.06,49.8,48.81,49.8,21742400,2025-12-05T03:45:53Z
KO,2009-08-25,14.67,14.8,14.66,14.79,71176285,48.74,49.15,48.69,49.12,21427800,2025-12-05T03:45:53Z
KO,2009-08-26,14.81,14.85,14.66,14.7,45146163,49.18,49.32,48.7,48.82,13591400,2025-12-05T03:45:53Z
KO,2009-08-27,14.88,14.94,14.68,14.81,46120965,49.44,49.64,48.76,49.18,13884800,2025-12-05T03:45:53Z
KO,2009-08-28,14.77,14.94,14.73,14.94,45560936,49.06,49.64,48.92,49.62,13716200,2025-12-05T03:45:53Z
KO,2009-08-31,14.68,14.86,14.6,14.7,70823678,48.77,49.37,48.5,48.84,21321600,2025-12-05T03:45:53Z
KO,2009-09-01,14.61,14.83,14.57,14.67,81556417,48.53,49.25,48.38,48.72,24552800,2025-12-05T03:45:53Z
KO,2009-09-02,14.99,15.14,14.62,14.62,135604380,49.8,50.3,48.55,48.55,40824000,2025-12-05T03:45:53Z
KO,2009-09-03,14.93,15.01,14.82,14.94,75002784,49.58,49.85,49.23,49.63,22579800,2025-12-05T03:45:53Z
KO,2009-09-04,15.04,15.08,14.77,14.84,50215738,49.95,50.08,49.05,49.3,15117600,2025-12-05T03:45:53Z
KO,2009-09-08,15.18,15.29,14.97,15.04,103913800,50.41,50.79,49.72,49.94,31283600,2025-12-05T03:45:53Z
KO,2009-09-09,15.24,15.3,15.13,15.17,52525683,50.63,50.81,50.24,50.39,15813000,2025-12-05T03:45:53Z
KO,2009-09-10,15.23,15.29,15.1,15.21,71565764,50.58,50.8,50.16,50.53,21545000,2025-12-05T03:45:53Z
KO,2009-09-11,15.63,15.7,15.18,15.22,112450211,51.51,51.74,50,50.13,34130200,2025-12-05T03:45:53Z
KO,2009-09-14,15.83,15.93,15.45,15.5,109261479,52.16,52.47,50.91,51.08,33162200,2025-12-05T03:45:53Z
KO,2009-09-15,15.92,15.96,15.68,15.81,91348072,52.45,52.58,51.65,52.08,27725400,2025-12-05T03:45:53Z
KO,2009-09-16,15.99,16.03,15.75,15.92,86008336,52.67,52.82,51.9,52.44,26104600,2025-12-05T03:45:53Z
KO,2009-09-17,16.21,16.22,15.91,15.93,90139596,53.42,53.45,52.42,52.5,27358600,2025-12-05T03:45:53Z
KO,2009-09-18,16.32,16.43,16.18,16.29,409104997,53.76,54.12,53.3,53.68,124169000,2025-12-05T03:45:53Z
KO,2009-09-21,16.09,16.32,16.02,16.23,81418530,53,53.76,52.78,53.48,24711600,2025-12-05T03:45:53Z
KO,2009-09-22,16.04,16.18,16,16.18,64002374,52.85,53.31,52.73,53.31,19425600,2025-12-05T03:45:53Z
KO,2009-09-23,15.96,16.13,15.83,16.07,68646873,52.58,53.15,52.17,52.94,20835200,2025-12-05T03:45:53Z
KO,2009-09-24,15.89,16.13,15.85,15.96,80006307,52.34,53.14,52.23,52.58,24283000,2025-12-05T03:45:53Z
KO,2009-09-25,16.08,16.17,15.87,15.88,71617943,52.97,53.28,52.27,52.33,21737000,2025-12-05T03:45:53Z
KO,2009-09-28,16.13,16.28,16.06,16.1,50058617,53.13,53.63,52.9,53.03,15193400,2025-12-05T03:45:53Z
KO,2009-09-29,16.18,16.25,16.14,16.21,57068980,53.31,53.54,53.19,53.4,17321200,2025-12-05T03:45:53Z
KO,2009-09-30,16.3,16.38,15.97,16.18,93162016,53.7,53.95,52.6,53.32,28275800,2025-12-05T03:45:53Z
KO,2009-10-01,16.12,16.3,16.1,16.21,92487026,53.12,53.7,53.04,53.4,28071000,2025-12-05T03:45:53Z
KO,2009-10-02,16.35,16.41,16.06,16.1,82925829,53.87,54.08,52.91,53.06,25169000,2025-12-05T03:45:53Z
KO,2009-10-05,16.33,16.39,16.18,16.33,51248540,53.8,54,53.3,53.81,15554600,2025-12-05T03:45:53Z
KO,2009-10-06,16.49,16.59,16.29,16.33,62962151,54.32,54.65,53.66,53.81,19109800,2025-12-05T03:45:53Z
KO,2009-10-07,16.64,16.78,16.49,16.65,68403860,54.81,55.28,54.32,54.86,20761400,2025-12-05T03:45:53Z
KO,2009-10-08,16.57,16.7,16.49,16.7,59405602,54.59,55.01,54.32,55.01,18030400,2025-12-05T03:45:53Z
KO,2009-10-09,16.59,16.66,16.47,16.59,38971609,54.65,54.9,54.25,54.67,11828400,2025-12-05T03:45:53Z
KO,2009-10-12,16.63,16.77,16.55,16.64,52761425,54.79,55.25,54.53,54.83,16013800,2025-12-05T03:45:53Z
KO,2009-10-13,16.63,16.68,16.56,16.62,39330801,54.8,54.96,54.55,54.77,11937400,2025-12-05T03:45:53Z
KO,2009-10-14,16.64,16.7,16.57,16.67,52982753,54.84,55.03,54.59,54.92,16081000,2025-12-05T03:45:53Z
KO,2009-10-15,16.67,16.76,16.5,16.61,79870876,54.92,55.21,54.35,54.73,24241800,2025-12-05T03:45:53Z
KO,2009-10-16,16.7,16.75,16.6,16.67,72783920,55.01,55.2,54.69,54.92,22090800,2025-12-05T03:45:53Z
KO,2009-10-19,16.63,16.85,16.59,16.74,68056300,54.79,55.5,54.67,55.14,20656000,2025-12-05T03:45:53Z
KO,2009-10-20,16.41,16.43,16.14,16.27,88495976,54.07,54.15,53.18,53.59,26859600,2025-12-05T03:45:53Z
KO,2009-10-21,16.41,16.6,16.3,16.34,54400463,54.07,54.69,53.7,53.82,16511200,2025-12-05T03:45:53Z
KO,2009-10-22,16.44,16.47,16.21,16.26,53905530,54.15,54.27,53.41,53.58,16361000,2025-12-05T03:45:53Z
KO,2009-10-23,16.16,16.43,16.12,16.36,71527228,53.24,54.15,53.12,53.91,21709400,2025-12-05T03:45:53Z
KO,2009-10-26,16.16,16.48,16,16.11,71059877,53.23,54.3,52.71,53.08,21567600,2025-12-05T03:45:53Z
KO,2009-10-27,16.23,16.36,16.11,16.16,48548839,53.46,53.92,53.09,53.24,14735200,2025-12-05T03:45:53Z
KO,2009-10-28,16.24,16.39,16.16,16.16,52772634,53.51,54,53.23,53.25,16017200,2025-12-05T03:45:53Z
KO,2009-10-29,16.42,16.42,16.13,16.24,48785445,54.09,54.11,53.15,53.52,14807000,2025-12-05T03:45:53Z
KO,2009-10-30,16.18,16.47,16.12,16.41,71865692,53.31,54.27,53.11,54.06,21812200,2025-12-05T03:45:53Z
KO,2009-11-02,16.3,16.36,16.14,16.24,61294311,53.72,53.92,53.16,53.51,18603600,2025-12-05T03:45:53Z
KO,2009-11-03,16.12,16.29,16.02,16.28,53753253,53.12,53.68,52.77,53.65,16314800,2025-12-05T03:45:53Z
KO,2009-11-04,16.23,16.39,16.1,16.21,46503476,53.49,54,53.03,53.42,14114400,2025-12-05T03:45:53Z
KO,2009-11-05,16.51,16.54,16.22,16.24,53723588,54.4,54.48,53.45,53.51,16305800,2025-12-05T03:45:53Z
KO,2009-11-06,16.54,16.54,16.33,16.38,35189318,54.49,54.5,53.81,53.97,10680400,2025-12-05T03:45:53Z
KO,2009-11-09,16.84,16.85,16.44,16.57,63359400,55.48,55.5,54.17,54.59,19230400,2025-12-05T03:45:53Z
KO,2009-11-10,16.94,17.05,16.77,16.8,53175195,55.81,56.19,55.25,55.35,16139400,2025-12-05T03:45:53Z
KO,2009-11-11,17.04,17.08,16.92,17.02,47130064,56.13,56.27,55.74,56.06,14304600,2025-12-05T03:45:53Z
KO,2009-11-12,16.98,17.11,16.95,17.03,50067095,55.94,56.38,55.85,56.11,15196000,2025-12-05T03:45:53Z
KO,2009-11-13,17.14,17.21,16.97,17.02,76935949,56.46,56.7,55.9,56.06,23351000,2025-12-05T03:45:53Z
KO,2009-11-16,17.22,17.33,17.13,17.19,53504877,56.74,57.09,56.43,56.65,16239400,2025-12-05T03:45:53Z
KO,2009-11-17,17.26,17.28,17.13,17.19,37375629,56.87,56.92,56.45,56.64,11344000,2025-12-05T03:45:53Z
KO,2009-11-18,17.17,17.3,17.09,17.28,50255406,56.58,57,56.29,56.93,15253200,2025-12-05T03:45:53Z
KO,2009-11-19,17.26,17.29,17.01,17.07,59814310,56.88,56.98,56.04,56.24,18154400,2025-12-05T03:45:53Z
KO,2009-11-20,17.45,17.51,17.21,17.21,68193561,57.48,57.69,56.69,56.69,20697600,2025-12-05T03:45:53Z
KO,2009-11-23,17.68,17.71,17.52,17.52,61092597,58.24,58.35,57.71,57.71,18542400,2025-12-05T03:45:53Z
KO,2009-11-24,17.66,17.73,17.56,17.73,51336908,58.19,58.43,57.86,58.43,15581400,2025-12-05T03:45:53Z
KO,2009-11-25,17.64,17.72,17.6,17.72,44085857,58.11,58.37,57.99,58.37,13380600,2025-12-05T03:45:53Z
KO,2009-11-27,17.48,17.59,17.24,17.42,51282129,57.18,57.53,56.4,56.98,15675400,2025-12-05T03:45:53Z
KO,2009-11-30,17.48,17.52,17.36,17.51,61781742,57.2,57.32,56.8,57.29,18884800,2025-12-05T03:45:53Z
KO,2009-12-01,17.75,17.81,17.54,17.6,50249656,58.08,58.26,57.38,57.59,15359800,2025-12-05T03:45:53Z
KO,2009-12-02,17.72,17.79,17.63,17.68,44490543,57.96,58.2,57.68,57.83,13599400,2025-12-05T03:45:53Z
KO,2009-12-03,17.51,17.76,17.47,17.76,66221169,57.27,58.09,57.16,58.09,20241800,2025-12-05T03:45:53Z
KO,2009-12-04,17.57,17.74,17.36,17.61,81549242,57.49,58.03,56.81,57.6,24927200,2025-12-05T03:45:53Z
KO,2009-12-07,17.69,17.76,17.33,17.41,54651818,57.87,58.1,56.7,56.96,16705400,2025-12-05T03:45:53Z
KO,2009-12-08,17.63,17.65,17.45,17.59,59838542,57.68,57.74,57.07,57.53,18290800,2025-12-05T03:45:53Z
