ticker,tradeDate,clsPx,hiPx,loPx,open,stockVolume,unadjClsPx,unadjHiPx,unadjLoPx,unadjOpen,unadjStockVolume,updatedAt
LLY,2006-01-03,32.05,32.18,31.37,31.95,7082971,57.36,57.59,56.15,57.19,3957400,2026-02-14T03:46:13Z
LLY,2006-01-04,31.89,32.27,31.78,32.12,7087973,57.08,57.75,56.88,57.48,3960200,2026-02-14T03:46:13Z
LLY,2006-01-05,32.07,32.09,31.79,32.04,5621052,57.39,57.44,56.89,57.35,3140600,2026-02-14T03:46:13Z
LLY,2006-01-06,32.31,32.47,31.9,32.24,5582920,57.82,58.12,57.09,57.7,3119300,2026-02-14T03:46:13Z
LLY,2006-01-09,32.73,32.89,32.26,32.34,5284207,58.58,58.86,57.74,57.88,2952400,2026-02-14T03:46:13Z
LLY,2006-01-10,32.51,32.97,32.17,32.66,6208642,58.18,59,57.58,58.45,3468900,2026-02-14T03:46:13Z
LLY,2006-01-11,32.51,32.6,32.19,32.6,3419415,58.18,58.35,57.61,58.35,1910500,2026-02-14T03:46:13Z
LLY,2006-01-12,32.38,32.79,32.17,32.56,4843201,57.95,58.69,57.57,58.28,2706000,2026-02-14T03:46:13Z
LLY,2006-01-13,32.38,32.69,32.29,32.46,5696757,57.95,58.5,57.8,58.1,3182900,2026-02-14T03:46:13Z
LLY,2006-01-17,32,32.38,31.91,32.15,6030192,57.27,57.95,57.11,57.55,3369200,2026-02-14T03:46:13Z
LLY,2006-01-18,31.82,31.97,31.62,31.97,5670441,56.96,57.22,56.6,57.22,3168200,2026-02-14T03:46:13Z
LLY,2006-01-19,31.95,32.3,31.75,32.07,6462252,57.18,57.81,56.82,57.4,3610600,2026-02-14T03:46:13Z
LLY,2006-01-20,31.79,32.05,31.69,31.93,9021146,56.9,57.36,56.71,57.15,5040300,2026-02-14T03:46:13Z
LLY,2006-01-23,31.96,32.15,31.57,31.89,6021973,57.21,57.55,56.51,57.08,3364600,2026-02-14T03:46:13Z
LLY,2006-01-24,31.91,32.35,31.7,32.14,6655190,57.11,57.9,56.73,57.52,3718400,2026-02-14T03:46:13Z
LLY,2006-01-25,31.94,32.29,31.93,32.04,8690914,57.17,57.79,57.15,57.35,4855800,2026-02-14T03:46:13Z
LLY,2006-01-26,31.81,32.21,31.79,32.13,12264613,56.93,57.65,56.9,57.5,6852500,2026-02-14T03:46:13Z
LLY,2006-01-27,32.15,32.24,31.7,31.73,12279471,57.55,57.7,56.73,56.79,6860800,2026-02-14T03:46:13Z
LLY,2006-01-30,32.05,32.31,31.96,32.22,5575416,57.37,57.83,57.21,57.66,3115100,2026-02-14T03:46:13Z
LLY,2006-01-31,31.63,31.94,31.29,31.93,11650351,56.62,57.17,56,57.15,6509300,2026-02-14T03:46:13Z
LLY,2006-02-01,31.79,31.85,31.3,31.48,7213984,56.89,57,56.02,56.34,4030600,2026-02-14T03:46:13Z
LLY,2006-02-02,31.46,31.92,31.36,31.74,6099465,56.3,57.13,56.12,56.8,3407900,2026-02-14T03:46:13Z
LLY,2006-02-03,31.21,31.49,31.12,31.26,7270523,55.86,56.36,55.7,55.94,4062200,2026-02-14T03:46:13Z
LLY,2006-02-06,30.96,31.21,30.78,31.15,4985854,55.42,55.85,55.09,55.75,2785700,2026-02-14T03:46:13Z
LLY,2006-02-07,30.72,31.05,30.51,30.87,5673847,54.98,55.57,54.6,55.25,3170100,2026-02-14T03:46:13Z
LLY,2006-02-08,31.12,31.22,30.64,30.64,4695002,55.7,55.88,54.84,54.84,2623200,2026-02-14T03:46:13Z
LLY,2006-02-09,31.46,31.75,31.04,31.12,9372296,56.3,56.83,55.55,55.7,5236500,2026-02-14T03:46:13Z
LLY,2006-02-10,31.39,31.62,31.15,31.53,5401971,56.18,56.6,55.75,56.44,3018200,2026-02-14T03:46:13Z
LLY,2006-02-13,31.15,31.41,30.89,31.39,5080784,55.35,55.82,54.9,55.78,2859100,2026-02-14T03:46:13Z
LLY,2006-02-14,31.22,31.4,30.85,31.25,7143960,55.48,55.8,54.82,55.53,4020100,2026-02-14T03:46:13Z
LLY,2006-02-15,31.52,31.71,31.09,31.31,4749367,56.02,56.35,55.25,55.63,2672600,2026-02-14T03:46:13Z
LLY,2006-02-16,31.72,31.76,31.19,31.53,5421277,56.36,56.44,55.43,56.03,3050700,2026-02-14T03:46:13Z
LLY,2006-02-17,31.42,31.79,31.23,31.78,5104780,55.84,56.5,55.5,56.48,2872600,2026-02-14T03:46:13Z
LLY,2006-02-21,31.23,31.57,31.2,31.33,4759671,55.5,56.1,55.45,55.68,2678400,2026-02-14T03:46:13Z
LLY,2006-02-22,31.57,31.68,31.31,31.4,4348109,56.1,56.29,55.63,55.8,2446800,2026-02-14T03:46:13Z
LLY,2006-02-23,31.47,31.5,31.2,31.45,4641670,55.93,55.97,55.45,55.89,2612000,2026-02-14T03:46:13Z
LLY,2006-02-24,31.52,31.68,31.41,31.6,4434472,56.02,56.3,55.81,56.15,2495400,2026-02-14T03:46:13Z
LLY,2006-02-27,31.92,32.12,31.46,31.46,4407644,56.73,57.07,55.91,55.91,2480300,2026-02-14T03:46:13Z
LLY,2006-02-28,31.3,32.02,31.2,32,8307218,55.62,56.9,55.45,56.87,4674700,2026-02-14T03:46:13Z
LLY,2006-03-01,31.45,31.48,30.87,31.16,6224315,55.89,55.94,54.85,55.37,3502600,2026-02-14T03:46:13Z
LLY,2006-03-02,31.37,31.53,31.28,31.45,4176082,55.75,56.03,55.58,55.89,2350000,2026-02-14T03:46:13Z
LLY,2006-03-03,31.35,31.72,31.18,31.23,4312915,55.71,56.37,55.4,55.5,2427000,2026-02-14T03:46:13Z
LLY,2006-03-06,31.79,31.96,31.39,31.51,7148925,56.49,56.8,55.78,56,4022900,2026-02-14T03:46:13Z
LLY,2006-03-07,31.86,32.07,31.74,31.79,6065458,56.61,56.99,56.4,56.49,3413200,2026-02-14T03:46:13Z
LLY,2006-03-08,32.28,32.36,31.78,31.79,7554266,57.36,57.51,56.47,56.5,4251000,2026-02-14T03:46:13Z
LLY,2006-03-09,32.12,32.58,32,32.58,5982644,57.08,57.9,56.86,57.9,3366600,2026-02-14T03:46:13Z
LLY,2006-03-10,32.22,32.41,32.02,32.33,6262879,57.25,57.6,56.9,57.46,3524300,2026-02-14T03:46:13Z
LLY,2006-03-13,32.21,32.44,32.12,32.37,4276140,57.24,57.65,57.08,57.53,2406300,2026-02-14T03:46:13Z
LLY,2006-03-14,32.39,32.48,31.99,32.12,6303222,57.55,57.72,56.85,57.07,3547000,2026-02-14T03:46:13Z
LLY,2006-03-15,32.06,32.3,31.77,32.24,7171851,56.97,57.4,56.45,57.3,4035800,2026-02-14T03:46:13Z
LLY,2006-03-16,32.2,32.29,31.95,32.2,4489561,57.23,57.38,56.78,57.22,2526400,2026-02-14T03:46:13Z
LLY,2006-03-17,32.13,32.39,32.04,32.37,6099935,57.09,57.55,56.94,57.52,3432600,2026-02-14T03:46:13Z
LLY,2006-03-20,32.31,32.62,32.28,32.52,5345751,57.42,57.97,57.36,57.79,3008200,2026-02-14T03:46:13Z
LLY,2006-03-21,32.25,32.55,32.22,32.47,5060355,57.31,57.85,57.26,57.7,2847600,2026-02-14T03:46:13Z
LLY,2006-03-22,32.91,33.02,32.41,32.5,6498356,58.49,58.68,57.59,57.75,3656800,2026-02-14T03:46:13Z
LLY,2006-03-23,32.66,32.85,32.41,32.8,4835200,58.04,58.37,57.6,58.28,2720900,2026-02-14T03:46:13Z
LLY,2006-03-24,33.12,33.34,32.82,32.89,7608997,58.86,59.24,58.32,58.45,4281800,2026-02-14T03:46:13Z
LLY,2006-03-27,33.02,33.18,32.76,33.12,5670065,58.67,58.97,58.21,58.86,3190700,2026-02-14T03:46:13Z
LLY,2006-03-28,31.73,32.47,31.51,32.18,13549176,56.38,57.7,56,57.19,7624500,2026-02-14T03:46:13Z
LLY,2006-03-29,31.69,31.69,31.09,31.56,11425072,56.32,56.32,55.25,56.08,6429200,2026-02-14T03:46:13Z
LLY,2006-03-30,31.54,31.91,31.31,31.46,6264661,56.05,56.7,55.64,55.9,3525300,2026-02-14T03:46:13Z
LLY,2006-03-31,31.12,31.67,31.06,31.46,9132315,55.3,56.27,55.2,55.9,5139000,2026-02-14T03:46:13Z
LLY,2006-04-03,31.09,31.46,30.98,31.32,6981169,55.24,55.9,55.06,55.65,3928500,2026-02-14T03:46:13Z
LLY,2006-04-04,31.04,31.19,30.75,31.06,9437589,55.16,55.42,54.64,55.2,5310800,2026-02-14T03:46:13Z
LLY,2006-04-05,30.88,31.31,30.76,31.18,7828289,54.87,55.63,54.66,55.41,4405200,2026-02-14T03:46:13Z
LLY,2006-04-06,30.66,31.06,30.54,30.95,6737717,54.48,55.2,54.27,55,3791500,2026-02-14T03:46:13Z
LLY,2006-04-07,30.13,30.62,30.03,30.53,8024140,53.54,54.41,53.36,54.25,4515400,2026-02-14T03:46:13Z
LLY,2006-04-10,30.03,30.24,29.86,30.16,4387553,53.37,53.73,53.06,53.6,2469000,2026-02-14T03:46:13Z
LLY,2006-04-11,29.88,30.11,29.63,30.1,7915384,53.1,53.5,52.65,53.49,4454200,2026-02-14T03:46:13Z
LLY,2006-04-12,30.06,30.17,29.54,29.7,5686767,53.42,53.61,52.5,52.78,3200100,2026-02-14T03:46:13Z
LLY,2006-04-13,29.98,30.02,29.76,29.97,3863681,53.27,53.35,52.88,53.25,2174200,2026-02-14T03:46:13Z
LLY,2006-04-17,29.83,30.01,29.5,30.01,5576763,53.01,53.32,52.43,53.32,3138200,2026-02-14T03:46:13Z
LLY,2006-04-18,30.67,30.84,30.36,30.81,12511718,54.5,54.8,53.95,54.75,7040700,2026-02-14T03:46:13Z
LLY,2006-04-19,30.75,30.83,30.56,30.83,7285932,54.65,54.79,54.3,54.79,4100000,2026-02-14T03:46:13Z
LLY,2006-04-20,30.17,30.81,29.83,30.75,11212512,53.62,54.75,53,54.65,6309600,2026-02-14T03:46:13Z
LLY,2006-04-21,29.79,30.22,29.62,30.22,9767949,52.93,53.7,52.64,53.7,5496700,2026-02-14T03:46:13Z
LLY,2006-04-24,29.58,29.95,29.3,29.73,6693816,52.56,53.23,52.06,52.83,3766800,2026-02-14T03:46:13Z
LLY,2006-04-25,29.38,29.72,29.25,29.72,4107850,52.21,52.82,51.97,52.82,2311600,2026-02-14T03:46:13Z
LLY,2006-04-26,29.4,29.63,29.29,29.53,4794147,52.24,52.66,52.05,52.48,2697800,2026-02-14T03:46:13Z
LLY,2006-04-27,29.68,29.84,28.65,28.65,6258974,52.75,53.03,50.92,50.92,3522100,2026-02-14T03:46:13Z
LLY,2006-04-28,29.78,29.94,29.48,29.63,9018023,52.92,53.2,52.39,52.65,5074700,2026-02-14T03:46:13Z
LLY,2006-05-01,29.43,29.8,29.34,29.55,5798533,52.3,52.95,52.13,52.51,3263000,2026-02-14T03:46:13Z
LLY,2006-05-02,29.22,29.46,29.19,29.37,6293996,51.93,52.35,51.88,52.2,3541800,2026-02-14T03:46:13Z
LLY,2006-05-03,29.24,29.39,29.18,29.24,6581520,51.96,52.23,51.85,51.96,3703600,2026-02-14T03:46:13Z
LLY,2006-05-04,29.27,29.43,28.72,29.42,12966481,52.02,52.3,51.03,52.28,7296600,2026-02-14T03:46:13Z
LLY,2006-05-05,29.79,29.85,29.28,29.5,5657977,52.94,53.05,52.04,52.42,3183900,2026-02-14T03:46:13Z
LLY,2006-05-08,29.77,30.01,29.55,29.63,9047544,52.91,53.32,52.51,52.65,5091300,2026-02-14T03:46:13Z
LLY,2006-05-09,29.37,29.74,29.24,29.68,6845219,52.19,52.84,51.96,52.75,3852000,2026-02-14T03:46:13Z
LLY,2006-05-10,29.3,29.56,29.13,29.48,9452885,52.06,52.52,51.77,52.39,5319400,2026-02-14T03:46:13Z
LLY,2006-05-11,28.99,29.48,28.95,29.18,10947735,51.12,51.99,51.05,51.46,6208300,2026-02-14T03:46:13Z
LLY,2006-05-12,28.6,29.19,28.5,28.98,10175358,50.44,51.47,50.26,51.1,5770300,2026-02-14T03:46:13Z
LLY,2006-05-15,29.36,29.38,28.61,28.64,9060367,51.77,51.81,50.45,50.5,5138000,2026-02-14T03:46:13Z
LLY,2006-05-16,29.38,29.6,28.92,29.44,5238897,51.8,52.2,51,51.92,2970900,2026-02-14T03:46:13Z
LLY,2006-05-17,28.92,29.49,28.72,29.18,8042366,51,52,50.65,51.45,4560700,2026-02-14T03:46:13Z
LLY,2006-05-18,28.79,29.16,28.73,28.88,4812688,50.76,51.42,50.66,50.92,2729200,2026-02-14T03:46:13Z
LLY,2006-05-19,28.93,28.95,28.65,28.95,6715749,51.01,51.05,50.52,51.05,3808400,2026-02-14T03:46:13Z
LLY,2006-05-22,28.73,29.09,28.7,28.7,5561781,50.66,51.3,50.6,50.6,3154000,2026-02-14T03:46:13Z
LLY,2006-05-23,28.59,28.75,28.46,28.64,5735659,50.41,50.69,50.19,50.51,3252600,2026-02-14T03:46:13Z
LLY,2006-05-24,28.77,28.89,28.52,28.6,7564473,50.74,50.95,50.3,50.43,4289700,2026-02-14T03:46:13Z
LLY,2006-05-25,29.27,29.33,28.77,28.85,7620734,51.62,51.72,50.74,50.88,4321600,2026-02-14T03:46:13Z
LLY,2006-05-26,29.64,29.77,29.44,29.48,5270820,52.27,52.5,51.91,51.98,2989000,2026-02-14T03:46:13Z
LLY,2006-05-30,29.17,29.77,29.09,29.6,5588943,51.44,52.5,51.29,52.2,3169400,2026-02-14T03:46:13Z
LLY,2006-05-31,29.28,29.33,28.93,29.23,6254963,51.64,51.72,51.02,51.54,3547100,2026-02-14T03:46:13Z
LLY,2006-06-01,29.48,29.52,29.02,29.27,5618038,51.99,52.06,51.18,51.62,3185900,2026-02-14T03:46:13Z
LLY,2006-06-02,29.51,29.74,29.36,29.46,5939151,52.03,52.44,51.77,51.95,3368000,2026-02-14T03:46:13Z
LLY,2006-06-05,29.12,29.48,29.06,29.31,6555457,51.35,51.98,51.25,51.69,3717500,2026-02-14T03:46:13Z
LLY,2006-06-06,29.01,29.3,28.83,29.26,6605182,51.15,51.66,50.83,51.6,3745700,2026-02-14T03:46:13Z
LLY,2006-06-07,29.32,29.45,28.95,29.01,6974783,51.71,51.93,51.05,51.16,3955300,2026-02-14T03:46:13Z
LLY,2006-06-08,29.35,29.38,28.86,29.15,8885445,51.76,51.81,50.89,51.4,5038800,2026-02-14T03:46:13Z
LLY,2006-06-09,29.34,29.54,29.18,29.35,4171153,51.74,52.09,51.45,51.75,2365400,2026-02-14T03:46:13Z
LLY,2006-06-12,29.27,29.69,29.24,29.65,5488234,51.61,52.36,51.56,52.28,3112300,2026-02-14T03:46:13Z
LLY,2006-06-13,29.27,29.63,29.23,29.38,6783805,51.61,52.24,51.54,51.8,3847000,2026-02-14T03:46:13Z
LLY,2006-06-14,30.15,30.29,29.49,29.63,11753092,53.17,53.41,52,52.25,6665000,2026-02-14T03:46:13Z
LLY,2006-06-15,30.65,30.7,30.24,30.36,8545644,54.05,54.14,53.33,53.53,4846100,2026-02-14T03:46:13Z
LLY,2006-06-16,30.76,30.86,30.57,30.58,7132431,54.25,54.42,53.9,53.92,4044700,2026-02-14T03:46:13Z
LLY,2006-06-19,30.9,30.95,30.76,30.9,5770027,54.49,54.57,54.25,54.48,3272100,2026-02-14T03:46:13Z
LLY,2006-06-20,31.13,31.24,30.85,30.88,6604476,54.89,55.08,54.4,54.45,3745300,2026-02-14T03:46:13Z
LLY,2006-06-21,31.04,31.18,30.92,31.02,6235036,54.73,54.99,54.52,54.7,3535800,2026-02-14T03:46:13Z
LLY,2006-06-22,30.96,31.11,30.82,31.03,4460702,54.59,54.86,54.34,54.71,2529600,2026-02-14T03:46:13Z
LLY,2006-06-23,30.79,30.87,30.51,30.82,4677607,54.3,54.44,53.8,54.35,2652600,2026-02-14T03:46:13Z
LLY,2006-06-26,30.84,30.84,30.53,30.67,3441994,54.39,54.39,53.83,54.09,1951900,2026-02-14T03:46:13Z
LLY,2006-06-27,30.32,30.76,30.18,30.76,5843751,53.47,54.24,53.22,54.24,3313900,2026-02-14T03:46:13Z
LLY,2006-06-28,30.31,30.5,30.2,30.34,4086515,53.44,53.78,53.25,53.5,2317400,2026-02-14T03:46:13Z
LLY,2006-06-29,30.92,31.03,30.34,30.4,6819269,54.53,54.71,53.5,53.6,3867100,2026-02-14T03:46:13Z
LLY,2006-06-30,31.34,31.56,30.85,30.93,8523057,55.27,55.66,54.4,54.54,4833300,2026-02-14T03:46:13Z
LLY,2006-07-03,31.58,31.7,31.34,31.43,2314467,55.68,55.9,55.27,55.42,1312500,2026-02-14T03:46:13Z
LLY,2006-07-05,31.88,32.14,31.76,31.88,9710189,56.22,56.67,56,56.21,5506500,2026-02-14T03:46:13Z
LLY,2006-07-06,32.14,32.23,31.81,31.81,4695064,56.67,56.83,56.1,56.1,2662500,2026-02-14T03:46:13Z
LLY,2006-07-07,31.89,32.31,31.77,32.18,4154751,56.24,56.97,56.02,56.74,2356100,2026-02-14T03:46:13Z
LLY,2006-07-10,31.91,32.07,31.74,31.96,2728865,56.27,56.55,55.97,56.36,1547500,2026-02-14T03:46:13Z
LLY,2006-07-11,31.72,31.88,31.39,31.69,4789400,55.93,56.21,55.36,55.89,2716000,2026-02-14T03:46:13Z
LLY,2006-07-12,31.54,31.93,31.47,31.84,3182059,55.62,56.3,55.5,56.14,1804500,2026-02-14T03:46:13Z
LLY,2006-07-13,31.12,31.72,30.95,31.68,6382293,54.88,55.94,54.57,55.87,3619300,2026-02-14T03:46:13Z
LLY,2006-07-14,30.94,31.34,30.8,30.97,5901399,54.56,55.26,54.31,54.62,3346600,2026-02-14T03:46:13Z
LLY,2006-07-17,31.08,31.28,30.62,30.97,5182108,54.8,55.16,54,54.61,2938700,2026-02-14T03:46:13Z
LLY,2006-07-18,31.17,31.3,30.81,30.98,4033958,54.97,55.2,54.33,54.63,2287600,2026-02-14T03:46:13Z
LLY,2006-07-19,31.8,32.06,31.19,31.22,7233842,56.08,56.54,55,55.06,4102200,2026-02-14T03:46:13Z
LLY,2006-07-20,31.9,32.26,31.87,31.93,4571448,56.26,56.88,56.2,56.3,2592400,2026-02-14T03:46:13Z
LLY,2006-07-21,30.99,31.92,30.78,31.92,14499059,54.65,56.29,54.27,56.29,8222200,2026-02-14T03:46:13Z
LLY,2006-07-24,31.76,32.01,30.91,31.01,7759514,56.01,56.44,54.51,54.69,4400300,2026-02-14T03:46:13Z
LLY,2006-07-25,31.5,32.05,31.49,32.05,10546733,55.55,56.52,55.52,56.52,5980900,2026-02-14T03:46:13Z
LLY,2006-07-26,31.48,31.6,31.19,31.33,6549626,55.52,55.73,55,55.25,3714200,2026-02-14T03:46:13Z
LLY,2006-07-27,31.56,31.71,31.33,31.63,3981949,55.66,55.92,55.25,55.77,2258100,2026-02-14T03:46:13Z
LLY,2006-07-28,32.27,32.43,31.7,31.75,7121156,56.91,57.18,55.9,55.99,4038300,2026-02-14T03:46:13Z
LLY,2006-07-31,32.19,32.23,31.97,32.07,5294446,56.77,56.84,56.38,56.55,3002400,2026-02-14T03:46:13Z
LLY,2006-08-01,31.92,32.14,31.71,31.98,4836666,56.29,56.68,55.91,56.4,2742800,2026-02-14T03:46:13Z
LLY,2006-08-02,32.28,32.59,31.8,32.11,6651394,56.93,57.47,56.07,56.63,3771900,2026-02-14T03:46:13Z
LLY,2006-08-03,32.12,32.57,32.08,32.27,4355783,56.64,57.44,56.57,56.9,2470100,2026-02-14T03:46:13Z
LLY,2006-08-04,31.91,32.6,31.72,32.15,5567767,56.27,57.49,55.94,56.7,3157400,2026-02-14T03:46:13Z
LLY,2006-08-07,31.52,31.98,31.28,31.98,5705138,55.58,56.39,55.15,56.39,3235300,2026-02-14T03:46:13Z
LLY,2006-08-08,31.27,31.66,31.2,31.64,4805987,55.15,55.82,55.01,55.8,2725400,2026-02-14T03:46:13Z
LLY,2006-08-09,31.19,31.79,31.11,31.44,6526529,55,56.06,54.85,55.44,3701100,2026-02-14T03:46:13Z
LLY,2006-08-10,31.35,31.48,31.05,31.24,6781706,55.29,55.51,54.75,55.08,3845800,2026-02-14T03:46:13Z
LLY,2006-08-11,31.05,31.34,30.75,31.31,4793618,54.36,54.87,53.83,54.82,2738200,2026-02-14T03:46:13Z
LLY,2006-08-14,31.09,31.35,31.02,31.17,4717285,54.42,54.89,54.31,54.56,2694600,2026-02-14T03:46:13Z
LLY,2006-08-15,31.58,31.69,31.31,31.49,4758610,55.29,55.48,54.81,55.12,2718200,2026-02-14T03:46:13Z
LLY,2006-08-16,31.74,31.91,31.67,31.83,4065882,55.56,55.87,55.44,55.73,2322500,2026-02-14T03:46:13Z
LLY,2006-08-17,31.96,32.04,31.55,31.62,5203975,55.95,56.09,55.24,55.36,2972600,2026-02-14T03:46:13Z
LLY,2006-08-18,31.43,31.51,30.81,31.47,11959192,55.03,55.16,53.93,55.1,6831300,2026-02-14T03:46:13Z
LLY,2006-08-21,31.35,31.58,31.22,31.42,4883956,54.88,55.29,54.66,55,2789800,2026-02-14T03:46:13Z
LLY,2006-08-22,31.41,31.41,31.07,31.27,4492689,54.98,54.98,54.4,54.75,2566300,2026-02-14T03:46:13Z
LLY,2006-08-23,31.45,31.68,31.29,31.52,4237443,55.05,55.46,54.77,55.18,2420500,2026-02-14T03:46:13Z
LLY,2006-08-24,31.55,31.71,31.39,31.45,4007924,55.24,55.52,54.95,55.05,2289400,2026-02-14T03:46:13Z
LLY,2006-08-25,31.45,31.47,31.22,31.37,3947712,55.06,55.1,54.65,54.92,2255000,2026-02-14T03:46:13Z
LLY,2006-08-28,31.9,32.13,31.41,31.41,4873448,55.84,56.25,54.99,54.99,2783800,2026-02-14T03:46:13Z
LLY,2006-08-29,32.05,32.22,31.93,31.97,5758229,56.11,56.4,55.9,55.97,3289200,2026-02-14T03:46:13Z
LLY,2006-08-30,32.02,32.17,31.87,32.05,6196055,56.06,56.31,55.79,56.11,3539300,2026-02-14T03:46:13Z
LLY,2006-08-31,31.95,32.1,31.95,32.07,4601573,55.93,56.19,55.93,56.15,2628500,2026-02-14T03:46:13Z
LLY,2006-09-01,31.99,32.1,31.75,31.99,6516603,56,56.19,55.58,56,3722400,2026-02-14T03:46:13Z
LLY,2006-09-05,31.83,32.13,31.66,32.11,4394653,55.72,56.24,55.43,56.22,2510300,2026-02-14T03:46:13Z
LLY,2006-09-06,31.63,31.72,31.39,31.7,4926148,55.38,55.53,54.96,55.5,2813900,2026-02-14T03:46:13Z
LLY,2006-09-07,31.34,31.67,31.26,31.63,3641520,54.87,55.44,54.72,55.38,2080100,2026-02-14T03:46:13Z
LLY,2006-09-08,31.57,31.71,31.22,31.22,4095284,55.26,55.52,54.65,54.65,2339300,2026-02-14T03:46:13Z
LLY,2006-09-11,30.99,31.54,30.83,31.36,13590777,54.26,55.22,53.97,54.9,7763300,2026-02-14T03:46:13Z
LLY,2006-09-12,31.5,31.74,31.25,31.33,13286202,55.15,55.56,54.71,54.85,7589300,2026-02-14T03:46:13Z
LLY,2006-09-13,31.54,31.78,31.36,31.64,8122480,55.21,55.63,54.9,55.39,4639700,2026-02-14T03:46:13Z
LLY,2006-09-14,31.41,31.52,31.3,31.3,8025502,54.99,55.18,54.8,54.8,4584300,2026-02-14T03:46:13Z
LLY,2006-09-15,31.3,31.7,31.11,31.55,31969278,54.8,55.49,54.47,55.24,18261400,2026-02-14T03:46:13Z
LLY,2006-09-18,31.5,31.62,31.29,31.29,8323461,55.15,55.36,54.78,54.78,4754500,2026-02-14T03:46:13Z
LLY,2006-09-19,31.43,31.59,31.25,31.59,5505431,55.02,55.3,54.7,55.3,3144800,2026-02-14T03:46:13Z
LLY,2006-09-20,31.85,32.02,31.46,31.65,8595318,55.75,56.05,55.08,55.4,4909800,2026-02-14T03:46:13Z
LLY,2006-09-21,31.97,32.34,31.88,32.1,8145945,55.97,56.61,55.81,56.2,4653100,2026-02-14T03:46:13Z
LLY,2006-09-22,31.95,31.98,31.65,31.82,4399549,55.93,55.99,55.4,55.7,2513100,2026-02-14T03:46:13Z
LLY,2006-09-25,32.32,32.46,31.83,32.05,7162942,56.58,56.83,55.73,56.1,4091600,2026-02-14T03:46:13Z
LLY,2006-09-26,32.47,32.59,32.1,32.39,7089946,56.85,57.06,56.2,56.7,4049900,2026-02-14T03:46:13Z
LLY,2006-09-27,32.57,32.67,32.33,32.34,5258418,57.01,57.2,56.59,56.62,3003700,2026-02-14T03:46:13Z
LLY,2006-09-28,32.74,32.76,32.41,32.74,4744075,57.32,57.35,56.73,57.31,2709900,2026-02-14T03:46:13Z
LLY,2006-09-29,32.56,32.7,31.86,31.99,11318455,57,57.25,55.78,56,6465300,2026-02-14T03:46:13Z
LLY,2006-10-02,32.44,32.64,32.28,32.45,5508592,56.79,57.14,56.51,56.81,3146600,2026-02-14T03:46:13Z
LLY,2006-10-03,32.38,32.7,32.31,32.45,5061472,56.69,57.24,56.56,56.8,2891200,2026-02-14T03:46:13Z
LLY,2006-10-04,32.9,33.1,32.27,32.27,11817750,57.6,57.94,56.5,56.5,6750500,2026-02-14T03:46:13Z
LLY,2006-10-05,32.99,33.07,32.67,32.9,6428203,57.76,57.9,57.19,57.6,3671900,2026-02-14T03:46:13Z
LLY,2006-10-06,32.88,32.95,32.6,32.82,5845755,57.56,57.68,57.08,57.46,3339200,2026-02-14T03:46:13Z
LLY,2006-10-09,32.85,32.98,32.72,32.78,2657482,57.51,57.73,57.28,57.39,1518000,2026-02-14T03:46:13Z
LLY,2006-10-10,32.7,32.88,32.46,32.78,4939974,57.25,57.56,56.82,57.39,2821800,2026-02-14T03:46:13Z
LLY,2006-10-11,32.59,32.7,32.41,32.6,6642472,57.06,57.24,56.73,57.08,3794300,2026-02-14T03:46:13Z
LLY,2006-10-12,32.87,32.99,32.56,32.59,7561735,57.55,57.75,57,57.06,4319400,2026-02-14T03:46:13Z
LLY,2006-10-13,32.77,32.82,32.57,32.69,4861027,57.37,57.45,57.02,57.23,2776700,2026-02-14T03:46:13Z
LLY,2006-10-16,32.94,33.03,32.7,32.77,4364887,57.66,57.83,57.25,57.37,2493300,2026-02-14T03:46:13Z
LLY,2006-10-17,32.87,33.13,32.57,32.82,5666837,57.55,58,57.02,57.46,3237000,2026-02-14T03:46:13Z
LLY,2006-10-18,33.27,33.41,32.95,32.98,8230844,58.25,58.48,57.68,57.74,4701600,2026-02-14T03:46:13Z
LLY,2006-10-19,32.84,33.26,32.46,33.26,10716582,57.49,58.22,56.82,58.22,6121500,2026-02-14T03:46:13Z
LLY,2006-10-20,32.7,32.86,32.28,32.82,8361261,57.24,57.52,56.52,57.46,4776100,2026-02-14T03:46:13Z
LLY,2006-10-23,33.08,33.16,32.42,32.49,6801438,57.91,58.05,56.75,56.87,3885100,2026-02-14T03:46:13Z
LLY,2006-10-24,33,33.03,32.78,32.87,6561957,57.78,57.83,57.38,57.55,3748300,2026-02-14T03:46:13Z
LLY,2006-10-25,32.84,33.07,32.71,32.98,5793414,57.49,57.9,57.27,57.74,3309300,2026-02-14T03:46:13Z
LLY,2006-10-26,32.73,32.99,32.45,32.69,6891256,57.29,57.75,56.81,57.22,3936400,2026-02-14T03:46:13Z
LLY,2006-10-27,32.58,32.76,32.33,32.5,7377582,57.03,57.35,56.59,56.9,4214200,2026-02-14T03:46:13Z
LLY,2006-10-30,32.17,32.63,32.16,32.51,6618838,56.32,57.12,56.3,56.91,3780800,2026-02-14T03:46:13Z
LLY,2006-10-31,31.99,32.37,31.95,32.33,6738061,56.01,56.66,55.94,56.59,3848900,2026-02-14T03:46:13Z
LLY,2006-11-01,31.98,32.18,31.78,32.13,9363499,55.99,56.34,55.64,56.25,5348600,2026-02-14T03:46:13Z
LLY,2006-11-02,32.2,32.35,31.96,31.99,9262854,56.37,56.64,55.95,56,5291100,2026-02-14T03:46:13Z
LLY,2006-11-03,32.03,32.24,31.96,32.1,5533264,56.08,56.44,55.95,56.2,3160700,2026-02-14T03:46:13Z
LLY,2006-11-06,32.37,32.39,31.93,32.03,6304077,56.67,56.71,55.89,56.08,3601000,2026-02-14T03:46:13Z
LLY,2006-11-07,32.55,32.83,32.28,32.42,8794716,56.98,57.48,56.52,56.75,5023700,2026-02-14T03:46:13Z
LLY,2006-11-08,32.26,32.39,31.83,32.24,9993204,56.48,56.71,55.72,56.45,5708300,2026-02-14T03:46:13Z
LLY,2006-11-09,31.34,32.19,31.18,32.17,19702306,54.87,56.35,54.59,56.31,11254300,2026-02-14T03:46:13Z
LLY,2006-11-10,30.93,31.47,30.81,31.34,10320416,54.14,55.09,53.94,54.87,5895200,2026-02-14T03:46:13Z
LLY,2006-11-13,31.11,31.33,30.85,31,9812851,54.06,54.44,53.61,53.87,5647000,2026-02-14T03:46:13Z
LLY,2006-11-14,30.99,31.21,30.71,31.21,12852996,53.85,54.23,53.36,54.23,7396500,2026-02-14T03:46:13Z
LLY,2006-11-15,31.29,31.41,30.97,31.08,11334736,54.37,54.58,53.81,54,6522800,2026-02-14T03:46:13Z
LLY,2006-11-16,31.4,31.54,30.9,30.9,10170483,54.56,54.8,53.7,53.7,5852800,2026-02-14T03:46:13Z
LLY,2006-11-17,31.39,31.65,31.25,31.4,10600929,54.55,55,54.3,54.56,6100500,2026-02-14T03:46:13Z
LLY,2006-11-20,31.29,31.42,31.04,31.22,7305172,54.38,54.59,53.93,54.25,4203900,2026-02-14T03:46:13Z
LLY,2006-11-21,31.1,31.29,30.87,31.17,10255113,54.05,54.38,53.65,54.16,5901500,2026-02-14T03:46:13Z
LLY,2006-11-22,31.09,31.22,30.96,30.99,5999452,54.03,54.25,53.8,53.85,3452500,2026-02-14T03:46:13Z
LLY,2006-11-24,31.02,31.24,30.95,31.02,2898503,53.9,54.29,53.78,53.9,1668000,2026-02-14T03:46:13Z
LLY,2006-11-27,30.83,31.11,30.72,30.97,8642177,53.58,54.06,53.39,53.81,4973300,2026-02-14T03:46:13Z
LLY,2006-11-28,30.91,31.23,30.72,30.72,8160299,53.72,54.27,53.38,53.38,4696000,2026-02-14T03:46:13Z
LLY,2006-11-29,31.1,31.27,30.93,31.04,6188158,54.04,54.34,53.75,53.94,3561100,2026-02-14T03:46:13Z
LLY,2006-11-30,30.84,31.2,30.76,31.04,8596114,53.59,54.21,53.45,53.94,4946800,2026-02-14T03:46:13Z
LLY,2006-12-01,30.73,30.91,30.64,30.76,7381791,53.4,53.72,53.24,53.45,4248000,2026-02-14T03:46:13Z
LLY,2006-12-04,31.09,31.11,30.67,30.84,7943952,54.03,54.06,53.3,53.59,4571500,2026-02-14T03:46:13Z
LLY,2006-12-05,31.48,31.53,30.9,31.21,9462007,54.7,54.79,53.69,54.23,5445100,2026-02-14T03:46:13Z
LLY,2006-12-06,31.57,31.61,31.13,31.32,8272391,54.86,54.92,54.1,54.43,4760500,2026-02-14T03:46:13Z
LLY,2006-12-07,31.07,31.42,30.98,31.13,10023815,53.99,54.6,53.83,54.1,5768400,2026-02-14T03:46:13Z
LLY,2006-12-08,31.08,31.14,30.85,30.96,7538553,54,54.12,53.6,53.8,4338200,2026-02-14T03:46:13Z
LLY,2006-12-11,31.06,31.17,30.93,31.02,5751485,53.98,54.16,53.75,53.9,3309800,2026-02-14T03:46:13Z
LLY,2006-12-12,31.02,31.15,30.82,31.12,6472977,53.9,54.13,53.55,54.08,3725000,2026-02-14T03:46:13Z
LLY,2006-12-13,30.9,31.19,30.78,31.19,7401622,53.69,54.2,53.48,54.19,4259400,2026-02-14T03:46:13Z
LLY,2006-12-14,31.06,31.18,30.84,30.84,5276212,53.97,54.18,53.59,53.59,3036300,2026-02-14T03:46:13Z
LLY,2006-12-15,31.37,31.4,30.94,31.07,11253940,54.52,54.57,53.76,53.99,6476300,2026-02-14T03:46:13Z
LLY,2006-12-18,30.63,31.13,30.46,30.83,18215412,53.23,54.1,52.93,53.58,10482400,2026-02-14T03:46:13Z
LLY,2006-12-19,30.28,30.5,30.12,30.43,15288909,52.62,53,52.34,52.88,8798300,2026-02-14T03:46:13Z
LLY,2006-12-20,30.15,30.42,30.09,30.21,10444690,52.4,52.86,52.28,52.5,6010600,2026-02-14T03:46:13Z
LLY,2006-12-21,29.8,30.16,29.75,29.99,12712778,51.79,52.4,51.69,52.12,7315800,2026-02-14T03:46:13Z
LLY,2006-12-22,29.55,29.87,29.42,29.86,14779613,51.35,51.9,51.13,51.89,8505200,2026-02-14T03:46:13Z
LLY,2006-12-26,29.8,30.39,29.49,29.58,21270116,51.78,52.8,51.25,51.4,12240300,2026-02-14T03:46:13Z
LLY,2006-12-27,29.92,30.1,29.58,29.92,10630455,52,52.3,51.4,51.99,6117500,2026-02-14T03:46:13Z
LLY,2006-12-28,29.93,29.97,29.76,29.8,5898153,52.01,52.08,51.71,51.78,3394200,2026-02-14T03:46:13Z
LLY,2006-12-29,29.98,30.05,29.76,29.77,7491984,52.1,52.22,51.71,51.73,4311400,2026-02-14T03:46:13Z
LLY,2007-01-03,30.07,30.43,29.88,30.18,17909191,52.25,52.88,51.92,52.45,10306200,2026-02-14T03:46:13Z
LLY,2007-01-04,30.13,30.22,29.87,29.92,11866305,52.36,52.51,51.9,51.99,6828700,2026-02-14T03:46:13Z
LLY,2007-01-05,29.95,30.26,29.85,30.22,7149648,52.04,52.58,51.87,52.52,4114400,2026-02-14T03:46:13Z
LLY,2007-01-08,29.81,30.05,29.78,30.05,6610606,51.8,52.21,51.75,52.21,3804200,2026-02-14T03:46:13Z
LLY,2007-01-09,29.83,29.98,29.78,29.95,10899616,51.83,52.1,51.75,52.04,6272400,2026-02-14T03:46:13Z
LLY,2007-01-10,29.73,29.83,29.68,29.69,5908751,51.66,51.83,51.57,51.59,3400300,2026-02-14T03:46:13Z
LLY,2007-01-11,30.06,30.11,29.73,29.79,7701877,52.23,52.33,51.66,51.76,4432200,2026-02-14T03:46:13Z
LLY,2007-01-12,30.27,30.45,30.08,30.16,9614930,52.6,52.92,52.27,52.4,5533100,2026-02-14T03:46:13Z
LLY,2007-01-16,30.43,30.44,30.22,30.39,7265900,52.88,52.9,52.51,52.8,4181300,2026-02-14T03:46:13Z
LLY,2007-01-17,30.41,30.6,30.24,30.43,8719854,52.85,53.17,52.54,52.88,5018000,2026-02-14T03:46:13Z
LLY,2007-01-18,30.52,30.62,30.27,30.27,6851797,53.04,53.21,52.6,52.6,3943000,2026-02-14T03:46:13Z
LLY,2007-01-19,30.48,30.76,30.4,30.67,6667960,52.96,53.45,52.83,53.3,3837200,2026-02-14T03:46:13Z
LLY,2007-01-22,30.34,30.57,30.22,30.25,10204365,52.73,53.12,52.52,52.57,5872300,2026-02-14T03:46:13Z
LLY,2007-01-23,30.3,30.47,30.2,30.41,7641926,52.65,52.95,52.47,52.85,4397700,2026-02-14T03:46:13Z
LLY,2007-01-24,30.69,30.73,30.32,30.35,6836154,53.33,53.4,52.68,52.74,3934000,2026-02-14T03:46:13Z
LLY,2007-01-25,30.57,30.67,30.41,30.62,8794730,53.13,53.3,52.85,53.2,5061100,2026-02-14T03:46:13Z
LLY,2007-01-26,30.38,30.76,30.27,30.53,6891945,52.79,53.45,52.6,53.05,3966100,2026-02-14T03:46:13Z
LLY,2007-01-29,30.41,30.5,30.24,30.44,6034563,52.85,53,52.55,52.9,3472700,2026-02-14T03:46:13Z
LLY,2007-01-30,30.34,30.5,30.27,30.43,4641775,52.73,53,52.6,52.87,2671200,2026-02-14T03:46:13Z
LLY,2007-01-31,31.14,31.29,30.24,30.33,18282817,54.12,54.37,52.55,52.7,10521200,2026-02-14T03:46:13Z
LLY,2007-02-01,31.52,31.67,31.36,31.45,11552504,54.77,55.04,54.5,54.65,6648100,2026-02-14T03:46:13Z
LLY,2007-02-02,31.42,31.52,31.29,31.47,8642344,54.6,54.78,54.37,54.68,4973400,2026-02-14T03:46:13Z
LLY,2007-02-05,31.46,31.49,31.09,31.32,8845825,54.67,54.72,54.03,54.43,5090500,2026-02-14T03:46:13Z
LLY,2007-02-06,31.44,31.55,31.3,31.42,7795734,54.64,54.82,54.39,54.6,4486200,2026-02-14T03:46:13Z
LLY,2007-02-07,31.32,31.52,31.27,31.48,8130938,54.42,54.78,54.34,54.7,4679100,2026-02-14T03:46:13Z
LLY,2007-02-08,31.2,31.49,31.1,31.1,5429653,54.21,54.72,54.05,54.05,3124600,2026-02-14T03:46:13Z
LLY,2007-02-09,31.21,31.48,31.14,31.19,6241166,54.23,54.7,54.11,54.2,3591600,2026-02-14T03:46:13Z
LLY,2007-02-12,31.31,31.51,31.21,31.51,5735142,54.41,54.75,54.23,54.75,3300400,2026-02-14T03:46:13Z
LLY,2007-02-13,31.48,31.61,31.35,31.55,5787240,54.28,54.5,54.05,54.39,3356600,2026-02-14T03:46:13Z
LLY,2007-02-14,31.82,31.84,31.45,31.54,6506034,54.86,54.89,54.23,54.37,3773500,2026-02-14T03:46:13Z
LLY,2007-02-15,31.88,31.96,31.76,31.81,5331034,54.96,55.11,54.75,54.85,3092000,2026-02-14T03:46:13Z
LLY,2007-02-16,31.89,31.92,31.65,31.76,6346551,54.99,55.04,54.57,54.76,3681000,2026-02-14T03:46:13Z
LLY,2007-02-20,31.88,32.02,31.76,31.92,5566896,54.97,55.2,54.76,55.03,3228800,2026-02-14T03:46:13Z
LLY,2007-02-21,31.62,31.78,31.54,31.7,5811379,54.52,54.8,54.37,54.65,3370600,2026-02-14T03:46:13Z
LLY,2007-02-22,31.4,31.67,31.33,31.67,5765689,54.14,54.6,54.01,54.6,3344100,2026-02-14T03:46:13Z
LLY,2007-02-23,31.44,31.53,31.18,31.32,5828448,54.21,54.36,53.75,54,3380500,2026-02-14T03:46:13Z
LLY,2007-02-26,31.55,31.7,31.47,31.59,6634137,54.4,54.66,54.25,54.46,3847800,2026-02-14T03:46:13Z
LLY,2007-02-27,30.74,31.62,30.5,31.15,13945000,53,54.52,52.58,53.71,8088100,2026-02-14T03:46:13Z
LLY,2007-02-28,30.5,31.04,30.33,31.04,13245690,52.59,53.52,52.3,53.52,7682500,2026-02-14T03:46:13Z
LLY,2007-03-01,30.31,30.46,30.1,30.17,10795344,52.25,52.52,51.9,52.01,6261300,2026-02-14T03:46:13Z
LLY,2007-03-02,30.03,30.27,29.99,30.24,11271207,51.77,52.19,51.71,52.14,6537300,2026-02-14T03:46:13Z
LLY,2007-03-05,29.95,30.22,29.7,29.86,13039483,51.63,52.1,51.21,51.48,7562900,2026-02-14T03:46:13Z
LLY,2007-03-06,30.29,30.32,29.91,30.02,8714310,52.23,52.28,51.56,51.75,5054300,2026-02-14T03:46:13Z
LLY,2007-03-07,30.08,30.42,29.96,30.2,8352758,51.86,52.44,51.65,52.07,4844600,2026-02-14T03:46:13Z
LLY,2007-03-08,30.37,30.39,30.16,30.22,5683620,52.36,52.39,52,52.11,3296500,2026-02-14T03:46:13Z
LLY,2007-03-09,30.5,30.69,30.38,30.48,8710517,52.59,52.92,52.38,52.55,5052100,2026-02-14T03:46:13Z
LLY,2007-03-12,30.62,30.76,30.31,30.39,6281379,52.8,53.04,52.25,52.39,3643200,2026-02-14T03:46:13Z
LLY,2007-03-13,30.2,30.67,30.16,30.38,9365689,52.07,52.88,52,52.37,5432100,2026-02-14T03:46:13Z
LLY,2007-03-14,30.1,30.33,29.78,30.31,9211724,51.9,52.3,51.35,52.26,5342800,2026-02-14T03:46:13Z
LLY,2007-03-15,30.19,30.21,29.89,30.02,6499310,52.05,52.09,51.53,51.75,3769600,2026-02-14T03:46:13Z
LLY,2007-03-16,30.26,30.4,30.04,30.25,10658276,52.18,52.42,51.79,52.15,6181800,2026-02-14T03:46:13Z
LLY,2007-03-19,30.55,30.58,30.23,30.29,5629655,52.68,52.72,52.12,52.23,3265200,2026-02-14T03:46:13Z
LLY,2007-03-20,30.61,30.67,30.38,30.51,6090172,52.77,52.88,52.38,52.6,3532300,2026-02-14T03:46:13Z
LLY,2007-03-21,31.22,31.27,30.54,30.54,11496724,53.82,53.91,52.65,52.65,6668100,2026-02-14T03:46:13Z
LLY,2007-03-22,31.42,31.48,30.74,30.74,7620862,54.17,54.28,53,53,4420100,2026-02-14T03:46:13Z
LLY,2007-03-23,31.21,31.45,30.97,31.31,6820862,53.81,54.22,53.39,53.99,3956100,2026-02-14T03:46:13Z
LLY,2007-03-26,31.15,31.3,30.86,31.02,8976379,53.71,53.96,53.2,53.49,5206300,2026-02-14T03:46:13Z
LLY,2007-03-27,30.9,31.09,30.78,30.97,7842068,53.27,53.6,53.06,53.4,4548400,2026-02-14T03:46:13Z
LLY,2007-03-28,30.75,30.94,30.52,30.9,9409827,53.01,53.35,52.62,53.28,5457700,2026-02-14T03:46:13Z
LLY,2007-03-29,30.98,31.05,30.58,30.86,9194827,53.41,53.54,52.73,53.2,5333000,2026-02-14T03:46:13Z
LLY,2007-03-30,31.15,31.37,30.86,31.03,6427586,53.71,54.08,53.2,53.5,3728000,2026-02-14T03:46:13Z
LLY,2007-04-02,31.55,31.6,31.26,31.3,10381551,54.39,54.49,53.9,53.96,6021300,2026-02-14T03:46:13Z
LLY,2007-04-03,31.76,31.85,31.38,31.41,7427931,54.75,54.92,54.11,54.15,4308200,2026-02-14T03:46:13Z
LLY,2007-04-04,31.99,32.04,31.61,31.7,7492930,55.16,55.24,54.5,54.65,4345900,2026-02-14T03:46:13Z
LLY,2007-04-05,32.18,32.26,31.94,31.99,5167069,55.48,55.62,55.06,55.15,2996900,2026-02-14T03:46:13Z
LLY,2007-04-09,32.24,32.32,32.06,32.15,3957586,55.58,55.73,55.27,55.43,2295400,2026-02-14T03:46:13Z
LLY,2007-04-10,32.29,32.32,32.1,32.14,5146724,55.68,55.73,55.34,55.42,2985100,2026-02-14T03:46:13Z
LLY,2007-04-11,32.24,32.33,32.07,32.32,6514483,55.59,55.74,55.29,55.72,3778400,2026-02-14T03:46:13Z
LLY,2007-04-12,32.45,32.53,32.19,32.25,6900344,55.94,56.09,55.5,55.6,4002200,2026-02-14T03:46:13Z
LLY,2007-04-13,32.99,33.06,32.6,32.62,11184138,56.88,57,56.2,56.24,6486800,2026-02-14T03:46:13Z
LLY,2007-04-16,33.87,33.92,33.07,33.47,18547759,58.4,58.48,57.01,57.7,10757700,2026-02-14T03:46:13Z
LLY,2007-04-17,34.14,34.27,33.84,33.87,15998275,58.87,59.09,58.34,58.4,9279000,2026-02-14T03:46:13Z
LLY,2007-04-18,34.3,34.43,33.9,33.97,11847240,59.14,59.36,58.45,58.56,6871400,2026-02-14T03:46:13Z
LLY,2007-04-19,34.81,34.96,34.02,34.28,17105862,60.02,60.28,58.65,59.1,9921400,2026-02-14T03:46:13Z
LLY,2007-04-20,35.12,35.38,34.83,35,16603275,60.56,61,60.05,60.34,9629900,2026-02-14T03:46:13Z
LLY,2007-04-23,34.59,34.96,34.38,34.92,13283103,59.63,60.28,59.27,60.21,7704200,2026-02-14T03:46:13Z
LLY,2007-04-24,34.38,34.51,34.16,34.23,8781379,59.28,59.5,58.9,59.02,5093200,2026-02-14T03:46:13Z
LLY,2007-04-25,34.52,34.59,34.28,34.57,8027068,59.51,59.63,59.11,59.6,4655700,2026-02-14T03:46:13Z
LLY,2007-04-26,34.64,34.73,34.15,34.15,10519138,59.73,59.88,58.88,58.88,6101100,2026-02-14T03:46:13Z
LLY,2007-04-27,34.57,34.63,34.21,34.23,5116551,59.61,59.7,58.99,59.01,2967600,2026-02-14T03:46:13Z
LLY,2007-04-30,34.3,34.79,34.18,34.79,8962241,59.13,59.98,58.93,59.98,5198100,2026-02-14T03:46:13Z
LLY,2007-05-01,34.16,34.45,34.08,34.29,12774482,58.89,59.39,58.76,59.12,7409200,2026-02-14T03:46:13Z
LLY,2007-05-02,34.31,34.5,34.09,34.22,7974999,59.16,59.49,58.77,59,4625500,2026-02-14T03:46:13Z
LLY,2007-05-03,34.3,34.57,34.2,34.48,7176896,59.14,59.6,58.97,59.45,4162600,2026-02-14T03:46:13Z
LLY,2007-05-04,34.53,34.65,34.17,34.27,10655690,59.54,59.74,58.92,59.09,6180300,2026-02-14T03:46:13Z
LLY,2007-05-07,34.64,34.78,34.53,34.54,7891551,59.72,59.96,59.54,59.55,4577100,2026-02-14T03:46:13Z
LLY,2007-05-08,34.7,34.78,34.48,34.59,14714138,59.83,59.97,59.45,59.64,8534200,2026-02-14T03:46:13Z
LLY,2007-05-09,34.66,34.67,34.45,34.56,8282242,59.75,59.78,59.39,59.58,4803700,2026-02-14T03:46:13Z
LLY,2007-05-10,34.05,34.56,34.01,34.49,10631551,58.71,59.58,58.64,59.47,6166300,2026-02-14T03:46:13Z
LLY,2007-05-11,34.14,34.3,33.83,34.3,12956734,58.43,58.71,57.9,58.71,7569700,2026-02-14T03:46:13Z
LLY,2007-05-14,34.59,34.67,34.14,34.14,8067213,59.21,59.35,58.44,58.44,4713100,2026-02-14T03:46:13Z
LLY,2007-05-15,34.61,34.82,34.52,34.57,6977919,59.24,59.6,59.08,59.17,4076700,2026-02-14T03:46:13Z
LLY,2007-05-16,34.53,34.74,34.4,34.62,6743755,59.11,59.47,58.88,59.26,3939900,2026-02-14T03:46:13Z
LLY,2007-05-17,34.48,34.57,34.28,34.29,4774839,59.02,59.17,58.67,58.7,2789600,2026-02-14T03:46:13Z
LLY,2007-05-18,34.69,34.81,34.47,34.53,5207029,59.37,59.59,59,59.11,3042100,2026-02-14T03:46:13Z
LLY,2007-05-21,34.83,34.99,34.58,34.7,11703983,59.62,59.89,59.19,59.4,6837800,2026-02-14T03:46:13Z
LLY,2007-05-22,34.78,35.05,34.7,35.05,5298786,59.53,60,59.4,59.99,3095700,2026-02-14T03:46:13Z
LLY,2007-05-23,34.7,34.91,34.64,34.77,4987770,59.4,59.75,59.29,59.52,2914000,2026-02-14T03:46:13Z
LLY,2007-05-24,34.58,34.99,34.52,34.99,6676836,59.19,59.9,59.08,59.9,3900800,2026-02-14T03:46:13Z
LLY,2007-05-25,34.68,34.76,34.24,34.24,3117787,59.36,59.5,58.6,58.6,1821500,2026-02-14T03:46:13Z
LLY,2007-05-29,34.74,34.78,34.35,34.65,5480222,59.46,59.54,58.8,59.3,3201700,2026-02-14T03:46:13Z
LLY,2007-05-30,34.61,34.63,34.19,34.48,8739216,59.24,59.27,58.52,59.01,5105700,2026-02-14T03:46:13Z
LLY,2007-05-31,34.25,34.7,34.11,34.62,9213339,58.62,59.39,58.38,59.25,5382700,2026-02-14T03:46:13Z
LLY,2007-06-01,34.43,34.45,34.13,34.34,6591946,58.94,58.96,58.42,58.77,3851200,2026-02-14T03:46:13Z
LLY,2007-06-04,34.56,34.6,34.32,34.43,8342102,59.16,59.23,58.74,58.94,4873700,2026-02-14T03:46:13Z
LLY,2007-06-05,34.47,34.59,34.31,34.58,9034815,59,59.21,58.73,59.18,5278400,2026-02-14T03:46:13Z
LLY,2007-06-06,34.05,34.58,33.97,34.32,10145168,58.29,59.19,58.15,58.75,5927100,2026-02-14T03:46:13Z
LLY,2007-06-07,33.26,33.98,33.13,33.94,20829710,56.93,58.16,56.71,58.09,12169300,2026-02-14T03:46:13Z
LLY,2007-06-08,33.31,33.39,32.95,33.19,11972888,57.02,57.15,56.4,56.81,6994900,2026-02-14T03:46:13Z
LLY,2007-06-11,33.48,33.7,33.18,33.34,8475948,57.31,57.68,56.79,57.07,4951900,2026-02-14T03:46:13Z
LLY,2007-06-12,33.17,33.47,33.06,33.23,7407716,56.78,57.28,56.59,56.88,4327800,2026-02-14T03:46:13Z
LLY,2007-06-13,33.27,33.49,32.94,33.27,9764321,56.94,57.32,56.38,56.94,5704600,2026-02-14T03:46:13Z
LLY,2007-06-14,33.52,33.75,33.18,33.33,8267664,57.38,57.77,56.8,57.05,4830200,2026-02-14T03:46:13Z
LLY,2007-06-15,33.72,34.04,33.6,33.89,8454218,57.72,58.27,57.51,58,4939200,2026-02-14T03:46:13Z
LLY,2007-06-18,33.54,33.89,33.43,33.72,5212337,57.41,58,57.22,57.72,3045200,2026-02-14T03:46:13Z
LLY,2007-06-19,33.74,33.83,33.53,33.6,7053232,57.75,57.9,57.4,57.51,4120700,2026-02-14T03:46:13Z
LLY,2007-06-20,33.17,33.84,33.12,33.64,8432476,56.77,57.93,56.69,57.58,4926500,2026-02-14T03:46:13Z
LLY,2007-06-21,33.19,33.27,32.78,33.27,7029617,56.81,56.94,56.1,56.94,4106900,2026-02-14T03:46:13Z
LLY,2007-06-22,32.6,33.17,32.47,33.1,9763631,55.8,56.77,55.58,56.66,5704200,2026-02-14T03:46:13Z
LLY,2007-06-25,32.41,32.92,32.31,32.86,10152191,55.48,56.35,55.3,56.24,5931200,2026-02-14T03:46:13Z
LLY,2007-06-26,32.64,32.76,32.35,32.62,8537741,55.87,56.08,55.38,55.84,4988000,2026-02-14T03:46:13Z
LLY,2007-06-27,32.9,32.95,32.37,32.37,8728420,56.32,56.4,55.4,55.41,5099400,2026-02-14T03:46:13Z
LLY,2007-06-28,32.82,33.13,32.78,32.93,5848218,56.18,56.7,56.1,56.37,3416700,2026-02-14T03:46:13Z
LLY,2007-06-29,32.65,32.96,32.44,32.73,7549440,55.88,56.41,55.52,56.02,4410600,2026-02-14T03:46:13Z
LLY,2007-07-02,33.14,33.14,32.78,32.86,6184563,56.73,56.73,56.1,56.24,3613200,2026-02-14T03:46:13Z
LLY,2007-07-03,33.18,33.3,33.04,33.28,2559952,56.79,57,56.55,56.97,1495600,2026-02-14T03:46:13Z
LLY,2007-07-05,33.04,33.28,32.96,33.2,4579710,56.56,56.96,56.41,56.82,2675600,2026-02-14T03:46:13Z
LLY,2007-07-06,33.09,33.16,32.83,33.1,5669186,56.64,56.76,56.2,56.66,3312100,2026-02-14T03:46:13Z
LLY,2007-07-09,32.74,33.23,32.71,33.17,9044567,56.04,56.88,55.99,56.78,5284100,2026-02-14T03:46:13Z
LLY,2007-07-10,32.39,32.75,32.38,32.54,7192397,55.44,56.05,55.42,55.7,4202000,2026-02-14T03:46:13Z
LLY,2007-07-11,32.58,32.61,32.22,32.3,5999703,55.76,55.82,55.15,55.29,3505200,2026-02-14T03:46:13Z
LLY,2007-07-12,33.18,33.25,32.51,32.6,7347967,56.79,56.91,55.64,55.8,4292900,2026-02-14T03:46:13Z
LLY,2007-07-13,33.25,33.39,33.03,33.36,4953539,56.92,57.15,56.53,57.1,2894000,2026-02-14T03:46:13Z
LLY,2007-07-16,33.24,33.48,33.09,33.09,6167442,56.89,57.31,56.64,56.64,3603200,2026-02-14T03:46:13Z
LLY,2007-07-17,32.95,33.18,32.83,33.1,7352771,56.4,56.8,56.2,56.66,4295700,2026-02-14T03:46:13Z
LLY,2007-07-18,32.75,32.86,32.58,32.83,9274113,56.05,56.25,55.76,56.2,5418200,2026-02-14T03:46:13Z
LLY,2007-07-19,32.94,33,32.61,32.84,8045996,56.38,56.49,55.81,56.21,4700700,2026-02-14T03:46:13Z
LLY,2007-07-20,32.73,33.03,32.58,32.58,11738394,56.03,56.54,55.76,55.76,6857900,2026-02-14T03:46:13Z
LLY,2007-07-23,33.4,33.46,32.89,32.96,10079601,57.17,57.27,56.3,56.42,5888800,2026-02-14T03:46:13Z
LLY,2007-07-24,33.4,34.43,33.39,33.95,18671430,57.17,58.94,57.15,58.11,10908400,2026-02-14T03:46:13Z
LLY,2007-07-25,34.14,34.32,33.3,33.3,12521475,58.44,58.74,57,57,7315400,2026-02-14T03:46:13Z
LLY,2007-07-26,33.13,34,32.97,33.83,14323999,56.7,58.19,56.44,57.9,8368500,2026-02-14T03:46:13Z
LLY,2007-07-27,32.14,33.07,32.14,33,10875352,55.02,56.6,55.01,56.49,6353700,2026-02-14T03:46:13Z
LLY,2007-07-30,32,32.17,31.69,32.1,10009952,54.77,55.06,54.25,54.94,5848100,2026-02-14T03:46:13Z
LLY,2007-07-31,31.6,32.28,31.53,32.25,14160221,54.09,55.25,53.97,55.2,8272800,2026-02-14T03:46:13Z
LLY,2007-08-01,31.67,31.98,31.27,31.32,10691531,54.2,54.73,53.53,53.6,6246300,2026-02-14T03:46:13Z
LLY,2007-08-02,31.9,32.09,31.59,31.68,8758552,54.6,54.92,54.07,54.23,5117000,2026-02-14T03:46:13Z
LLY,2007-08-03,31.62,32.3,31.6,31.92,9561494,54.13,55.29,54.09,54.64,5586100,2026-02-14T03:46:13Z
LLY,2007-08-06,32.85,32.88,31.62,31.71,12666117,56.22,56.27,54.13,54.27,7399900,2026-02-14T03:46:13Z
LLY,2007-08-07,33.02,33.49,32.61,32.62,12854558,56.52,57.33,55.82,55.84,7510000,2026-02-14T03:46:13Z
LLY,2007-08-08,34.12,34.14,33.07,33.18,11510033,58.4,58.43,56.6,56.79,6724500,2026-02-14T03:46:13Z
LLY,2007-08-09,33.8,34.48,33.62,34.01,14569135,57.85,59.02,57.55,58.22,8511700,2026-02-14T03:46:13Z
LLY,2007-08-10,33.39,34.24,33.19,34.1,13762936,57.16,58.6,56.81,58.37,8040700,2026-02-14T03:46:13Z
LLY,2007-08-13,33.51,33.67,33.14,33.37,6937076,56.93,57.2,56.3,56.7,4083200,2026-02-14T03:46:13Z
LLY,2007-08-14,32.63,33.58,32.5,33.58,9138205,55.44,57.05,55.21,57.05,5378800,2026-02-14T03:46:13Z
LLY,2007-08-15,32.48,32.99,32.31,32.64,8451344,55.18,56.04,54.9,55.45,4974500,2026-02-14T03:46:13Z
LLY,2007-08-16,32.27,32.46,31.6,32.12,15109629,54.83,55.14,53.68,54.57,8893600,2026-02-14T03:46:13Z
LLY,2007-08-17,32.85,33,32.3,32.68,11599440,55.81,56.06,54.87,55.52,6827500,2026-02-14T03:46:13Z
LLY,2007-08-20,32.74,32.96,32.32,32.84,8255281,55.63,56,54.91,55.79,4859100,2026-02-14T03:46:13Z
LLY,2007-08-21,32.54,32.74,32.26,32.66,8181203,55.28,55.63,54.8,55.49,4815500,2026-02-14T03:46:13Z
LLY,2007-08-22,32.81,32.87,32.39,32.84,7979021,55.74,55.84,55.02,55.79,4696500,2026-02-14T03:46:13Z
LLY,2007-08-23,32.89,32.96,32.7,32.95,4684969,55.87,56,55.55,55.98,2757600,2026-02-14T03:46:13Z
LLY,2007-08-24,33.32,33.32,32.67,32.87,9513179,56.61,56.61,55.5,55.84,5599500,2026-02-14T03:46:13Z
LLY,2007-08-27,33.19,33.33,33.14,33.21,5274171,56.39,56.63,56.31,56.42,3104400,2026-02-14T03:46:13Z
LLY,2007-08-28,33.02,33.26,32.86,33.12,9339721,56.1,56.5,55.83,56.27,5497400,2026-02-14T03:46:13Z
LLY,2007-08-29,33.15,33.18,32.75,33.04,10077226,56.32,56.37,55.64,56.14,5931500,2026-02-14T03:46:13Z
LLY,2007-08-30,33.36,33.51,32.92,32.99,7924655,56.67,56.93,55.93,56.05,4664500,2026-02-14T03:46:13Z
LLY,2007-08-31,33.76,33.83,33.45,33.51,9608989,57.35,57.48,56.83,56.93,5655900,2026-02-14T03:46:13Z
LLY,2007-09-04,34.22,34.27,33.6,33.74,9645690,58.13,58.22,57.09,57.33,5677500,2026-02-14T03:46:13Z
LLY,2007-09-05,33.72,34.07,33.62,34.07,8096256,57.29,57.89,57.11,57.89,4765500,2026-02-14T03:46:13Z
LLY,2007-09-06,33.82,33.97,33.62,33.9,6920931,57.45,57.72,57.12,57.6,4073700,2026-02-14T03:46:13Z
LLY,2007-09-07,33.06,33.74,32.97,33.47,10147194,56.17,57.33,56.01,56.87,5972700,2026-02-14T03:46:13Z
LLY,2007-09-10,33.04,33.34,32.84,33.33,7508767,56.14,56.65,55.8,56.62,4419700,2026-02-14T03:46:13Z
LLY,2007-09-11,33.32,33.41,32.93,33.12,6910224,56.6,56.76,55.94,56.26,4067400,2026-02-14T03:46:13Z
LLY,2007-09-12,33.58,33.63,33.13,33.23,7386620,57.05,57.14,56.28,56.45,4347800,2026-02-14T03:46:13Z
LLY,2007-09-13,33.66,33.96,33.56,33.82,8081149,57.18,57.69,57.01,57.45,4756600,2026-02-14T03:46:13Z
LLY,2007-09-14,33.44,33.65,33.29,33.5,8482778,56.82,57.17,56.56,56.92,4993000,2026-02-14T03:46:13Z
LLY,2007-09-17,32.93,33.45,32.66,33.45,7448957,55.95,56.83,55.48,56.83,4384500,2026-02-14T03:46:13Z
LLY,2007-09-18,33.63,33.7,32.9,33.03,6922976,57.14,57.25,55.89,56.12,4074900,2026-02-14T03:46:13Z
LLY,2007-09-19,33.86,34.14,33.42,33.73,9336806,57.53,58,56.78,57.31,5495700,2026-02-14T03:46:13Z
LLY,2007-09-20,33.6,33.93,33.6,33.86,6250197,57.08,57.65,57.08,57.53,3678900,2026-02-14T03:46:13Z
LLY,2007-09-21,33.92,34.11,33.6,34,8311350,57.62,57.95,57.08,57.76,4892100,2026-02-14T03:46:13Z
LLY,2007-09-24,33.86,34.24,33.7,34.07,5583362,57.53,58.18,57.26,57.89,3286400,2026-02-14T03:46:13Z
LLY,2007-09-25,33.67,34.14,33.53,33.71,7707204,57.21,58,56.96,57.27,4536500,2026-02-14T03:46:13Z
LLY,2007-09-26,33.79,34.15,33.74,33.87,9146379,57.4,58.01,57.32,57.55,5383600,2026-02-14T03:46:13Z
LLY,2007-09-27,33.77,33.96,33.46,33.9,9701403,57.37,57.7,56.84,57.6,5710300,2026-02-14T03:46:13Z
LLY,2007-09-28,33.51,33.8,33.4,33.66,7359940,56.93,57.43,56.74,57.18,4332100,2026-02-14T03:46:13Z
LLY,2007-10-01,34.31,34.43,33.57,33.6,9564645,58.29,58.5,57.04,57.09,5629800,2026-02-14T03:46:13Z
LLY,2007-10-02,34.39,34.48,34.12,34.36,4908895,58.42,58.57,57.96,58.38,2889400,2026-02-14T03:46:13Z
LLY,2007-10-03,34.66,34.82,34.05,34.17,6967992,58.88,59.15,57.84,58.05,4101400,2026-02-14T03:46:13Z
LLY,2007-10-04,34.7,34.98,34.67,34.67,8279054,58.96,59.42,58.9,58.9,4873100,2026-02-14T03:46:13Z
LLY,2007-10-05,35,35.21,34.82,34.9,6389163,59.47,59.82,59.15,59.3,3760700,2026-02-14T03:46:13Z
LLY,2007-10-08,34.73,34.97,34.67,34.89,4570636,59,59.41,58.91,59.27,2690300,2026-02-14T03:46:13Z
LLY,2007-10-09,34.46,34.83,34.43,34.7,7093216,58.55,59.18,58.5,58.95,4175100,2026-02-14T03:46:13Z
LLY,2007-10-10,34.37,34.66,34.26,34.45,7390361,58.4,58.89,58.2,58.53,4350000,2026-02-14T03:46:13Z
LLY,2007-10-11,34.35,34.65,34.25,34.39,8691227,58.35,58.87,58.19,58.42,5115700,2026-02-14T03:46:13Z
LLY,2007-10-12,34.45,34.6,34.13,34.35,4867943,58.53,58.78,57.98,58.35,2865300,2026-02-14T03:46:13Z
LLY,2007-10-15,34.1,34.62,34.04,34.5,9488528,57.94,58.82,57.83,58.62,5585000,2026-02-14T03:46:13Z
LLY,2007-10-16,33.64,34.11,33.55,34.1,11062929,57.15,57.95,56.99,57.94,6511700,2026-02-14T03:46:13Z
LLY,2007-10-17,33.52,34.03,33.32,33.77,10311825,56.95,57.81,56.6,57.38,6069600,2026-02-14T03:46:13Z
LLY,2007-10-18,33.34,33.8,33.13,33.61,14214444,56.65,57.43,56.28,57.1,8366700,2026-02-14T03:46:13Z
LLY,2007-10-19,33,33.65,32.89,33.2,9572632,56.06,57.17,55.87,56.41,5634500,2026-02-14T03:46:13Z
LLY,2007-10-22,33.01,33.3,32.8,32.87,8768011,56.08,56.57,55.73,55.84,5160900,2026-02-14T03:46:13Z
LLY,2007-10-23,33.63,33.63,33.03,33.2,7508092,57.13,57.13,56.11,56.41,4419300,2026-02-14T03:46:13Z
LLY,2007-10-24,33.05,33.4,32.69,33.26,10123588,56.15,56.75,55.54,56.5,5958800,2026-02-14T03:46:13Z
LLY,2007-10-25,30.86,31.2,30.49,30.7,38808829,52.43,53.01,51.8,52.15,22843100,2026-02-14T03:46:13Z
LLY,2007-10-26,31.01,31.06,30.63,30.91,16032999,52.68,52.76,52.03,52.52,9437100,2026-02-14T03:46:13Z
LLY,2007-10-29,31.5,31.79,31.03,31.03,16647295,53.52,54,52.71,52.71,9798700,2026-02-14T03:46:13Z
LLY,2007-10-30,31.6,31.84,31.25,31.3,9949627,53.69,54.1,53.09,53.18,5856400,2026-02-14T03:46:13Z
LLY,2007-10-31,31.87,32.03,31.37,31.69,16503747,54.15,54.42,53.3,53.83,9714200,2026-02-14T03:46:13Z
LLY,2007-11-01,31.06,31.78,30.96,31.59,13766951,52.77,53.99,52.6,53.66,8103300,2026-02-14T03:46:13Z
LLY,2007-11-02,31,31.49,30.91,31.26,20134570,52.67,53.5,52.52,53.1,11851300,2026-02-14T03:46:13Z
LLY,2007-11-05,30.7,31.26,30.4,31.23,20950918,52.16,53.1,51.64,53.06,12331800,2026-02-14T03:46:13Z
LLY,2007-11-06,30.89,30.98,30.61,30.73,12205635,52.48,52.64,52,52.2,7184300,2026-02-14T03:46:13Z
LLY,2007-11-07,30.33,30.94,30.28,30.63,10128359,51.53,52.57,51.45,52.04,5961600,2026-02-14T03:46:13Z
LLY,2007-11-08,30.38,30.59,30.12,30.31,14189136,51.62,51.97,51.17,51.5,8351800,2026-02-14T03:46:13Z
LLY,2007-11-09,30.32,30.66,29.94,30.12,11608951,51.51,52.08,50.86,51.17,6833100,2026-02-14T03:46:13Z
LLY,2007-11-12,30.9,31.15,30.17,30.33,11878070,52.5,52.92,51.25,51.52,6991500,2026-02-14T03:46:13Z
LLY,2007-11-13,31.24,31.36,30.77,31.1,14370718,52.64,52.85,51.86,52.41,8527700,2026-02-14T03:46:13Z
LLY,2007-11-14,31.47,31.8,31.21,31.3,11057290,53.03,53.58,52.6,52.75,6561500,2026-02-14T03:46:13Z
LLY,2007-11-15,30.89,31.44,30.83,31.28,10121509,52.06,52.98,51.95,52.71,6006200,2026-02-14T03:46:13Z
LLY,2007-11-16,30.74,31.21,30.48,31.04,11380185,51.81,52.6,51.36,52.31,6753100,2026-02-14T03:46:13Z
LLY,2007-11-19,30.13,30.67,29.93,30.49,14572399,50.77,51.68,50.43,51.38,8647400,2026-02-14T03:46:13Z
LLY,2007-11-20,29.88,30.26,29.59,30.23,10251628,50.35,50.99,49.87,50.95,6083400,2026-02-14T03:46:13Z
LLY,2007-11-21,29.13,29.83,29.13,29.69,10102492,49.09,50.27,49.09,50.04,5994900,2026-02-14T03:46:13Z
LLY,2007-11-23,30.14,30.16,29.39,29.63,4781026,50.79,50.82,49.52,49.93,2837100,2026-02-14T03:46:13Z
LLY,2007-11-26,29.47,30.23,29.37,30.22,8393880,49.67,50.95,49.5,50.92,4981000,2026-02-14T03:46:13Z
LLY,2007-11-27,30.21,30.32,29.42,29.57,11396168,50.91,51.1,49.58,49.83,6762600,2026-02-14T03:46:13Z
LLY,2007-11-28,31.01,31.05,30.03,30.38,10257328,52.26,52.33,50.61,51.19,6086800,2026-02-14T03:46:13Z
LLY,2007-11-29,31.33,31.52,30.77,30.85,11094695,52.79,53.11,51.85,51.99,6583700,2026-02-14T03:46:13Z
LLY,2007-11-30,31.42,31.63,31.16,31.16,9987043,52.95,53.3,52.51,52.51,5926400,2026-02-14T03:46:13Z
LLY,2007-12-03,31.17,31.42,30.98,31.34,8233100,52.53,52.95,52.21,52.81,4885600,2026-02-14T03:46:13Z
LLY,2007-12-04,30.92,31.17,30.71,31.05,9185077,52.11,52.53,51.75,52.32,5450500,2026-02-14T03:46:13Z
LLY,2007-12-05,31.74,31.92,31.07,31.27,8194529,53.49,53.79,52.35,52.7,4862700,2026-02-14T03:46:13Z
LLY,2007-12-06,32,32.49,31.71,32.49,10992940,53.93,54.75,53.44,54.75,6523300,2026-02-14T03:46:13Z
LLY,2007-12-07,32.22,32.43,31.88,32.37,7523817,54.3,54.65,53.72,54.55,4464700,2026-02-14T03:46:13Z
LLY,2007-12-10,32.51,32.61,32.11,32.25,7762952,54.78,54.95,54.11,54.34,4606600,2026-02-14T03:46:13Z
LLY,2007-12-11,32.08,32.84,32.04,32.49,9628094,54.06,55.34,54,54.76,5713400,2026-02-14T03:46:13Z
LLY,2007-12-12,32.09,32.51,31.84,32.17,12300607,54.08,54.79,53.66,54.21,7299300,2026-02-14T03:46:13Z
LLY,2007-12-13,32.15,32.2,31.74,31.87,9555297,54.18,54.27,53.49,53.71,5670200,2026-02-14T03:46:13Z
LLY,2007-12-14,31.87,32.15,31.78,31.97,8475267,53.71,54.18,53.55,53.88,5029300,2026-02-14T03:46:13Z
LLY,2007-12-17,31.56,32,31.43,31.74,8095762,53.18,53.93,52.96,53.49,4804100,2026-02-14T03:46:13Z
LLY,2007-12-18,31.74,32.16,31.55,31.73,15852160,53.49,54.19,53.17,53.47,9406800,2026-02-14T03:46:13Z
LLY,2007-12-19,31.56,31.89,31.28,31.68,10706439,53.18,53.74,52.71,53.39,6353300,2026-02-14T03:46:13Z
LLY,2007-12-20,31.59,31.75,31.5,31.72,9363850,53.23,53.5,53.08,53.46,5556600,2026-02-14T03:46:13Z
LLY,2007-12-21,32.18,32.22,31.69,31.81,12675899,54.23,54.3,53.4,53.6,7522000,2026-02-14T03:46:13Z
LLY,2007-12-24,32.33,32.34,31.99,32.22,2475186,54.49,54.5,53.91,54.29,1468800,2026-02-14T03:46:13Z
LLY,2007-12-26,32.23,32.28,32.03,32.17,4919884,54.31,54.39,53.97,54.21,2919500,2026-02-14T03:46:13Z
LLY,2007-12-27,31.97,32.16,31.69,32.16,5681574,53.88,54.2,53.4,54.2,3371500,2026-02-14T03:46:13Z
LLY,2007-12-28,32.07,32.13,31.87,31.88,5112486,54.05,54.15,53.71,53.73,3033800,2026-02-14T03:46:13Z
LLY,2007-12-31,31.68,31.96,31.53,31.91,6691338,53.39,53.85,53.13,53.77,3970700,2026-02-14T03:46:13Z
LLY,2008-01-02,31.18,31.91,30.98,31.72,9364043,52.55,53.78,52.21,53.46,5556700,2026-02-14T03:46:13Z
LLY,2008-01-03,31.44,31.55,31.23,31.29,7605726,52.99,53.16,52.62,52.72,4513300,2026-02-14T03:46:13Z
LLY,2008-01-04,30.74,31.35,30.67,31.18,10425182,51.8,52.83,51.68,52.54,6186400,2026-02-14T03:46:13Z
LLY,2008-01-07,32.37,32.48,30.96,30.98,17485390,54.55,54.73,52.17,52.21,10376000,2026-02-14T03:46:13Z
LLY,2008-01-08,33.27,33.96,32.29,32.53,20555643,56.06,57.22,54.41,54.82,12197900,2026-02-14T03:46:13Z
LLY,2008-01-09,33.74,33.9,33.26,33.52,16139476,56.86,57.13,56.05,56.49,9577300,2026-02-14T03:46:13Z
LLY,2008-01-10,33.74,33.9,33.27,33.56,10596739,56.85,57.12,56.07,56.55,6288200,2026-02-14T03:46:13Z
LLY,2008-01-11,33.71,33.9,33.36,33.47,9033389,56.81,57.13,56.22,56.41,5360500,2026-02-14T03:46:13Z
LLY,2008-01-14,33.93,34.13,33.76,33.96,9376002,57.18,57.52,56.89,57.22,5563800,2026-02-14T03:46:13Z
LLY,2008-01-15,33.58,33.9,33.35,33.82,9915424,56.59,57.12,56.21,57,5883900,2026-02-14T03:46:13Z
LLY,2008-01-16,33.27,33.92,33.19,33.41,13438135,56.07,57.17,55.93,56.3,7974300,2026-02-14T03:46:13Z
LLY,2008-01-17,32.54,33.41,32.46,33.3,16311371,54.84,56.3,54.7,56.12,9679300,2026-02-14T03:46:13Z
LLY,2008-01-18,31.87,32.7,31.69,32.45,16874532,53.71,55.1,53.4,54.69,10013500,2026-02-14T03:46:13Z
LLY,2008-01-22,30.96,31.45,29.7,30.32,18423913,52.17,53,50.05,51.1,10932900,2026-02-14T03:46:13Z
LLY,2008-01-23,30.96,30.98,29.8,30.11,14792823,52.18,52.21,50.21,50.74,8778200,2026-02-14T03:46:13Z
LLY,2008-01-24,30.45,31.3,30.25,30.98,21912411,51.32,52.75,50.97,52.21,13003000,2026-02-14T03:46:13Z
LLY,2008-01-25,30.11,30.71,29.89,30.69,16142308,50.74,51.75,50.37,51.72,9579000,2026-02-14T03:46:13Z
LLY,2008-01-28,30.5,30.64,30,30.17,11925173,51.4,51.63,50.56,50.84,7076500,2026-02-14T03:46:13Z
LLY,2008-01-29,31.04,31.4,30.87,31.4,15612010,52.31,52.92,52.02,52.92,9264300,2026-02-14T03:46:13Z
LLY,2008-01-30,30.47,31.07,30.38,30.98,12403943,51.35,52.35,51.2,52.2,7360600,2026-02-14T03:46:13Z
LLY,2008-01-31,30.5,30.72,29.92,30.06,16800547,51.39,51.77,50.42,50.66,9969600,2026-02-14T03:46:13Z
LLY,2008-02-01,30.66,31.15,30.39,30.39,12427687,51.66,52.5,51.22,51.22,7374700,2026-02-14T03:46:13Z
LLY,2008-02-04,30.9,31.08,30.48,30.66,8150039,52.08,52.37,51.37,51.67,4836300,2026-02-14T03:46:13Z
LLY,2008-02-05,30.41,30.86,30.34,30.42,9168374,51.24,52,51.12,51.27,5440600,2026-02-14T03:46:13Z
LLY,2008-02-06,30.5,30.73,30.17,30.56,6911258,51.4,51.78,50.84,51.49,4101200,2026-02-14T03:46:13Z
LLY,2008-02-07,30.39,30.6,30.01,30.39,12056781,51.22,51.56,50.57,51.22,7154600,2026-02-14T03:46:13Z
LLY,2008-02-08,29.81,30.29,29.67,30.29,7623923,50.23,51.05,50,51.05,4524100,2026-02-14T03:46:13Z
LLY,2008-02-11,29.81,29.88,29.49,29.77,7115505,50.23,50.35,49.69,50.17,4222400,2026-02-14T03:46:13Z
LLY,2008-02-12,30.28,30.4,29.85,30.04,8792594,51.02,51.23,50.3,50.63,5217600,2026-02-14T03:46:13Z
LLY,2008-02-13,30.15,30.73,30.05,30.73,10861919,50.34,51.3,50.17,51.3,6505500,2026-02-14T03:46:13Z
LLY,2008-02-14,29.93,30.15,29.71,30.1,8704754,49.98,50.34,49.6,50.25,5213500,2026-02-14T03:46:13Z
LLY,2008-02-15,30.44,30.52,29.73,29.81,10820208,50.82,50.95,49.63,49.77,6480500,2026-02-14T03:46:13Z
LLY,2008-02-19,30.13,30.7,30.04,30.52,9875503,50.3,51.25,50.15,50.96,5914700,2026-02-14T03:46:13Z
LLY,2008-02-20,30.17,30.19,29.65,29.92,7163156,50.37,50.41,49.5,49.96,4290200,2026-02-14T03:46:13Z
LLY,2008-02-21,29.84,30.43,29.73,30.33,9132846,49.82,50.8,49.64,50.64,5469900,2026-02-14T03:46:13Z
LLY,2008-02-22,30.25,30.73,29.73,30.73,15125216,50.51,51.31,49.64,51.31,9058900,2026-02-14T03:46:13Z
LLY,2008-02-25,30.72,30.78,30.08,30.21,8793742,51.3,51.39,50.23,50.44,5266800,2026-02-14T03:46:13Z
LLY,2008-02-26,31.41,31.45,30.58,30.58,13457241,52.45,52.51,51.05,51.05,8059900,2026-02-14T03:46:13Z
LLY,2008-02-27,31.04,31.34,30.88,31.17,6091724,51.83,52.33,51.55,52.04,3648500,2026-02-14T03:46:13Z
LLY,2008-02-28,30.5,30.68,29.98,30.16,7340974,50.93,51.23,50.05,50.36,4396700,2026-02-14T03:46:13Z
LLY,2008-02-29,29.96,30.37,29.75,30.23,11524787,50.02,50.71,49.67,50.47,6902500,2026-02-14T03:46:13Z
LLY,2008-03-03,30.06,30.1,29.8,29.98,6844917,50.19,50.26,49.75,50.05,4099600,2026-02-14T03:46:13Z
LLY,2008-03-04,29.95,30.08,29.79,29.84,9788184,50.01,50.22,49.74,49.82,5862400,2026-02-14T03:46:13Z
LLY,2008-03-05,30.2,30.32,29.86,29.95,7547496,50.42,50.62,49.86,50.01,4520400,2026-02-14T03:46:13Z
LLY,2008-03-06,29.75,30.1,29.74,29.99,7423774,49.68,50.25,49.65,50.08,4446300,2026-02-14T03:46:13Z
LLY,2008-03-07,29.77,30.09,29.58,29.74,12147586,49.7,50.24,49.38,49.66,7275500,2026-02-14T03:46:13Z
LLY,2008-03-10,29.6,30.43,29.37,29.77,11742026,49.42,50.81,49.03,49.7,7032600,2026-02-14T03:46:13Z
LLY,2008-03-11,30.3,30.37,29.79,30.2,12426062,50.59,50.7,49.73,50.43,7442300,2026-02-14T03:46:13Z
LLY,2008-03-12,29.81,30.38,29.74,30.31,9815548,49.78,50.72,49.66,50.6,5878800,2026-02-14T03:46:13Z
LLY,2008-03-13,29.44,29.76,29.08,29.46,11111891,49.16,49.68,48.56,49.19,6655200,2026-02-14T03:46:13Z
LLY,2008-03-14,28.63,29.6,28.35,29.6,14072165,47.81,49.42,47.33,49.42,8428200,2026-02-14T03:46:13Z
LLY,2008-03-17,29.27,29.49,27.91,27.99,11432468,48.87,49.24,46.6,46.73,6847200,2026-02-14T03:46:13Z
LLY,2008-03-18,29.9,29.9,29.23,29.66,9002944,49.92,49.92,48.8,49.52,5392100,2026-02-14T03:46:13Z
LLY,2008-03-19,29.93,30.73,29.67,29.67,9615189,49.97,51.31,49.54,49.54,5758800,2026-02-14T03:46:13Z
LLY,2008-03-20,29.85,29.98,29.45,29.97,15304380,49.84,50.05,49.17,50.04,9166200,2026-02-14T03:46:13Z
LLY,2008-03-24,30.01,30.05,29.7,29.91,9669638,50.1,50.18,49.58,49.94,5791400,2026-02-14T03:46:13Z
LLY,2008-03-25,30.05,30.36,29.94,29.96,7625988,50.17,50.69,49.99,50.02,4567400,2026-02-14T03:46:13Z
LLY,2008-03-26,30.06,30.19,29.69,29.95,11064302,50.19,50.4,49.57,50.01,6626700,2026-02-14T03:46:13Z
LLY,2008-03-27,30.2,30.44,30.1,30.1,8250752,50.43,50.83,50.26,50.26,4941600,2026-02-14T03:46:13Z
LLY,2008-03-28,30.12,30.59,30.04,30.29,8915121,50.29,51.08,50.15,50.58,5339500,2026-02-14T03:46:13Z
LLY,2008-03-31,30.9,31.01,30.03,30.08,14616827,51.59,51.78,50.14,50.22,8754400,2026-02-14T03:46:13Z
LLY,2008-04-01,31.16,31.25,30.86,30.98,12084638,52.03,52.17,51.53,51.72,7237800,2026-02-14T03:46:13Z
LLY,2008-04-02,31,31.26,30.81,31.17,9235533,51.76,52.2,51.44,52.05,5531400,2026-02-14T03:46:13Z
LLY,2008-04-03,31.02,31.13,30.61,30.89,8473491,51.8,51.97,51.11,51.58,5075000,2026-02-14T03:46:13Z
LLY,2008-04-04,31.31,31.71,30.91,31.01,9322840,52.28,52.94,51.6,51.78,5583700,2026-02-14T03:46:13Z
LLY,2008-04-07,31.78,31.98,31.19,31.6,10231319,53.06,53.4,52.08,52.76,6127800,2026-02-14T03:46:13Z
LLY,2008-04-08,31.32,31.7,31.2,31.59,8173471,52.3,52.92,52.1,52.75,4895300,2026-02-14T03:46:13Z
LLY,2008-04-09,31.01,31.43,30.93,31.28,8499046,51.77,52.48,51.65,52.22,5090300,2026-02-14T03:46:13Z
LLY,2008-04-10,31.38,31.59,30.95,30.95,9113794,52.39,52.75,51.67,51.67,5458500,2026-02-14T03:46:13Z
LLY,2008-04-11,31.1,31.37,30.97,31.37,8926820,51.93,52.37,51.7,52.37,5346500,2026-02-14T03:46:13Z
LLY,2008-04-14,31.04,31.19,30.88,31.13,8014665,51.82,52.08,51.56,51.98,4800200,2026-02-14T03:46:13Z
LLY,2008-04-15,30.87,31.19,30.74,31.14,9353723,51.55,52.08,51.33,52,5602200,2026-02-14T03:46:13Z
LLY,2008-04-16,31.47,31.53,30.95,31.16,7181679,52.55,52.64,51.67,52.03,4301300,2026-02-14T03:46:13Z
LLY,2008-04-17,30.78,31.46,30.7,31.32,11568543,51.39,52.53,51.25,52.29,6928700,2026-02-14T03:46:13Z
LLY,2008-04-18,31.19,31.27,30.82,31.08,10391091,52.07,52.21,51.46,51.9,6223500,2026-02-14T03:46:13Z
LLY,2008-04-21,29.7,30.4,29.61,30.37,16928101,49.59,50.75,49.43,50.7,10138700,2026-02-14T03:46:13Z
LLY,2008-04-22,29.38,29.7,28.9,29.7,14235490,49.05,49.59,48.26,49.59,8526000,2026-02-14T03:46:13Z
LLY,2008-04-23,29.46,29.86,29.34,29.43,10928216,49.19,49.86,48.99,49.14,6545200,2026-02-14T03:46:13Z
LLY,2008-04-24,29.37,29.64,29.08,29.45,7424798,49.04,49.49,48.55,49.17,4446900,2026-02-14T03:46:13Z
LLY,2008-04-25,29.56,29.92,29.41,29.46,7696106,49.36,49.96,49.11,49.18,4609400,2026-02-14T03:46:13Z
LLY,2008-04-28,29.56,29.73,29.44,29.68,8203180,49.36,49.64,49.15,49.55,4913100,2026-02-14T03:46:13Z
LLY,2008-04-29,28.81,29.53,28.67,29.53,14291429,48.11,49.3,47.86,49.3,8559500,2026-02-14T03:46:13Z
LLY,2008-04-30,28.83,29.31,28.72,28.93,10256190,48.14,48.93,47.96,48.3,6142700,2026-02-14T03:46:13Z
LLY,2008-05-01,29.78,29.78,28.84,28.85,10464564,49.72,49.72,48.15,48.17,6267500,2026-02-14T03:46:13Z
LLY,2008-05-02,29.58,29.89,29.49,29.88,6104920,49.38,49.9,49.24,49.89,3656400,2026-02-14T03:46:13Z
LLY,2008-05-05,29.34,29.5,29.16,29.5,5775836,48.99,49.26,48.69,49.26,3459300,2026-02-14T03:46:13Z
LLY,2008-05-06,29.2,29.32,28.93,29.17,7142437,48.75,48.96,48.31,48.71,4277800,2026-02-14T03:46:13Z
LLY,2008-05-07,29.14,29.43,29.08,29.16,9190769,48.65,49.13,48.55,48.69,5504600,2026-02-14T03:46:13Z
LLY,2008-05-08,29.01,29.33,28.9,29.3,7683415,48.43,48.97,48.25,48.92,4601800,2026-02-14T03:46:13Z
LLY,2008-05-09,28.9,29.01,28.61,28.9,7167324,48.25,48.44,47.76,48.25,4292700,2026-02-14T03:46:13Z
LLY,2008-05-12,29.2,29.34,28.9,28.99,5913925,48.76,48.98,48.25,48.4,3542000,2026-02-14T03:46:13Z
LLY,2008-05-13,28.76,29.34,28.73,28.83,8874998,47.55,48.52,47.5,47.67,5367200,2026-02-14T03:46:13Z
LLY,2008-05-14,29.21,29.22,28.76,28.83,7228373,48.3,48.32,47.55,47.67,4371400,2026-02-14T03:46:13Z
LLY,2008-05-15,29.43,29.49,28.97,29.28,8588910,48.67,48.76,47.91,48.42,5194200,2026-02-14T03:46:13Z
LLY,2008-05-16,29.6,30.15,29.36,30.15,8592062,48.95,49.85,48.55,49.85,5196100,2026-02-14T03:46:13Z
LLY,2008-05-19,29.95,30.05,29.55,29.63,6249640,49.53,49.69,48.86,48.99,3779500,2026-02-14T03:46:13Z
LLY,2008-05-20,29.61,30.1,29.49,29.87,6834504,48.96,49.77,48.76,49.39,4133200,2026-02-14T03:46:13Z
LLY,2008-05-21,29.09,29.85,29.05,29.72,7741155,48.1,49.35,48.03,49.14,4681500,2026-02-14T03:46:13Z
LLY,2008-05-22,29.32,29.51,28.95,29.25,5135950,48.48,48.79,47.87,48.36,3106000,2026-02-14T03:46:13Z
LLY,2008-05-23,28.77,29.31,28.76,29.31,5957287,47.57,48.46,47.55,48.46,3602700,2026-02-14T03:46:13Z
LLY,2008-05-27,28.99,29.05,28.79,28.84,4943316,47.94,48.04,47.61,47.68,2989500,2026-02-14T03:46:13Z
LLY,2008-05-28,28.94,29.2,28.73,29.09,5821516,47.85,48.28,47.5,48.1,3520600,2026-02-14T03:46:13Z
LLY,2008-05-29,29.39,29.59,28.87,28.87,10400737,48.6,48.92,47.73,47.73,6289900,2026-02-14T03:46:13Z
LLY,2008-05-30,29.11,29.46,29.03,29.46,6708337,48.14,48.72,48,48.72,4056900,2026-02-14T03:46:13Z
LLY,2008-06-02,28.78,29.25,28.67,29.2,9806446,47.59,48.36,47.41,48.28,5930500,2026-02-14T03:46:13Z
LLY,2008-06-03,29.2,29.31,28.7,28.94,12010141,48.28,48.46,47.45,47.85,7263200,2026-02-14T03:46:13Z
LLY,2008-06-04,29.66,30,29.4,29.4,12250740,49.04,49.6,48.62,48.62,7408700,2026-02-14T03:46:13Z
LLY,2008-06-05,29.91,30.13,29.56,30.02,13001786,49.46,49.82,48.88,49.64,7862900,2026-02-14T03:46:13Z
LLY,2008-06-06,29.28,29.85,29.26,29.85,12917267,48.42,49.35,48.39,49.35,7811800,2026-02-14T03:46:13Z
LLY,2008-06-09,29.14,29.49,28.91,29.27,10616529,48.18,48.77,47.8,48.4,6420400,2026-02-14T03:46:13Z
LLY,2008-06-10,28.99,29.3,28.73,28.88,8542454,47.94,48.45,47.5,47.76,5166100,2026-02-14T03:46:13Z
LLY,2008-06-11,28.68,29.18,28.58,28.91,6707327,47.43,48.25,47.25,47.81,4056300,2026-02-14T03:46:13Z
LLY,2008-06-12,28.85,29.22,28.76,28.82,7598617,47.7,48.32,47.55,47.66,4595300,2026-02-14T03:46:13Z
LLY,2008-06-13,29.23,29.25,28.98,28.98,7108335,48.33,48.37,47.92,47.92,4298800,2026-02-14T03:46:13Z
LLY,2008-06-16,28.94,29.23,28.54,28.98,9207837,47.85,48.33,47.19,47.92,5568500,2026-02-14T03:46:13Z
LLY,2008-06-17,28.9,29.39,28.87,29.07,5675354,47.78,48.6,47.74,48.07,3432200,2026-02-14T03:46:13Z
LLY,2008-06-18,28.41,29.03,28.36,28.88,6973884,46.97,48,46.9,47.75,4217500,2026-02-14T03:46:13Z
LLY,2008-06-19,28.9,29.05,28.2,28.29,13597710,47.79,48.03,46.63,46.78,8223300,2026-02-14T03:46:13Z
LLY,2008-06-20,28.38,29.2,28.26,28.91,12275694,46.93,48.28,46.73,47.81,7423800,2026-02-14T03:46:13Z
LLY,2008-06-23,28.79,28.87,28.43,28.45,8977334,47.6,47.74,47.01,47.04,5429100,2026-02-14T03:46:13Z
LLY,2008-06-24,28.39,28.48,27.8,28.36,15312481,46.94,47.1,45.97,46.89,9260300,2026-02-14T03:46:13Z
LLY,2008-06-25,28.42,28.71,28.3,28.41,9950139,47,47.47,46.8,46.97,6017400,2026-02-14T03:46:13Z
LLY,2008-06-26,27.83,28.31,27.8,28.16,10776566,46.02,46.81,45.96,46.56,6517200,2026-02-14T03:46:13Z
LLY,2008-06-27,27.58,28.01,27.56,27.82,12265783,45.61,46.31,45.57,46,7417800,2026-02-14T03:46:13Z
LLY,2008-06-30,27.92,28.15,27.43,27.68,8957343,46.16,46.55,45.36,45.77,5417000,2026-02-14T03:46:13Z
LLY,2008-07-01,27.88,28.09,27.53,27.62,10672588,46.1,46.44,45.52,45.67,6454300,2026-02-14T03:46:13Z
LLY,2008-07-02,27.87,28.24,27.76,27.88,7698974,46.09,46.69,45.91,46.1,4656000,2026-02-14T03:46:13Z
LLY,2008-07-03,28.41,28.48,28.01,28.06,7492618,46.98,47.1,46.31,46.4,4531200,2026-02-14T03:46:13Z
LLY,2008-07-07,27.95,28.5,27.77,28.37,10081411,46.21,47.12,45.92,46.91,6096800,2026-02-14T03:46:13Z
LLY,2008-07-08,29.31,29.4,27.88,27.93,15498303,48.46,48.62,46.1,46.18,9372700,2026-02-14T03:46:13Z
LLY,2008-07-09,29.25,29.91,29.17,29.4,10748153,48.37,49.46,48.24,48.61,6500000,2026-02-14T03:46:13Z
LLY,2008-07-10,29.13,29.59,28.75,29.2,12194524,48.16,48.93,47.54,48.28,7374700,2026-02-14T03:46:13Z
LLY,2008-07-11,28.83,29.05,28.38,28.74,7505180,47.67,48.03,46.93,47.52,4538800,2026-02-14T03:46:13Z
LLY,2008-07-14,29.03,29.4,29,29.12,9451757,48.01,48.61,47.95,48.15,5716000,2026-02-14T03:46:13Z
LLY,2008-07-15,29.09,29.23,28.75,28.75,13533561,48.11,48.34,47.54,47.54,8184500,2026-02-14T03:46:13Z
LLY,2008-07-16,29.2,29.33,28.87,29.22,10510362,48.28,48.5,47.73,48.32,6356200,2026-02-14T03:46:13Z
LLY,2008-07-17,29.26,29.36,28.61,29.15,10772606,48.38,48.55,47.3,48.2,6514800,2026-02-14T03:46:13Z
LLY,2008-07-18,28.97,29.36,28.73,29.33,10618022,47.91,48.55,47.5,48.49,6421300,2026-02-14T03:46:13Z
LLY,2008-07-21,28.53,29.11,28.38,29.01,7840514,47.18,48.13,46.92,47.97,4741600,2026-02-14T03:46:13Z
LLY,2008-07-22,28.26,28.6,28.13,28.38,11026449,46.73,47.29,46.51,46.92,6668300,2026-02-14T03:46:13Z
LLY,2008-07-23,28.8,28.84,28.3,28.42,9273816,47.62,47.69,46.8,47,5608400,2026-02-14T03:46:13Z
LLY,2008-07-24,29.03,29.33,28.56,28.99,8183627,48,48.5,47.23,47.94,4949100,2026-02-14T03:46:13Z
LLY,2008-07-25,28.91,29.3,28.58,28.86,6945111,47.81,48.45,47.25,47.72,4200100,2026-02-14T03:46:13Z
LLY,2008-07-28,28.8,29.3,28.74,28.92,8484572,47.62,48.45,47.53,47.82,5131100,2026-02-14T03:46:13Z
LLY,2008-07-29,29.19,29.44,28.72,28.84,9153285,48.26,48.68,47.49,47.68,5535500,2026-02-14T03:46:13Z
LLY,2008-07-30,28.67,29.71,28.39,29.37,12279655,47.41,49.12,46.95,48.57,7426200,2026-02-14T03:46:13Z
LLY,2008-07-31,28.49,28.81,28.33,28.54,8154874,47.11,47.63,46.85,47.2,4931700,2026-02-14T03:46:13Z
LLY,2008-08-01,28.45,28.71,28.16,28.49,7158429,47.04,47.48,46.57,47.11,4329100,2026-02-14T03:46:13Z
LLY,2008-08-04,28.65,28.84,28.37,28.37,7857381,47.37,47.69,46.91,46.91,4751800,2026-02-14T03:46:13Z
LLY,2008-08-05,28.9,29.03,28.57,28.94,10724982,47.79,48,47.24,47.86,6486000,2026-02-14T03:46:13Z
LLY,2008-08-06,29.03,29.25,28.56,28.56,5819865,48,48.37,47.23,47.23,3519600,2026-02-14T03:46:13Z
LLY,2008-08-07,28.77,29.27,28.56,28.73,7601080,47.58,48.4,47.23,47.5,4596800,2026-02-14T03:46:13Z
LLY,2008-08-08,29.34,29.38,28.59,28.74,6876660,48.51,48.58,47.28,47.53,4158700,2026-02-14T03:46:13Z
LLY,2008-08-11,29.66,29.97,29.09,29.33,10112667,49.05,49.55,48.1,48.5,6115700,2026-02-14T03:46:13Z
LLY,2008-08-12,29.78,30.11,29.54,29.75,9984202,49.25,49.78,48.85,49.19,6038000,2026-02-14T03:46:13Z
LLY,2008-08-13,29.54,29.86,29.36,29.86,8115032,48.38,48.91,48.08,48.91,4954900,2026-02-14T03:46:13Z
LLY,2008-08-14,29.52,29.99,29.27,29.31,7707547,48.34,49.12,47.93,48.01,4706100,2026-02-14T03:46:13Z
LLY,2008-08-15,29.78,30.04,29.61,29.61,7552299,48.78,49.2,48.5,48.5,4611300,2026-02-14T03:46:13Z
LLY,2008-08-18,29.34,29.81,29.2,29.69,10229081,48.05,48.82,47.82,48.63,6245700,2026-02-14T03:46:13Z
LLY,2008-08-19,29.19,29.39,28.85,29.11,8923622,47.8,48.14,47.25,47.68,5448600,2026-02-14T03:46:13Z
LLY,2008-08-20,28.95,29.25,28.81,29.19,7443715,47.41,47.91,47.19,47.81,4545000,2026-02-14T03:46:13Z
LLY,2008-08-21,28.8,28.99,28.44,28.85,6815616,47.17,47.48,46.57,47.25,4161500,2026-02-14T03:46:13Z
LLY,2008-08-22,29.33,29.4,28.75,28.83,8408848,48.03,48.15,47.09,47.21,5134300,2026-02-14T03:46:13Z
LLY,2008-08-25,29.01,29.69,28.89,29.25,6453177,47.52,48.63,47.31,47.91,3940200,2026-02-14T03:46:13Z
LLY,2008-08-26,28.71,29.17,28.59,29,5520627,47.02,47.78,46.83,47.49,3370800,2026-02-14T03:46:13Z
LLY,2008-08-27,28.62,29,28.37,28.69,9040547,46.87,47.49,46.46,46.99,5520000,2026-02-14T03:46:13Z
LLY,2008-08-28,28.64,28.92,28.49,28.73,7018549,46.91,47.37,46.66,47.06,4285400,2026-02-14T03:46:13Z
LLY,2008-08-29,28.48,28.71,28.46,28.58,7804179,46.65,47.02,46.61,46.8,4765100,2026-02-14T03:46:13Z
LLY,2008-09-02,28.49,29.07,28.34,28.49,8584910,46.66,47.61,46.42,46.66,5241800,2026-02-14T03:46:13Z
LLY,2008-09-03,28.64,29,28.23,28.4,7248494,46.91,47.49,46.23,46.52,4425800,2026-02-14T03:46:13Z
LLY,2008-09-04,28.14,28.64,28.06,28.58,7721000,46.09,46.9,45.95,46.8,4714300,2026-02-14T03:46:13Z
LLY,2008-09-05,27.74,28.15,27.55,28.07,8398036,45.44,46.1,45.12,45.97,5127700,2026-02-14T03:46:13Z
LLY,2008-09-08,28.5,28.61,27.8,28.28,9484708,46.67,46.86,45.53,46.31,5791200,2026-02-14T03:46:13Z
LLY,2008-09-09,28.37,29.24,28.22,28.22,12809881,46.46,47.88,46.21,46.21,7821500,2026-02-14T03:46:13Z
LLY,2008-09-10,28.53,28.92,28.39,28.68,10000457,46.73,47.36,46.5,46.97,6106100,2026-02-14T03:46:13Z
LLY,2008-09-11,28.53,28.6,28.05,28.25,7733766,46.72,46.84,45.94,46.26,4722100,2026-02-14T03:46:13Z
LLY,2008-09-12,28.45,28.61,28.2,28.44,6995953,46.6,46.85,46.19,46.58,4271600,2026-02-14T03:46:13Z
LLY,2008-09-15,28.11,28.54,27.89,28.12,8724625,46.04,46.74,45.67,46.05,5327100,2026-02-14T03:46:13Z
LLY,2008-09-16,27.64,27.84,27.15,27.64,16376307,45.26,45.6,44.47,45.27,9999100,2026-02-14T03:46:13Z
LLY,2008-09-17,26.82,27.87,26.75,27.29,11725189,43.92,45.64,43.81,44.7,7159200,2026-02-14T03:46:13Z
LLY,2008-09-18,27.73,27.92,26.79,27.19,16242332,45.42,45.72,43.87,44.53,9917300,2026-02-14T03:46:13Z
LLY,2008-09-19,28.51,28.91,27.42,28.09,19647791,46.69,47.34,44.9,46.01,11996600,2026-02-14T03:46:13Z
LLY,2008-09-22,28.03,28.78,27.89,28.44,9472606,45.9,47.13,45.67,46.57,5783800,2026-02-14T03:46:13Z
LLY,2008-09-23,27.92,28.23,27.72,28.14,12902450,45.73,46.23,45.4,46.09,7878000,2026-02-14T03:46:13Z
LLY,2008-09-24,28.29,28.4,27.72,27.95,11858509,46.34,46.51,45.4,45.78,7240600,2026-02-14T03:46:13Z
LLY,2008-09-25,28.45,29.14,28.23,28.44,15293780,46.6,47.72,46.23,46.57,9338100,2026-02-14T03:46:13Z
LLY,2008-09-26,28.59,28.73,27.94,28.19,9449656,46.82,47.06,45.76,46.17,5769800,2026-02-14T03:46:13Z
LLY,2008-09-29,26.82,28.12,26.51,27.64,15677477,43.92,46.05,43.41,45.27,9572400,2026-02-14T03:46:13Z
LLY,2008-09-30,26.88,27.46,26.18,27.4,13820760,44.03,44.97,42.88,44.88,8438700,2026-02-14T03:46:13Z
LLY,2008-10-01,26.68,27.13,26.5,26.61,10384037,43.69,44.44,43.4,43.58,6340300,2026-02-14T03:46:13Z
LLY,2008-10-02,25.98,26.82,25.91,26.68,10751037,42.55,43.93,42.44,43.69,6564400,2026-02-14T03:46:13Z
LLY,2008-10-03,25.22,26.32,25.18,25.95,15388725,41.31,43.1,41.24,42.5,9396100,2026-02-14T03:46:13Z
LLY,2008-10-06,23.46,24.85,22.65,24.81,31099948,38.42,40.7,37.09,40.64,18989100,2026-02-14T03:46:13Z
LLY,2008-10-07,23.57,24.41,23.52,24.13,20416889,38.61,39.97,38.52,39.52,12466200,2026-02-14T03:46:13Z
LLY,2008-10-08,23.14,24.12,22.99,23.65,14651896,37.9,39.5,37.66,38.74,8946200,2026-02-14T03:46:13Z
LLY,2008-10-09,20.28,23.11,19.81,22.95,22656670,33.22,37.85,32.44,37.58,13833800,2026-02-14T03:46:13Z
LLY,2008-10-10,19.15,20.39,17.86,19.51,25986124,31.36,33.39,29.25,31.96,15866700,2026-02-14T03:46:13Z
LLY,2008-10-13,21.9,21.98,19.66,19.84,13570804,35.86,36,32.2,32.5,8286100,2026-02-14T03:46:13Z
LLY,2008-10-14,21.33,22.93,21.11,22.74,17431348,34.94,37.56,34.57,37.24,10643300,2026-02-14T03:46:13Z
LLY,2008-10-15,19.87,21.36,19.5,21.16,17364689,32.54,34.99,31.93,34.65,10602600,2026-02-14T03:46:13Z
LLY,2008-10-16,20.99,21.16,19.23,20.29,16865555,34.38,34.66,31.5,33.23,10297800,2026-02-14T03:46:13Z
LLY,2008-10-17,19.66,20.83,19.62,20.24,15003508,32.2,34.12,32.14,33.14,9160900,2026-02-14T03:46:13Z
LLY,2008-10-20,20.82,20.82,19.4,19.88,14820574,34.1,34.1,31.77,32.56,9049200,2026-02-14T03:46:13Z
LLY,2008-10-21,20.56,21.15,20.18,20.58,12664803,33.68,34.64,33.05,33.7,7732900,2026-02-14T03:46:13Z
LLY,2008-10-22,19.61,20.53,19.17,20.21,10927108,32.11,33.63,31.4,33.1,6671900,2026-02-14T03:46:13Z
LLY,2008-10-23,20.44,20.76,19.09,20.52,14296512,33.48,34,31.26,33.6,8729200,2026-02-14T03:46:13Z
LLY,2008-10-24,19.37,20.03,19.01,19.12,11831314,31.73,32.8,31.14,31.31,7224000,2026-02-14T03:46:13Z
LLY,2008-10-27,18.56,19.91,18.56,19.29,12327413,30.4,32.6,30.4,31.6,7526900,2026-02-14T03:46:13Z
LLY,2008-10-28,20.38,20.44,18.26,18.89,13639628,33.38,33.47,29.9,30.94,8328100,2026-02-14T03:46:13Z
LLY,2008-10-29,19.56,20.56,19.43,20.38,15034954,32.03,33.67,31.83,33.38,9180100,2026-02-14T03:46:13Z
LLY,2008-10-30,20.05,20.21,19.7,20.13,12059154,32.83,33.1,32.26,32.97,7363100,2026-02-14T03:46:13Z
LLY,2008-10-31,20.65,21.1,19.92,20.15,11259248,33.82,34.55,32.63,33,6874700,2026-02-14T03:46:13Z
LLY,2008-11-03,20.77,21.09,20.48,21.03,7864297,34.01,34.54,33.54,34.44,4801800,2026-02-14T03:46:13Z
LLY,2008-11-04,21.46,21.76,20.55,20.95,12757148,35.15,35.64,33.65,34.31,7789300,2026-02-14T03:46:13Z
LLY,2008-11-05,20.61,21.63,20.49,21.21,9594591,33.76,35.43,33.55,34.73,5858300,2026-02-14T03:46:13Z
LLY,2008-11-06,20.07,20.86,19.91,20.69,10559449,32.87,34.17,32.6,33.89,6447400,2026-02-14T03:46:13Z
LLY,2008-11-07,20.88,20.99,20.08,20.35,6590107,34.2,34.37,32.89,33.33,4023800,2026-02-14T03:46:13Z
LLY,2008-11-10,21.29,21.68,21.01,21.23,9608206,34.87,35.5,34.41,34.77,5866600,2026-02-14T03:46:13Z
LLY,2008-11-11,20.74,21.52,20.53,21.21,8127479,33.97,35.25,33.63,34.73,4962500,2026-02-14T03:46:13Z
LLY,2008-11-12,19.81,20.69,19.72,20.69,9950419,31.99,33.42,31.85,33.42,6160800,2026-02-14T03:46:13Z
LLY,2008-11-13,21.13,21.36,19.66,19.96,21059513,34.12,34.5,31.76,32.24,13039000,2026-02-14T03:46:13Z
LLY,2008-11-14,19.85,20.98,19.84,20.78,13104450,32.06,33.89,32.05,33.56,8113600,2026-02-14T03:46:13Z
LLY,2008-11-17,19.89,20.39,19.5,19.63,10400221,32.13,32.93,31.5,31.71,6439300,2026-02-14T03:46:13Z
LLY,2008-11-18,20.64,20.64,19.53,20.19,10629442,33.34,33.34,31.54,32.61,6581200,2026-02-14T03:46:13Z
LLY,2008-11-19,19.45,21.03,19.26,20.53,11569733,31.41,33.97,31.1,33.16,7163400,2026-02-14T03:46:13Z
LLY,2008-11-20,18.52,19.97,18.32,19.35,12867048,29.91,32.25,29.59,31.25,7966600,2026-02-14T03:46:13Z
LLY,2008-11-21,18.84,18.93,17.72,18.72,16066249,30.43,30.57,28.62,30.23,9947400,2026-02-14T03:46:13Z
LLY,2008-11-24,19.86,20.28,18.89,19.13,12670778,32.08,32.76,30.51,30.9,7845100,2026-02-14T03:46:13Z
LLY,2008-11-25,20.31,20.66,19.71,20.37,10490844,32.8,33.36,31.83,32.9,6495400,2026-02-14T03:46:13Z
LLY,2008-11-26,20.35,20.39,19.71,20.07,9507578,32.87,32.93,31.83,32.42,5886600,2026-02-14T03:46:13Z
LLY,2008-11-28,21.14,21.36,20.47,20.47,4419299,34.15,34.5,33.06,33.06,2736200,2026-02-14T03:46:13Z
LLY,2008-12-01,19.27,20.68,18.97,20.53,10217581,31.12,33.4,30.63,33.16,6326200,2026-02-14T03:46:13Z
LLY,2008-12-02,20.55,20.61,19.5,19.63,11011595,33.19,33.29,31.5,31.7,6817800,2026-02-14T03:46:13Z
LLY,2008-12-03,21.65,21.72,19.83,20.17,12533194,34.97,35.08,32.02,32.57,7759900,2026-02-14T03:46:13Z
LLY,2008-12-04,20.98,21.6,20.77,21.39,11073888,33.89,34.88,33.55,34.54,6856400,2026-02-14T03:46:13Z
LLY,2008-12-05,21.63,21.83,20.16,20.86,12227892,34.94,35.25,32.56,33.69,7570900,2026-02-14T03:46:13Z
LLY,2008-12-08,21.58,22.2,21.24,22.09,11119958,34.86,35.85,34.3,35.68,6884900,2026-02-14T03:46:13Z
LLY,2008-12-09,21.4,21.73,21.26,21.3,7222165,34.57,35.1,34.34,34.4,4471600,2026-02-14T03:46:13Z
LLY,2008-12-10,21.68,22.03,21.45,21.63,7839956,35.01,35.58,34.64,34.93,4854100,2026-02-14T03:46:13Z
LLY,2008-12-11,22.05,22.66,21.79,22.22,12961492,35.62,36.59,35.2,35.89,8025100,2026-02-14T03:46:13Z
LLY,2008-12-12,22.54,22.6,21.42,21.56,10720044,36.41,36.5,34.6,34.82,6637300,2026-02-14T03:46:13Z
LLY,2008-12-15,21.87,22.69,21.61,22.54,9252072,35.32,36.64,34.9,36.41,5728400,2026-02-14T03:46:13Z
LLY,2008-12-16,23.04,23.12,22.01,22.07,9943178,37.21,37.34,35.54,35.64,6156300,2026-02-14T03:46:13Z
LLY,2008-12-17,22.87,23.11,22.46,22.73,8470321,36.94,37.32,36.27,36.71,5244400,2026-02-14T03:46:13Z
LLY,2008-12-18,22.83,23.48,22.59,23.04,10740398,36.87,37.92,36.48,37.21,6649900,2026-02-14T03:46:13Z
LLY,2008-12-19,23.69,24,22.91,23.51,16559046,38.26,38.77,37,37.97,10252500,2026-02-14T03:46:13Z
LLY,2008-12-22,23.12,23.83,22.68,23.65,8172516,37.34,38.49,36.63,38.2,5060000,2026-02-14T03:46:13Z
LLY,2008-12-23,23.21,23.84,23.16,23.57,6844393,37.49,38.5,37.41,38.06,4237700,2026-02-14T03:46:13Z
LLY,2008-12-24,23.4,23.58,23.22,23.53,1998875,37.8,38.08,37.5,38,1237600,2026-02-14T03:46:13Z
LLY,2008-12-26,23.52,23.59,23.41,23.5,2606639,37.98,38.1,37.81,37.95,1613900,2026-02-14T03:46:13Z
LLY,2008-12-29,23.82,23.84,23.31,23.58,6478584,38.48,38.5,37.64,38.08,4011200,2026-02-14T03:46:13Z
LLY,2008-12-30,24.56,24.62,23.97,23.97,7661496,39.67,39.77,38.71,38.71,4743600,2026-02-14T03:46:13Z
LLY,2008-12-31,24.93,25.08,24.38,24.56,7648087,40.27,40.5,39.38,39.67,4735300,2026-02-14T03:46:13Z
LLY,2009-01-02,25.12,25.25,24.33,25,9742232,40.57,40.78,39.3,40.38,6031900,2026-02-14T03:46:13Z
LLY,2009-01-05,24.43,25.11,24.19,25.11,11094267,39.46,40.56,39.07,40.55,6869000,2026-02-14T03:46:13Z
LLY,2009-01-06,24.5,24.62,23.84,24.54,14617013,39.57,39.76,38.51,39.64,9050100,2026-02-14T03:46:13Z
LLY,2009-01-07,23.91,24.43,23.77,24.18,10281061,38.62,39.46,38.39,39.06,6365500,2026-02-14T03:46:13Z
LLY,2009-01-08,24.03,24.09,23.47,23.8,9088109,38.81,38.91,37.9,38.44,5626900,2026-02-14T03:46:13Z
LLY,2009-01-09,23.82,24.03,23.55,24.03,9589473,38.48,38.81,38.03,38.81,5937300,2026-02-14T03:46:13Z
LLY,2009-01-12,23.61,23.99,23.47,23.81,8397350,38.13,38.75,37.91,38.46,5199200,2026-02-14T03:46:13Z
LLY,2009-01-13,23.85,23.95,23.47,23.68,8562405,38.52,38.68,37.91,38.25,5301400,2026-02-14T03:46:13Z
LLY,2009-01-14,23.2,23.76,22.97,23.74,10590349,37.47,38.37,37.1,38.34,6557000,2026-02-14T03:46:13Z
LLY,2009-01-15,23.25,23.3,22.46,23.17,8006327,37.55,37.63,36.28,37.42,4957100,2026-02-14T03:46:13Z
LLY,2009-01-16,23.61,23.78,23.09,23.55,8792409,38.13,38.41,37.29,38.04,5443800,2026-02-14T03:46:13Z
LLY,2009-01-20,23.15,24,23.05,23.48,15250274,37.39,38.76,37.23,37.92,9442200,2026-02-14T03:46:13Z
LLY,2009-01-21,23.68,23.96,23.05,23.45,11040780,38.24,38.7,37.23,37.88,6835900,2026-02-14T03:46:13Z
LLY,2009-01-22,23.4,23.74,23.01,23.3,8960214,37.8,38.34,37.16,37.63,5547700,2026-02-14T03:46:13Z
LLY,2009-01-23,23.17,23.31,22.81,23.03,10059799,37.42,37.64,36.84,37.2,6228500,2026-02-14T03:46:13Z
LLY,2009-01-26,23.26,23.83,23.06,23.31,10928723,37.57,38.49,37.25,37.65,6766500,2026-02-14T03:46:13Z
LLY,2009-01-27,23.91,24.09,23.34,23.43,8727478,38.61,38.9,37.69,37.84,5403600,2026-02-14T03:46:13Z
LLY,2009-01-28,24.2,24.27,23.76,24.15,8671915,39.09,39.2,38.38,39,5369200,2026-02-14T03:46:13Z
LLY,2009-01-29,23.51,24.24,23.37,23.92,10455959,37.97,39.15,37.74,38.64,6473800,2026-02-14T03:46:13Z
LLY,2009-01-30,22.8,23.97,22.46,23.97,15503514,36.82,38.71,36.27,38.71,9599000,2026-02-14T03:46:13Z
LLY,2009-02-02,23.08,23.29,22.41,22.62,8891390,37.27,37.61,36.2,36.53,5505100,2026-02-14T03:46:13Z
LLY,2009-02-03,23.95,24.24,22.83,23.34,16172017,38.69,39.15,36.87,37.69,10012900,2026-02-14T03:46:13Z
LLY,2009-02-04,23.53,24.3,23.4,24.28,11978888,38.01,39.25,37.8,39.22,7416700,2026-02-14T03:46:13Z
LLY,2009-02-05,23.63,23.71,23.06,23.4,8158303,38.16,38.3,37.25,37.79,5051200,2026-02-14T03:46:13Z
LLY,2009-02-06,23.64,23.99,23.42,23.42,8040394,38.18,38.74,37.83,37.83,4978200,2026-02-14T03:46:13Z
LLY,2009-02-09,23.6,23.67,23.16,23.66,6674957,38.12,38.23,37.4,38.22,4132800,2026-02-14T03:46:13Z
LLY,2009-02-10,22.87,23.78,22.76,23.53,9241378,36.94,38.4,36.76,38,5721800,2026-02-14T03:46:13Z
LLY,2009-02-11,23.04,23.34,22.88,23.3,6764118,36.72,37.2,36.46,37.13,4244300,2026-02-14T03:46:13Z
LLY,2009-02-12,22.8,22.97,22.2,22.7,9718694,36.34,36.61,35.38,36.18,6098200,2026-02-14T03:46:13Z
LLY,2009-02-13,22.23,22.89,22.2,22.68,9595023,35.43,36.48,35.38,36.15,6020600,2026-02-14T03:46:13Z
LLY,2009-02-17,21.7,22.03,21.5,21.79,11793027,34.58,35.11,34.27,34.72,7399800,2026-02-14T03:46:13Z
LLY,2009-02-18,21.59,21.81,21.4,21.81,9429601,34.4,34.76,34.11,34.76,5916800,2026-02-14T03:46:13Z
LLY,2009-02-19,21.64,21.87,21.54,21.74,6759355,34.48,34.86,34.32,34.65,4241300,2026-02-14T03:46:13Z
LLY,2009-02-20,20.86,21.42,20.66,21.26,13324877,33.24,34.13,32.93,33.88,8361000,2026-02-14T03:46:13Z
LLY,2009-02-23,20.27,21.23,20.24,21.12,8837216,32.31,33.83,32.26,33.66,5545100,2026-02-14T03:46:13Z
LLY,2009-02-24,20.65,20.69,20.12,20.34,11706499,32.91,32.98,32.06,32.41,7345500,2026-02-14T03:46:13Z
LLY,2009-02-25,20.43,20.73,20.15,20.58,11066782,32.56,33.04,32.11,32.79,6944100,2026-02-14T03:46:13Z
LLY,2009-02-26,19.48,20.69,19.45,20.69,19340654,31.04,32.98,31,32.98,12135700,2026-02-14T03:46:13Z
LLY,2009-02-27,18.44,19.28,18.43,19.06,15177273,29.38,30.73,29.38,30.37,9523300,2026-02-14T03:46:13Z
LLY,2009-03-02,17.41,18.1,17.36,17.91,21412844,27.75,28.85,27.66,28.55,13436000,2026-02-14T03:46:13Z
LLY,2009-03-03,17.25,17.89,17.08,17.62,15124344,27.49,28.51,27.22,28.08,9490100,2026-02-14T03:46:13Z
LLY,2009-03-04,17.88,18.11,17.11,17.7,14128082,28.5,28.87,27.27,28.2,8865000,2026-02-14T03:46:13Z
LLY,2009-03-05,17.24,17.81,17.07,17.5,14388971,27.47,28.39,27.21,27.89,9028700,2026-02-14T03:46:13Z
LLY,2009-03-06,17.56,17.71,17.22,17.35,13865293,27.98,28.23,27.45,27.65,8700100,2026-02-14T03:46:13Z
LLY,2009-03-09,17.55,17.99,17.24,17.4,13762679,27.97,28.67,27.47,27.73,8635700,2026-02-14T03:46:13Z
LLY,2009-03-10,18.65,18.67,17.78,17.97,16135512,29.72,29.76,28.33,28.63,10124600,2026-02-14T03:46:13Z
LLY,2009-03-11,18.1,18.88,17.99,18.83,15338665,28.85,30.09,28.67,30.01,9624600,2026-02-14T03:46:13Z
LLY,2009-03-12,18.84,18.91,18.04,18.1,10135105,30.03,30.13,28.75,28.85,6359500,2026-02-14T03:46:13Z
LLY,2009-03-13,19.23,19.48,18.88,18.97,10821860,30.64,31.05,30.09,30.23,6790400,2026-02-14T03:46:13Z
LLY,2009-03-16,19.33,19.92,19.29,19.35,10556972,30.81,31.74,30.74,30.84,6624200,2026-02-14T03:46:13Z
LLY,2009-03-17,19.93,19.93,19.15,19.43,8018848,31.76,31.76,30.52,30.96,5031600,2026-02-14T03:46:13Z
LLY,2009-03-18,20.39,20.77,20.05,20.36,10389169,32.5,33.1,31.95,32.45,6518900,2026-02-14T03:46:13Z
LLY,2009-03-19,19.97,20.56,19.78,20.47,8240699,31.83,32.77,31.52,32.62,5170800,2026-02-14T03:46:13Z
LLY,2009-03-20,20.42,20.65,20.02,20.02,16354365,32.55,32.91,31.9,31.9,10261900,2026-02-14T03:46:13Z
LLY,2009-03-23,21.39,21.39,20.72,20.88,10537373,34.09,34.09,33.02,33.28,6611900,2026-02-14T03:46:13Z
LLY,2009-03-24,20.81,21.53,20.81,21.09,13527007,33.17,34.31,33.17,33.61,8487800,2026-02-14T03:46:13Z
LLY,2009-03-25,21.04,21.25,20.62,20.93,12347663,33.53,33.87,32.86,33.36,7747800,2026-02-14T03:46:13Z
LLY,2009-03-26,21.47,21.52,20.95,21.17,11804347,34.22,34.3,33.39,33.74,7406900,2026-02-14T03:46:13Z
LLY,2009-03-27,21.18,21.43,21.06,21.23,8704284,33.75,34.16,33.56,33.83,5461700,2026-02-14T03:46:13Z
LLY,2009-03-30,20.61,20.69,20.1,20.1,11325276,32.84,32.98,32.03,32.03,7106300,2026-02-14T03:46:13Z
LLY,2009-03-31,20.96,21.26,20.46,20.83,10680815,33.41,33.88,32.6,33.2,6701900,2026-02-14T03:46:13Z
LLY,2009-04-01,21.2,21.29,20.45,20.73,8738718,33.78,33.93,32.59,33.03,5483300,2026-02-14T03:46:13Z
LLY,2009-04-02,21.27,21.59,21.06,21.59,10623105,33.9,34.41,33.56,34.41,6665700,2026-02-14T03:46:13Z
LLY,2009-04-03,20.71,21.18,20.41,21.04,11350917,33.01,33.75,32.52,33.53,7122400,2026-02-14T03:46:13Z
LLY,2009-04-06,20.61,20.92,20.32,20.55,10548349,32.84,33.34,32.39,32.75,6618800,2026-02-14T03:46:13Z
LLY,2009-04-07,20,20.17,19.4,20.02,9615253,31.88,32.14,30.91,31.91,6033300,2026-02-14T03:46:13Z
LLY,2009-04-08,20.29,20.41,19.83,20.05,8329951,32.34,32.53,31.6,31.96,5226800,2026-02-14T03:46:13Z
LLY,2009-04-09,20.48,21.21,20.31,20.72,7943138,32.64,33.8,32.36,33.02,4984100,2026-02-14T03:46:13Z
LLY,2009-04-13,20.44,20.58,20.25,20.29,5426845,32.57,32.8,32.27,32.33,3405200,2026-02-14T03:46:13Z
LLY,2009-04-14,20.17,20.55,20.07,20.55,8364526,32.15,32.75,31.98,32.75,5248500,2026-02-14T03:46:13Z
LLY,2009-04-15,20.59,20.68,20.08,20.14,9809501,32.81,32.96,32,32.09,6155200,2026-02-14T03:46:13Z
LLY,2009-04-16,20.88,21,20.35,20.69,7916207,33.27,33.46,32.43,32.97,4967200,2026-02-14T03:46:13Z
LLY,2009-04-17,21.18,21.37,20.83,20.87,10630424,33.75,34.05,33.19,33.26,6670300,2026-02-14T03:46:13Z
LLY,2009-04-20,20.7,21.6,20.66,21.13,15616953,32.99,34.43,32.92,33.68,9799200,2026-02-14T03:46:13Z
LLY,2009-04-21,20.92,21.13,20.54,20.97,10214965,33.34,33.68,32.74,33.42,6409600,2026-02-14T03:46:13Z
LLY,2009-04-22,20.54,20.92,20.37,20.78,17737714,32.74,33.34,32.46,33.11,11129900,2026-02-14T03:46:13Z
LLY,2009-04-23,20.63,20.68,20.1,20.41,13691912,32.88,32.95,32.03,32.53,8591300,2026-02-14T03:46:13Z
LLY,2009-04-24,20.71,21.12,20.61,20.71,13272591,33.01,33.66,32.85,33,8328200,2026-02-14T03:46:13Z
LLY,2009-04-27,20.79,21.02,20.55,20.7,6643467,33.13,33.5,32.75,32.99,4168600,2026-02-14T03:46:13Z
LLY,2009-04-28,20.83,21.14,20.68,20.75,12213117,33.2,33.69,32.96,33.07,7663400,2026-02-14T03:46:13Z
LLY,2009-04-29,20.93,21.17,20.68,20.99,10757275,33.36,33.73,32.96,33.45,6749900,2026-02-14T03:46:13Z
LLY,2009-04-30,20.66,21.27,20.6,21.25,13213323,32.92,33.89,32.83,33.86,8291000,2026-02-14T03:46:13Z
LLY,2009-05-01,21.01,21.07,20.47,20.66,8624782,33.49,33.58,32.62,32.92,5411800,2026-02-14T03:46:13Z
LLY,2009-05-04,21.21,21.33,20.88,20.97,8547006,33.81,33.99,33.27,33.42,5363000,2026-02-14T03:46:13Z
LLY,2009-05-05,21.67,21.83,21.3,21.65,13370946,34.54,34.79,33.95,34.5,8389900,2026-02-14T03:46:13Z
LLY,2009-05-06,21.6,22.11,21.37,21.97,9078954,34.43,35.23,34.06,35.01,5696800,2026-02-14T03:46:13Z
LLY,2009-05-07,22.49,22.56,21.67,21.79,17911055,35.85,35.96,34.53,34.73,11238700,2026-02-14T03:46:13Z
LLY,2009-05-08,22.56,23,22.43,22.79,11431276,35.95,36.65,35.75,36.32,7172800,2026-02-14T03:46:13Z
LLY,2009-05-11,22.18,22.52,21.99,22.35,10102458,35.35,35.89,35.04,35.62,6339000,2026-02-14T03:46:13Z
LLY,2009-05-12,22.53,22.76,22.16,22.34,10243506,35.9,36.27,35.31,35.6,6427500,2026-02-14T03:46:13Z
LLY,2009-05-13,22.36,22.93,22.15,22.32,9497506,35.15,36.05,34.81,35.08,6041900,2026-02-14T03:46:13Z
LLY,2009-05-14,22.34,22.55,22.27,22.44,7305440,35.12,35.44,35,35.28,4647400,2026-02-14T03:46:13Z
LLY,2009-05-15,21.74,22.37,21.66,22.33,9707389,34.17,35.17,34.05,35.1,6175400,2026-02-14T03:46:13Z
LLY,2009-05-18,22.06,22.11,21.64,21.9,8738905,34.67,34.75,34.01,34.42,5559300,2026-02-14T03:46:13Z
LLY,2009-05-19,21.97,22.17,21.85,22.15,6869090,34.53,34.85,34.34,34.81,4369800,2026-02-14T03:46:13Z
LLY,2009-05-20,22.09,22.41,21.95,22.18,7514979,34.73,35.23,34.5,34.86,4780700,2026-02-14T03:46:13Z
LLY,2009-05-21,22.02,22.34,21.74,22.34,8205541,34.62,35.12,34.18,35.12,5220000,2026-02-14T03:46:13Z
LLY,2009-05-22,21.85,22.12,21.72,22.03,5248869,34.34,34.77,34.14,34.63,3339100,2026-02-14T03:46:13Z
LLY,2009-05-26,22.17,22.22,21.66,21.78,6213580,34.85,34.92,34.05,34.23,3952800,2026-02-14T03:46:13Z
LLY,2009-05-27,21.42,22.29,21.36,22.16,8164062,33.67,35.03,33.58,34.84,5193600,2026-02-14T03:46:13Z
LLY,2009-05-28,21.49,21.71,21.36,21.42,7071552,33.78,34.12,33.57,33.67,4498600,2026-02-14T03:46:13Z
LLY,2009-05-29,21.99,22.01,21.38,21.53,7660232,34.57,34.6,33.6,33.85,4873100,2026-02-14T03:46:13Z
LLY,2009-06-01,22.04,22.3,21.81,22.2,8362101,34.65,35.06,34.28,34.89,5319600,2026-02-14T03:46:13Z
LLY,2009-06-02,22.3,22.48,21.88,21.95,8317796,35.05,35.34,34.4,34.5,5291400,2026-02-14T03:46:13Z
LLY,2009-06-03,22.01,22.18,21.82,22.11,8297020,34.6,34.87,34.3,34.75,5278200,2026-02-14T03:46:13Z
LLY,2009-06-04,21.87,22.16,21.63,22.04,7335479,34.38,34.84,34,34.65,4666500,2026-02-14T03:46:13Z
LLY,2009-06-05,22.12,22.15,21.61,21.97,8686408,34.77,34.81,33.97,34.54,5525900,2026-02-14T03:46:13Z
LLY,2009-06-08,21.69,22.15,21.44,22.14,8879433,34.1,34.81,33.7,34.8,5648700,2026-02-14T03:46:13Z
LLY,2009-06-09,21.57,21.87,21.32,21.6,6376438,33.91,34.37,33.51,33.95,4056400,2026-02-14T03:46:13Z
LLY,2009-06-10,21.57,21.77,21.38,21.71,7448818,33.91,34.22,33.6,34.12,4738600,2026-02-14T03:46:13Z
LLY,2009-06-11,21.87,22.2,21.59,21.59,9977603,34.38,34.9,33.94,33.94,6347300,2026-02-14T03:46:13Z
LLY,2009-06-12,21.81,22.16,21.67,21.88,8277996,34.29,34.84,34.07,34.39,5266100,2026-02-14T03:46:13Z
LLY,2009-06-15,20.97,21.62,20.96,21.62,11141608,32.96,33.99,32.94,33.99,7087800,2026-02-14T03:46:13Z
LLY,2009-06-16,20.98,21.33,20.85,21.08,10173774,32.98,33.53,32.78,33.14,6472100,2026-02-14T03:46:13Z
LLY,2009-06-17,21.27,21.51,20.99,20.99,7957794,33.43,33.81,32.99,32.99,5062400,2026-02-14T03:46:13Z
LLY,2009-06-18,21.53,21.74,21.18,21.27,7658212,33.85,34.18,33.3,33.44,4871800,2026-02-14T03:46:13Z
LLY,2009-06-19,21.44,21.81,21.38,21.68,10897179,33.71,34.28,33.6,34.08,6932300,2026-02-14T03:46:13Z
LLY,2009-06-22,21.13,21.25,20.85,21.25,12561700,33.22,33.4,32.78,33.4,7991200,2026-02-14T03:46:13Z
LLY,2009-06-23,21.35,21.48,21.09,21.15,9180137,33.56,33.76,33.15,33.25,5840000,2026-02-14T03:46:13Z
LLY,2009-06-24,21.38,21.61,21.22,21.43,9642133,33.61,33.97,33.36,33.68,6133900,2026-02-14T03:46:13Z
LLY,2009-06-25,22.48,22.53,21.15,21.22,20085161,35.33,35.41,33.25,33.35,12777300,2026-02-14T03:46:13Z
LLY,2009-06-26,22.44,22.56,21.64,22.39,29464263,35.28,35.47,34.02,35.2,18743800,2026-02-14T03:46:13Z
LLY,2009-06-29,22.28,22.46,21.97,22.46,10992608,35.03,35.3,34.53,35.3,6993000,2026-02-14T03:46:13Z
LLY,2009-06-30,22.04,22.41,21.83,22.29,10532185,34.64,35.22,34.32,35.03,6700100,2026-02-14T03:46:13Z
LLY,2009-07-01,22.24,22.42,22.04,22.11,8282721,34.96,35.24,34.64,34.76,5269100,2026-02-14T03:46:13Z
LLY,2009-07-02,21.57,22.08,21.57,22.08,7063358,33.9,34.71,33.9,34.71,4493400,2026-02-14T03:46:13Z
LLY,2009-07-06,21.36,21.61,21.17,21.43,9811770,33.57,33.97,33.27,33.68,6241800,2026-02-14T03:46:13Z
LLY,2009-07-07,21.3,21.55,21.18,21.35,9437651,33.49,33.88,33.3,33.56,6003800,2026-02-14T03:46:13Z
LLY,2009-07-08,21.26,21.59,21.02,21.02,9242872,33.42,33.93,33.04,33.04,5879900,2026-02-14T03:46:13Z
LLY,2009-07-09,20.99,21.36,20.92,21.31,8634851,33,33.58,32.88,33.5,5493100,2026-02-14T03:46:13Z
LLY,2009-07-10,21.2,21.58,20.83,20.9,21993995,33.32,33.92,32.75,32.85,13991600,2026-02-14T03:46:13Z
LLY,2009-07-13,20.95,21.28,20.48,21.25,20729994,32.93,33.45,32.19,33.4,13187500,2026-02-14T03:46:13Z
LLY,2009-07-14,20.94,21.01,20.74,20.87,15537222,32.91,33.03,32.6,32.81,9884100,2026-02-14T03:46:13Z
LLY,2009-07-15,21.3,21.35,20.76,21,11575498,33.49,33.56,32.63,33.01,7363800,2026-02-14T03:46:13Z
LLY,2009-07-16,21.48,21.57,21.23,21.23,9463884,33.76,33.91,33.37,33.37,6020500,2026-02-14T03:46:13Z
LLY,2009-07-17,21.33,21.46,21.13,21.45,6898311,33.53,33.73,33.22,33.71,4388400,2026-02-14T03:46:13Z
LLY,2009-07-20,21.45,21.59,21.08,21.48,9816969,33.72,33.93,33.14,33.76,6245100,2026-02-14T03:46:13Z
LLY,2009-07-21,21.92,21.97,21.6,21.7,10647110,34.45,34.53,33.96,34.11,6773200,2026-02-14T03:46:13Z
LLY,2009-07-22,21.5,22.18,21.49,22.17,15535820,33.79,34.87,33.78,34.85,9883200,2026-02-14T03:46:13Z
LLY,2009-07-23,21.81,21.97,21.5,21.67,10285225,34.28,34.54,33.8,34.06,6543000,2026-02-14T03:46:13Z
LLY,2009-07-24,22.06,22.11,21.52,21.72,11218155,34.68,34.76,33.82,34.14,7136500,2026-02-14T03:46:13Z
LLY,2009-07-27,22.36,22.36,21.95,22.15,7453512,35.15,35.15,34.51,34.82,4741600,2026-02-14T03:46:13Z
LLY,2009-07-28,22.31,22.47,21.96,22.27,7696693,35.07,35.32,34.52,35.01,4896300,2026-02-14T03:46:13Z
LLY,2009-07-29,22.2,22.44,22.02,22.26,6485686,34.9,35.27,34.61,34.99,4125900,2026-02-14T03:46:13Z
LLY,2009-07-30,22.3,22.68,22.21,22.41,7198885,35.05,35.65,34.91,35.22,4579600,2026-02-14T03:46:13Z
LLY,2009-07-31,22.2,22.53,22.19,22.27,9264271,34.89,35.41,34.88,35.01,5893500,2026-02-14T03:46:13Z
LLY,2009-08-03,22.24,22.67,21.99,22.48,8903638,34.96,35.63,34.57,35.33,5664100,2026-02-14T03:46:13Z
LLY,2009-08-04,22.3,22.3,22.02,22.2,6862791,35.06,35.06,34.61,34.89,4365800,2026-02-14T03:46:13Z
LLY,2009-08-05,22.07,22.44,21.95,22.36,7554912,34.7,35.27,34.5,35.14,4806100,2026-02-14T03:46:13Z
LLY,2009-08-06,21.9,22.13,21.85,22.12,7000009,34.42,34.79,34.34,34.77,4453100,2026-02-14T03:46:13Z
LLY,2009-08-07,22.2,22.3,21.99,22.1,8264984,34.89,35.06,34.57,34.74,5257800,2026-02-14T03:46:13Z
LLY,2009-08-10,21.52,21.63,21.43,21.62,14902675,33.83,34,33.68,33.98,9480400,2026-02-14T03:46:13Z
LLY,2009-08-11,21.42,21.65,21.33,21.59,9893832,33.67,34.03,33.53,33.94,6294000,2026-02-14T03:46:13Z
LLY,2009-08-12,21.26,21.57,21.24,21.56,11580675,32.94,33.42,32.9,33.4,7475900,2026-02-14T03:46:13Z
LLY,2009-08-13,21.22,21.4,20.91,21.25,9717927,32.87,33.15,32.39,32.92,6273400,2026-02-14T03:46:13Z
LLY,2009-08-14,21.23,21.28,20.92,21.25,5913093,32.88,32.97,32.4,32.91,3817200,2026-02-14T03:46:13Z
LLY,2009-08-17,21.12,21.26,20.95,21.13,6578589,32.71,32.94,32.45,32.73,4246800,2026-02-14T03:46:13Z
LLY,2009-08-18,21.2,21.31,20.81,20.81,8487941,32.84,33.01,32.23,32.23,5479400,2026-02-14T03:46:13Z
LLY,2009-08-19,21.27,21.27,20.88,20.88,9197107,32.95,32.95,32.34,32.34,5937200,2026-02-14T03:46:13Z
LLY,2009-08-20,21.4,21.48,21.19,21.41,6883737,33.15,33.27,32.82,33.16,4443800,2026-02-14T03:46:13Z
LLY,2009-08-21,21.59,21.85,21.43,21.43,8873383,33.45,33.84,33.2,33.2,5728200,2026-02-14T03:46:13Z
LLY,2009-08-24,21.77,21.88,21.55,21.67,8679265,33.73,33.9,33.38,33.57,5602900,2026-02-14T03:46:13Z
LLY,2009-08-25,21.86,22.05,21.77,21.79,8316931,33.87,34.15,33.73,33.76,5369000,2026-02-14T03:46:13Z
LLY,2009-08-26,21.72,22.05,21.69,21.78,8353519,33.65,34.15,33.6,33.74,5392600,2026-02-14T03:46:13Z
LLY,2009-08-27,22.02,22.05,21.68,21.68,9604838,34.11,34.15,33.58,33.58,6200400,2026-02-14T03:46:13Z
LLY,2009-08-28,21.69,22.09,21.55,22.02,13414750,33.6,34.22,33.38,34.11,8659900,2026-02-14T03:46:13Z
LLY,2009-08-31,21.6,21.83,21.5,21.5,9014019,33.46,33.81,33.31,33.31,5819000,2026-02-14T03:46:13Z
LLY,2009-09-01,21.23,21.66,21.14,21.5,10975129,32.88,33.55,32.74,33.3,7085000,2026-02-14T03:46:13Z
LLY,2009-09-02,21.31,21.37,21.08,21.14,11063590,33.01,33.11,32.65,32.75,7142100,2026-02-14T03:46:13Z
LLY,2009-09-03,21.07,21.32,20.96,21.28,9043318,32.64,33.03,32.47,32.97,5837900,2026-02-14T03:46:13Z
LLY,2009-09-04,21.3,21.3,21.07,21.1,6443512,33,33,32.64,32.68,4159600,2026-02-14T03:46:13Z
LLY,2009-09-08,21.19,21.47,21.07,21.43,8329024,32.83,33.25,32.64,33.2,5376800,2026-02-14T03:46:13Z
LLY,2009-09-09,21.23,21.4,21.12,21.16,9596925,32.88,33.15,32.72,32.77,6195300,2026-02-14T03:46:13Z
LLY,2009-09-10,21.19,21.43,21.14,21.41,9205041,32.82,33.2,32.75,33.17,5942300,2026-02-14T03:46:13Z
LLY,2009-09-11,21.19,21.39,21.09,21.23,11279711,32.82,33.13,32.67,32.89,7281600,2026-02-14T03:46:13Z
LLY,2009-09-14,21.39,21.52,21.31,21.51,13130956,33.13,33.33,33.01,33.32,8476700,2026-02-14T03:46:13Z
LLY,2009-09-15,21.14,21.45,21.12,21.45,11582196,32.75,33.23,32.71,33.23,7476900,2026-02-14T03:46:13Z
LLY,2009-09-16,21.22,21.27,21.1,21.21,9490523,32.87,32.95,32.68,32.86,6126600,2026-02-14T03:46:13Z
LLY,2009-09-17,21.14,21.28,21.1,21.17,10948033,32.74,32.96,32.68,32.8,7067500,2026-02-14T03:46:13Z
LLY,2009-09-18,21.21,21.35,21.19,21.3,14424582,32.86,33.07,32.83,33,9311800,2026-02-14T03:46:13Z
LLY,2009-09-21,21.21,21.32,21.14,21.3,7138245,32.86,33.03,32.75,33,4608100,2026-02-14T03:46:13Z
LLY,2009-09-22,21.15,21.32,21.1,21.26,10436514,32.77,33.02,32.69,32.94,6737300,2026-02-14T03:46:13Z
LLY,2009-09-23,20.95,21.21,20.95,21.21,9958019,32.45,32.85,32.45,32.85,6428400,2026-02-14T03:46:13Z
LLY,2009-09-24,20.92,21.13,20.85,21.03,10747125,32.4,32.73,32.3,32.57,6937800,2026-02-14T03:46:13Z
LLY,2009-09-25,21.1,21.22,20.9,20.9,9777077,32.68,32.87,32.38,32.38,6311600,2026-02-14T03:46:13Z
LLY,2009-09-28,21.33,21.53,21.13,21.13,8675381,33.04,33.35,32.73,32.73,5600400,2026-02-14T03:46:13Z
LLY,2009-09-29,21.57,21.66,21.25,21.42,14370677,33.42,33.55,32.92,33.18,9277000,2026-02-14T03:46:13Z
LLY,2009-09-30,21.32,21.64,21.14,21.64,10191162,33.03,33.52,32.75,33.52,6578900,2026-02-14T03:46:13Z
LLY,2009-10-01,21.08,21.32,21.05,21.28,10100074,32.65,33.03,32.6,32.97,6520100,2026-02-14T03:46:13Z
LLY,2009-10-02,20.99,21.08,20.85,20.98,8920932,32.51,32.66,32.3,32.5,5758900,2026-02-14T03:46:13Z
LLY,2009-10-05,20.96,21.08,20.83,21.05,7827127,32.47,32.66,32.27,32.61,5052800,2026-02-14T03:46:13Z
LLY,2009-10-06,21.32,21.42,20.99,21.08,7480275,33.02,33.18,32.52,32.65,4828900,2026-02-14T03:46:13Z
LLY,2009-10-07,21.38,21.38,21.21,21.3,8454967,33.12,33.12,32.85,33,5458100,2026-02-14T03:46:13Z
LLY,2009-10-08,21.54,21.64,21.43,21.45,7757123,33.36,33.52,33.19,33.23,5007600,2026-02-14T03:46:13Z
LLY,2009-10-09,21.81,21.88,21.39,21.56,8430942,33.78,33.89,33.14,33.39,5442600,2026-02-14T03:46:13Z
LLY,2009-10-12,21.86,21.99,21.79,21.88,6558276,33.87,34.06,33.75,33.9,4233700,2026-02-14T03:46:13Z
LLY,2009-10-13,21.54,21.85,21.5,21.83,8329040,33.36,33.85,33.3,33.81,5376800,2026-02-14T03:46:13Z
LLY,2009-10-14,21.9,22,21.55,21.68,10492629,33.92,34.08,33.38,33.59,6773500,2026-02-14T03:46:13Z
LLY,2009-10-15,22.27,22.28,21.79,21.81,10670424,34.5,34.51,33.75,33.79,6888300,2026-02-14T03:46:13Z
LLY,2009-10-16,22.23,22.32,22.12,22.12,10452191,34.44,34.58,34.26,34.26,6747400,2026-02-14T03:46:13Z
LLY,2009-10-19,22.78,22.95,22.31,22.41,14739991,35.28,35.55,34.56,34.72,9515400,2026-02-14T03:46:13Z
LLY,2009-10-20,22.75,23,22.49,22.72,18770490,35.24,35.63,34.84,35.19,12117300,2026-02-14T03:46:13Z
LLY,2009-10-21,21.73,22.92,21.61,22.85,27640478,33.66,35.51,33.48,35.4,17843300,2026-02-14T03:46:13Z
LLY,2009-10-22,22.01,22.03,21.59,21.93,15549258,34.1,34.13,33.45,33.97,10037800,2026-02-14T03:46:13Z
LLY,2009-10-23,21.92,22.13,21.82,22.1,12187115,33.96,34.28,33.8,34.23,7867400,2026-02-14T03:46:13Z
LLY,2009-10-26,21.89,22.21,21.77,21.98,12402292,33.91,34.4,33.73,34.05,8006300,2026-02-14T03:46:13Z
LLY,2009-10-27,22.06,22.23,21.87,21.95,10281620,34.18,34.43,33.88,34,6637300,2026-02-14T03:46:13Z
LLY,2009-10-28,21.95,22.19,21.95,22.05,12236387,34,34.37,34,34.16,7899200,2026-02-14T03:46:13Z
LLY,2009-10-29,22.04,22.05,21.76,22.05,11154816,34.14,34.15,33.7,34.15,7201000,2026-02-14T03:46:13Z
LLY,2009-10-30,21.96,22.16,21.76,21.99,13429357,34.01,34.33,33.7,34.07,8669300,2026-02-14T03:46:13Z
LLY,2009-11-02,21.98,22.07,21.83,22.07,10843609,34.05,34.19,33.82,34.19,7000100,2026-02-14T03:46:13Z
LLY,2009-11-03,21.65,21.95,21.55,21.88,11147418,33.54,34,33.38,33.9,7196200,2026-02-14T03:46:13Z
LLY,2009-11-04,21.94,22.19,21.72,21.83,8931758,33.98,34.38,33.65,33.82,5765900,2026-02-14T03:46:13Z
LLY,2009-11-05,22.23,22.34,21.96,22.04,7516377,34.43,34.6,34.01,34.14,4852200,2026-02-14T03:46:13Z
LLY,2009-11-06,22.27,22.29,22.05,22.2,13983719,34.5,34.53,34.16,34.39,9027200,2026-02-14T03:46:13Z
LLY,2009-11-09,22.8,22.84,22.34,22.44,9014028,35.32,35.38,34.61,34.76,5819000,2026-02-14T03:46:13Z
LLY,2009-11-10,23.08,23.14,22.71,22.75,9232353,35.25,35.34,34.69,34.75,6043800,2026-02-14T03:46:13Z
LLY,2009-11-11,23.04,23.17,22.82,23.12,9416129,35.19,35.4,34.86,35.31,6164100,2026-02-14T03:46:13Z
LLY,2009-11-12,22.9,23.17,22.85,22.93,7983883,34.98,35.4,34.91,35.02,5226500,2026-02-14T03:46:13Z
LLY,2009-11-13,23.15,23.25,22.88,22.97,7667662,35.36,35.52,34.95,35.09,5019500,2026-02-14T03:46:13Z
LLY,2009-11-16,23.49,23.61,23.08,23.17,11259934,35.89,36.06,35.25,35.39,7371100,2026-02-14T03:46:13Z
LLY,2009-11-17,23.53,23.53,23.29,23.5,7302720,35.94,35.95,35.58,35.89,4780600,2026-02-14T03:46:13Z
LLY,2009-11-18,23.7,23.71,23.26,23.57,8774556,36.21,36.22,35.53,36,5744100,2026-02-14T03:46:13Z
LLY,2009-11-19,23.65,23.7,23.08,23.61,10802560,36.12,36.21,35.26,36.07,7071700,2026-02-14T03:46:13Z
LLY,2009-11-20,23.95,24.03,23.57,23.59,11182917,36.59,36.7,36,36.04,7320700,2026-02-14T03:46:13Z
LLY,2009-11-23,24.09,24.34,23.98,23.98,7835107,36.8,37.18,36.63,36.63,5129100,2026-02-14T03:46:13Z
LLY,2009-11-24,24.42,24.48,24.04,24.15,12263517,37.3,37.4,36.72,36.89,8028100,2026-02-14T03:46:13Z
LLY,2009-11-25,24.48,24.58,24.35,24.51,7811118,37.4,37.54,37.2,37.44,5113400,2026-02-14T03:46:13Z
LLY,2009-11-27,24.16,24.25,23.87,24.16,4644445,36.9,37.04,36.46,36.91,3040400,2026-02-14T03:46:13Z
LLY,2009-11-30,24.04,24.22,23.94,24.21,10205136,36.73,37,36.57,36.98,6680600,2026-02-14T03:46:13Z
LLY,2009-12-01,24.28,24.54,24.01,24.1,10329620,37.09,37.48,36.67,36.82,6762100,2026-02-14T03:46:13Z
LLY,2009-12-02,24.56,24.65,24.28,24.28,10111501,37.51,37.66,37.09,37.09,6619300,2026-02-14T03:46:13Z
LLY,2009-12-03,24.48,24.87,24.42,24.54,9718910,37.4,37.99,37.31,37.49,6362300,2026-02-14T03:46:13Z
LLY,2009-12-04,24.48,24.88,24.39,24.72,7639403,37.39,38,37.25,37.76,5001000,2026-02-14T03:46:13Z
LLY,2009-12-07,24.27,24.73,24.24,24.5,8672508,37.07,37.78,37.03,37.43,5677300,2026-02-14T03:46:13Z
LLY,2009-12-08,23.9,24.44,23.86,24.24,10969374,36.51,37.33,36.44,37.02,7180900,2026-02-14T03:46:13Z
LLY,2009-12-09,23.93,24.06,23.72,23.89,10004724,36.56,36.75,36.23,36.5,6549400,2026-02-14T03:46:13Z
LLY,2009-12-10,22.93,23.59,22.76,23.43,33497314,35.02,36.04,34.76,35.79,21928400,2026-02-14T03:46:13Z
LLY,2009-12-11,22.89,23.17,22.57,23.07,19186031,34.97,35.39,34.47,35.24,12559800,2026-02-14T03:46:13Z
LLY,2009-12-14,23.32,23.44,22.98,23.07,9988661,35.62,35.81,35.11,35.24,6538900,2026-02-14T03:46:13Z
LLY,2009-12-15,23.4,23.43,23.06,23.29,9275896,35.75,35.79,35.23,35.58,6072300,2026-02-14T03:46:13Z
LLY,2009-12-16,23.38,23.61,23.38,23.53,11109451,35.71,36.06,35.71,35.94,7272600,2026-02-14T03:46:13Z
LLY,2009-12-17,23.21,23.41,23.12,23.36,8124413,35.45,35.76,35.32,35.68,5318500,2026-02-14T03:46:13Z
