ticker,tradeDate,clsPx,hiPx,loPx,open,stockVolume,unadjClsPx,unadjHiPx,unadjLoPx,unadjOpen,unadjStockVolume,updatedAt
LOW,2006-01-03,23.77,23.89,23.14,23.61,11156793,67.07,67.41,65.3,66.61,3953700,2026-01-24T03:45:13Z
LOW,2006-01-04,23.47,23.56,23.3,23.35,13082977,66.24,66.48,65.76,65.9,4636300,2026-01-24T03:45:13Z
LOW,2006-01-05,23.2,23.57,23.14,23.47,9099373,65.47,66.5,65.3,66.24,3224600,2026-01-24T03:45:13Z
LOW,2006-01-06,22.93,23.28,22.83,23.28,15008369,64.7,65.7,64.42,65.7,5318600,2026-01-24T03:45:13Z
LOW,2006-01-09,23.06,23.13,22.8,22.86,11905993,65.08,65.27,64.33,64.52,4219200,2026-01-24T03:45:13Z
LOW,2006-01-10,23.37,23.41,22.91,22.91,9250890,65.94,66.06,64.65,64.65,3278300,2026-01-24T03:45:13Z
LOW,2006-01-11,23.69,23.78,23.34,23.36,10498142,66.85,67.11,65.85,65.91,3720300,2026-01-24T03:45:13Z
LOW,2006-01-12,23.51,23.81,23.39,23.69,8343398,66.34,67.19,66,66.85,2956700,2026-01-24T03:45:13Z
LOW,2006-01-13,23.47,23.64,23.38,23.56,6392353,66.24,66.72,65.96,66.49,2265300,2026-01-24T03:45:13Z
LOW,2006-01-17,23.15,23.31,23.01,23.01,8411117,65.33,65.79,64.93,64.93,2980700,2026-01-24T03:45:13Z
LOW,2006-01-18,22.93,23.26,22.7,23.16,9910002,64.65,65.58,64,65.28,3515100,2026-01-24T03:45:13Z
LOW,2006-01-19,22.95,23.18,22.74,23,7900986,64.71,65.35,64.12,64.85,2802500,2026-01-24T03:45:13Z
LOW,2006-01-20,22.39,23.02,22.38,23.02,15094386,63.13,64.91,63.1,64.9,5354000,2026-01-24T03:45:13Z
LOW,2006-01-23,22.44,22.59,22.36,22.51,10999065,63.26,63.7,63.05,63.47,3901400,2026-01-24T03:45:13Z
LOW,2006-01-24,22.76,22.82,22.45,22.53,10905505,64.17,64.33,63.29,63.51,3868200,2026-01-24T03:45:13Z
LOW,2006-01-25,22.63,22.97,22.49,22.81,9199852,63.79,64.75,63.4,64.3,3263200,2026-01-24T03:45:13Z
LOW,2006-01-26,23.12,23.23,22.75,22.84,10618219,65.19,65.48,64.14,64.4,3766300,2026-01-24T03:45:13Z
LOW,2006-01-27,23.09,23.51,22.98,23.06,9696568,65.11,66.27,64.78,65,3439400,2026-01-24T03:45:13Z
LOW,2006-01-30,22.69,23.16,22.67,23.06,7352379,63.98,65.29,63.9,65.02,2607900,2026-01-24T03:45:13Z
LOW,2006-01-31,22.54,22.77,22.43,22.67,11224921,63.55,64.19,63.25,63.9,3981500,2026-01-24T03:45:13Z
LOW,2006-02-01,22.46,22.77,22.33,22.77,11396879,63.33,64.2,62.95,64.2,4042500,2026-01-24T03:45:13Z
LOW,2006-02-02,22.76,22.89,22.37,22.55,13026725,64.17,64.54,63.06,63.58,4620600,2026-01-24T03:45:13Z
LOW,2006-02-03,22.53,22.85,22.46,22.58,7976826,63.52,64.43,63.33,63.65,2829400,2026-01-24T03:45:13Z
LOW,2006-02-06,22.32,22.46,22.19,22.41,7493315,62.92,63.32,62.55,63.17,2657900,2026-01-24T03:45:13Z
LOW,2006-02-07,21.95,22.34,21.93,22.12,10748463,61.87,62.97,61.83,62.36,3812500,2026-01-24T03:45:13Z
LOW,2006-02-08,22.17,22.23,21.69,21.82,10089303,62.5,62.67,61.16,61.52,3578700,2026-01-24T03:45:13Z
LOW,2006-02-09,22.17,22.42,22.01,22.16,6891129,62.5,63.22,62.04,62.47,2444300,2026-01-24T03:45:13Z
LOW,2006-02-10,22.21,22.35,21.7,22.19,9046765,62.62,63.01,61.17,62.55,3208900,2026-01-24T03:45:13Z
LOW,2006-02-13,22.54,22.61,22.16,22.22,7978795,63.56,63.74,62.47,62.65,2830100,2026-01-24T03:45:13Z
LOW,2006-02-14,23.23,23.25,22.53,22.68,13850774,65.48,65.54,63.52,63.93,4912900,2026-01-24T03:45:13Z
LOW,2006-02-15,23.42,23.43,22.88,22.88,14009800,66.04,66.05,64.5,64.5,4969300,2026-01-24T03:45:13Z
LOW,2006-02-16,23.64,23.68,23.45,23.54,9519556,66.64,66.76,66.1,66.37,3376600,2026-01-24T03:45:13Z
LOW,2006-02-17,23.51,23.64,23.34,23.64,6475576,66.27,66.64,65.8,66.64,2296900,2026-01-24T03:45:13Z
LOW,2006-02-21,23.25,23.79,23.06,23.75,9193639,65.55,67.06,65,66.95,3261000,2026-01-24T03:45:13Z
LOW,2006-02-22,23.41,23.54,23.3,23.4,7630625,65.99,66.35,65.7,65.98,2706600,2026-01-24T03:45:13Z
LOW,2006-02-23,23.22,23.52,23.16,23.43,8835319,65.47,66.3,65.3,66.06,3133900,2026-01-24T03:45:13Z
LOW,2006-02-24,23.24,23.27,22.92,23.22,7513622,65.52,65.61,64.61,65.47,2665100,2026-01-24T03:45:13Z
LOW,2006-02-27,24.58,24.67,24.03,24.23,31854278,69.3,69.56,67.75,68.3,11298800,2026-01-24T03:45:13Z
LOW,2006-02-28,24.18,24.7,24.16,24.53,12062793,68.18,69.65,68.11,69.15,4278700,2026-01-24T03:45:13Z
LOW,2006-03-01,24.23,24.26,23.77,24.18,13130762,68.32,68.4,67,68.18,4657500,2026-01-24T03:45:13Z
LOW,2006-03-02,24.21,24.34,23.96,24.01,13644670,68.26,68.62,67.56,67.7,4839800,2026-01-24T03:45:13Z
LOW,2006-03-03,23.9,24.13,23.87,24.01,9508249,67.39,68.02,67.29,67.7,3372600,2026-01-24T03:45:13Z
LOW,2006-03-06,23.65,23.89,23.64,23.82,10812187,66.68,67.35,66.65,67.16,3835100,2026-01-24T03:45:13Z
LOW,2006-03-07,23.38,23.47,23.25,23.47,14730365,65.92,66.18,65.56,66.16,5224900,2026-01-24T03:45:13Z
LOW,2006-03-08,23.65,23.9,23.28,23.42,12444239,66.67,67.39,65.62,66.02,4414000,2026-01-24T03:45:13Z
LOW,2006-03-09,23.2,23.75,23.09,23.68,12221814,65.4,66.95,65.1,66.75,4335100,2026-01-24T03:45:13Z
LOW,2006-03-10,23.2,23.3,23.11,23.23,10939045,65.4,65.69,65.16,65.5,3880100,2026-01-24T03:45:13Z
LOW,2006-03-13,23.36,23.47,23.23,23.34,7200418,65.85,66.18,65.5,65.8,2554000,2026-01-24T03:45:13Z
LOW,2006-03-14,23.95,24.1,23.34,23.36,11465414,67.51,67.94,65.81,65.85,4066800,2026-01-24T03:45:13Z
LOW,2006-03-15,23.93,23.98,23.59,23.87,9467664,67.46,67.61,66.51,67.3,3358200,2026-01-24T03:45:13Z
LOW,2006-03-16,24.05,24.2,24.02,24.1,10105099,67.8,68.22,67.72,67.95,3584300,2026-01-24T03:45:13Z
LOW,2006-03-17,24.34,24.41,24.03,24.14,13136658,68.63,68.81,67.75,68.05,4659600,2026-01-24T03:45:13Z
LOW,2006-03-20,24.12,24.42,24.04,24.24,7427090,68,68.85,67.76,68.33,2634400,2026-01-24T03:45:13Z
LOW,2006-03-21,23.99,24.12,23.79,24.11,7306991,67.64,67.99,67.06,67.98,2591800,2026-01-24T03:45:13Z
LOW,2006-03-22,23.85,23.98,23.73,23.94,6752149,67.25,67.6,66.91,67.5,2395000,2026-01-24T03:45:13Z
LOW,2006-03-23,23.61,24.1,23.61,23.91,9341367,66.57,67.94,66.57,67.42,3313400,2026-01-24T03:45:13Z
LOW,2006-03-24,23.47,23.63,23.25,23.61,7014334,66.16,66.61,65.56,66.57,2488000,2026-01-24T03:45:13Z
LOW,2006-03-27,23.37,23.79,23.37,23.79,8174454,65.9,67.07,65.88,67.07,2899500,2026-01-24T03:45:13Z
LOW,2006-03-28,23.3,23.55,23.2,23.43,10417769,65.68,66.4,65.4,66.05,3695200,2026-01-24T03:45:13Z
LOW,2006-03-29,23.3,23.58,23.27,23.34,5774700,65.69,66.49,65.61,65.8,2048300,2026-01-24T03:45:13Z
LOW,2006-03-30,22.97,23.45,22.97,23.21,9179515,64.77,66.1,64.75,65.44,3256000,2026-01-24T03:45:13Z
LOW,2006-03-31,22.86,23.16,22.84,23.06,10893932,64.44,65.29,64.4,65.02,3864100,2026-01-24T03:45:13Z
LOW,2006-04-03,22.76,23.04,22.66,23.04,16088981,64.18,64.95,63.87,64.95,5706800,2026-01-24T03:45:13Z
LOW,2006-04-04,23.24,23.27,22.9,22.95,9910021,65.51,65.6,64.55,64.7,3515100,2026-01-24T03:45:13Z
LOW,2006-04-05,23.66,23.75,23.27,23.27,13110172,66.7,66.96,65.59,65.61,4650200,2026-01-24T03:45:13Z
LOW,2006-04-06,23.55,23.68,23.39,23.48,6844327,66.39,66.76,65.95,66.21,2427700,2026-01-24T03:45:13Z
LOW,2006-04-07,23.19,23.69,23.09,23.51,8613978,65.39,66.79,65.11,66.29,3055400,2026-01-24T03:45:13Z
LOW,2006-04-10,23.12,23.3,23.06,23.18,5104009,65.17,65.7,65,65.35,1810400,2026-01-24T03:45:13Z
LOW,2006-04-11,22.95,23.25,22.77,23.12,10707588,64.7,65.55,64.21,65.17,3798000,2026-01-24T03:45:13Z
LOW,2006-04-12,22.75,22.91,22.6,22.91,5466850,64.15,64.6,63.71,64.59,1939100,2026-01-24T03:45:13Z
LOW,2006-04-13,22.8,22.93,22.72,22.74,6723388,64.29,64.66,64.05,64.11,2384800,2026-01-24T03:45:13Z
LOW,2006-04-17,22.53,22.84,22.45,22.81,10719713,63.51,64.39,63.29,64.3,3802300,2026-01-24T03:45:13Z
LOW,2006-04-18,22.75,22.88,22.53,22.53,16005293,64.13,64.5,63.51,63.51,5677100,2026-01-24T03:45:13Z
LOW,2006-04-19,22.65,22.75,22.38,22.69,10373920,63.8,64.08,63.04,63.9,3683100,2026-01-24T03:45:13Z
LOW,2006-04-20,22.62,22.65,22.47,22.55,11860818,63.7,63.8,63.29,63.5,4211000,2026-01-24T03:45:13Z
LOW,2006-04-21,22.47,22.86,22.33,22.85,17674324,63.28,64.4,62.9,64.35,6275000,2026-01-24T03:45:13Z
LOW,2006-04-24,22.31,22.54,22.24,22.52,12106438,62.83,63.49,62.64,63.43,4298200,2026-01-24T03:45:13Z
LOW,2006-04-25,22.22,22.45,22.14,22.31,9729198,62.59,63.24,62.37,62.83,3454200,2026-01-24T03:45:13Z
LOW,2006-04-26,22.32,22.66,22.2,22.39,10155900,62.86,63.83,62.53,63.05,3605700,2026-01-24T03:45:13Z
LOW,2006-04-27,22.49,22.81,22.12,22.32,20135538,63.35,64.25,62.3,62.87,7148800,2026-01-24T03:45:13Z
LOW,2006-04-28,22.38,22.64,22.3,22.37,11560016,63.05,63.77,62.8,63,4104200,2026-01-24T03:45:13Z
LOW,2006-05-01,22.56,22.81,22.52,22.52,9736254,63.55,64.24,63.42,63.42,3456700,2026-01-24T03:45:13Z
LOW,2006-05-02,22.26,22.62,22.2,22.56,9289827,62.7,63.71,62.53,63.55,3298200,2026-01-24T03:45:13Z
LOW,2006-05-03,22.14,22.29,22.02,22.17,7627146,62.35,62.79,62.01,62.45,2707900,2026-01-24T03:45:13Z
LOW,2006-05-04,22.27,22.4,22.09,22.21,5440306,62.74,63.08,62.21,62.55,1931500,2026-01-24T03:45:13Z
LOW,2006-05-05,23.19,23.19,22.54,22.54,11372442,65.32,65.33,63.48,63.48,4037600,2026-01-24T03:45:13Z
LOW,2006-05-08,23.07,23.31,23.04,23.08,6864400,64.97,65.66,64.89,65,2437100,2026-01-24T03:45:13Z
LOW,2006-05-09,23.23,23.33,23.03,23.07,6173486,65.43,65.7,64.86,64.98,2191800,2026-01-24T03:45:13Z
LOW,2006-05-10,22.89,23.28,22.79,23.11,6543032,64.46,65.58,64.2,65.08,2323000,2026-01-24T03:45:13Z
LOW,2006-05-11,22.83,23.01,22.76,22.96,7904009,64.31,64.82,64.11,64.67,2806200,2026-01-24T03:45:13Z
LOW,2006-05-12,22.46,22.84,22.24,22.83,9374595,63.27,64.32,62.65,64.31,3328300,2026-01-24T03:45:13Z
LOW,2006-05-15,22.45,22.77,22.28,22.45,10771339,63.24,64.13,62.75,63.24,3824200,2026-01-24T03:45:13Z
LOW,2006-05-16,22.19,22.53,22.16,22.44,12002781,62.51,63.46,62.42,63.2,4261400,2026-01-24T03:45:13Z
LOW,2006-05-17,21.75,22.18,21.75,22.11,11262319,61.27,62.47,61.25,62.28,3998500,2026-01-24T03:45:13Z
LOW,2006-05-18,21.83,22.14,21.69,21.84,11139773,61.5,62.36,61.1,61.52,3955000,2026-01-24T03:45:13Z
LOW,2006-05-19,22.24,22.26,21.76,21.98,12319963,62.64,62.7,61.3,61.9,4374000,2026-01-24T03:45:13Z
LOW,2006-05-22,21.24,22.19,20.95,22.03,29669179,59.82,62.51,59,62.05,10533600,2026-01-24T03:45:13Z
LOW,2006-05-23,21.09,21.43,21.09,21.37,15811984,59.41,60.36,59.39,60.18,5613800,2026-01-24T03:45:13Z
LOW,2006-05-24,21.54,21.66,21,21.15,20319707,60.66,61,59.14,59.57,7214200,2026-01-24T03:45:13Z
LOW,2006-05-25,22.03,22.1,21.74,21.87,17883927,62.04,62.25,61.23,61.6,6349400,2026-01-24T03:45:13Z
LOW,2006-05-26,21.96,22.21,21.9,22.07,7942039,61.85,62.55,61.68,62.15,2819700,2026-01-24T03:45:13Z
LOW,2006-05-30,21.65,21.73,21.53,21.73,11014450,60.99,61.21,60.65,61.2,3910500,2026-01-24T03:45:13Z
LOW,2006-05-31,22.11,22.11,21.77,21.8,10778693,62.28,62.29,61.31,61.4,3826800,2026-01-24T03:45:13Z
LOW,2006-06-01,22.53,22.55,22,22.05,14294096,63.46,63.51,61.98,62.1,5074900,2026-01-24T03:45:13Z
LOW,2006-06-02,22.53,22.73,22.2,22.55,11373535,63.46,64.01,62.54,63.53,4038000,2026-01-24T03:45:13Z
LOW,2006-06-05,22.05,22.52,22.03,22.37,10347464,62.12,63.42,62.05,63,3673700,2026-01-24T03:45:13Z
LOW,2006-06-06,21.84,22.23,21.61,22.14,16407116,61.51,62.6,60.87,62.37,5825100,2026-01-24T03:45:13Z
LOW,2006-06-07,21.65,21.96,21.6,21.84,11444269,60.99,61.85,60.84,61.51,4063100,2026-01-24T03:45:13Z
LOW,2006-06-08,22.05,22.19,21.44,21.44,15574291,62.12,62.5,60.4,60.4,5529400,2026-01-24T03:45:13Z
LOW,2006-06-09,22.09,22.19,21.97,22.06,9123337,62.23,62.5,61.87,62.13,3239100,2026-01-24T03:45:13Z
LOW,2006-06-12,21.76,22.16,21.73,22.08,10049451,61.3,62.43,61.2,62.2,3567900,2026-01-24T03:45:13Z
LOW,2006-06-13,21.93,22.14,21.66,21.76,12653717,61.76,62.35,61,61.3,4492500,2026-01-24T03:45:13Z
LOW,2006-06-14,22.11,22.28,21.84,21.93,12573988,62.27,62.76,61.51,61.76,4464200,2026-01-24T03:45:13Z
LOW,2006-06-15,22.41,22.54,22.11,22.13,15027573,63.13,63.49,62.29,62.34,5335300,2026-01-24T03:45:13Z
LOW,2006-06-16,22.1,22.52,22.02,22.38,12384457,62.24,63.42,62.01,63.04,4396900,2026-01-24T03:45:13Z
LOW,2006-06-19,21.86,22.27,21.8,22.17,7725455,61.58,62.72,61.4,62.45,2742800,2026-01-24T03:45:13Z
LOW,2006-06-20,21.72,22.01,21.62,21.96,10342120,61.19,62,60.91,61.85,3671800,2026-01-24T03:45:13Z
LOW,2006-06-21,21.94,22.12,21.59,21.64,8131597,61.81,62.3,60.8,60.95,2887000,2026-01-24T03:45:13Z
LOW,2006-06-22,21.71,22.23,21.64,22.23,8511590,61.15,62.62,60.96,62.62,3021900,2026-01-24T03:45:13Z
LOW,2006-06-23,21.61,21.79,21.54,21.57,7965704,60.86,61.38,60.67,60.75,2828100,2026-01-24T03:45:13Z
LOW,2006-06-26,22.02,22.08,21.59,21.59,7097053,62.01,62.19,60.81,60.81,2519700,2026-01-24T03:45:13Z
LOW,2006-06-27,21.66,22.08,21.59,21.96,6984111,61,62.18,60.81,61.85,2479600,2026-01-24T03:45:13Z
LOW,2006-06-28,21.49,21.77,21.32,21.73,6567246,60.54,61.31,60.06,61.2,2331600,2026-01-24T03:45:13Z
LOW,2006-06-29,21.94,21.94,21.57,21.71,8420301,61.79,61.79,60.76,61.15,2989500,2026-01-24T03:45:13Z
LOW,2006-06-30,21.54,22,21.44,21.94,11015006,60.67,61.96,60.39,61.79,3910700,2026-01-24T03:45:13Z
LOW,2006-07-03,21.6,22.12,21.42,21.73,3918069,30.42,31.15,30.17,30.6,2782100,2026-01-24T03:45:13Z
LOW,2006-07-05,21.59,21.71,21.41,21.61,10255340,30.41,30.57,30.15,30.43,7282000,2026-01-24T03:45:13Z
LOW,2006-07-06,21.5,21.71,21.42,21.69,10135347,30.28,30.58,30.16,30.55,7196800,2026-01-24T03:45:13Z
LOW,2006-07-07,20.56,21.34,20.39,21.27,16613594,28.96,30.06,28.72,29.96,11796800,2026-01-24T03:45:13Z
LOW,2006-07-10,20.38,20.76,20.3,20.7,9214025,28.7,29.24,28.59,29.15,6542600,2026-01-24T03:45:13Z
LOW,2006-07-11,20.26,20.59,19.82,20.59,14617853,28.53,29,27.91,28.99,10379700,2026-01-24T03:45:13Z
LOW,2006-07-12,19.48,20.28,19.43,20.27,17629124,27.44,28.56,27.37,28.55,12517900,2026-01-24T03:45:13Z
LOW,2006-07-13,19.85,19.87,19.1,19.56,25268847,27.96,27.98,26.9,27.55,17942600,2026-01-24T03:45:13Z
LOW,2006-07-14,19.8,20.05,19.41,19.78,16359556,27.88,28.24,27.34,27.86,11616400,2026-01-24T03:45:13Z
LOW,2006-07-17,19.84,20.09,19.6,19.8,11387782,27.94,28.3,27.6,27.89,8086100,2026-01-24T03:45:13Z
LOW,2006-07-18,19.72,20.06,19.48,19.88,13128876,27.77,28.25,27.43,28,9322400,2026-01-24T03:45:13Z
LOW,2006-07-19,20.4,20.55,19.61,19.74,15490559,28.68,28.89,27.57,27.75,11019200,2026-01-24T03:45:13Z
LOW,2006-07-20,20.04,20.49,20.02,20.31,13661649,28.17,28.8,28.14,28.55,9718200,2026-01-24T03:45:13Z
LOW,2006-07-21,20,20.11,19.76,20.05,9891638,28.11,28.27,27.78,28.19,7036400,2026-01-24T03:45:13Z
LOW,2006-07-24,20.52,20.62,20,20,11364474,28.85,28.99,28.11,28.11,8084100,2026-01-24T03:45:13Z
LOW,2006-07-25,20.85,20.94,20.35,20.46,9892209,29.31,29.44,28.61,28.77,7036800,2026-01-24T03:45:13Z
LOW,2006-07-26,20.45,20.75,20.37,20.69,8246860,28.75,29.17,28.63,29.09,5866400,2026-01-24T03:45:13Z
LOW,2006-07-27,20.24,20.64,20.18,20.49,8755749,28.45,29.01,28.37,28.8,6228400,2026-01-24T03:45:13Z
LOW,2006-07-28,20.42,20.64,20.22,20.34,8324190,28.7,29.02,28.43,28.6,5921400,2026-01-24T03:45:13Z
LOW,2006-07-31,20.17,20.51,20.14,20.35,9662460,28.35,28.83,28.32,28.61,6873400,2026-01-24T03:45:13Z
LOW,2006-08-01,20.02,20.17,19.92,20.17,7809940,28.15,28.36,28,28.35,5555600,2026-01-24T03:45:13Z
LOW,2006-08-02,20.27,20.27,19.64,19.81,12139578,28.5,28.5,27.61,27.85,8635500,2026-01-24T03:45:13Z
LOW,2006-08-03,20.64,20.74,19.82,19.85,11650700,29.01,29.15,27.86,27.9,8287700,2026-01-24T03:45:13Z
LOW,2006-08-04,20.47,21.23,20,20.98,14583997,28.78,29.84,28.12,29.5,10374300,2026-01-24T03:45:13Z
LOW,2006-08-07,20.38,20.52,20.13,20.4,6205096,28.65,28.84,28.3,28.68,4414000,2026-01-24T03:45:13Z
LOW,2006-08-08,20.14,20.43,20.01,20.35,8269776,28.31,28.72,28.13,28.61,5882700,2026-01-24T03:45:13Z
LOW,2006-08-09,19.48,20.19,19.36,20.19,15155671,27.39,28.38,27.21,28.38,10781000,2026-01-24T03:45:13Z
LOW,2006-08-10,19.93,19.93,19.39,19.42,10419779,28.02,28.02,27.26,27.3,7412100,2026-01-24T03:45:13Z
LOW,2006-08-11,19.99,20.04,19.7,19.78,8122879,28.1,28.17,27.7,27.8,5778200,2026-01-24T03:45:13Z
LOW,2006-08-14,19.99,20.42,19.92,20.24,7354198,28.1,28.71,28,28.45,5231400,2026-01-24T03:45:13Z
LOW,2006-08-15,20.37,20.61,20.07,20.28,10770962,28.64,28.98,28.21,28.51,7661900,2026-01-24T03:45:13Z
LOW,2006-08-16,20.52,20.57,20.09,20.56,7197739,28.85,28.92,28.24,28.9,5120100,2026-01-24T03:45:13Z
LOW,2006-08-17,20.95,21.2,20.34,20.45,10397863,29.45,29.8,28.6,28.75,7396500,2026-01-24T03:45:13Z
LOW,2006-08-18,21,21.3,20.91,21.13,10188258,29.52,29.95,29.4,29.7,7247400,2026-01-24T03:45:13Z
LOW,2006-08-21,20.17,20.33,19.85,20.06,22245841,28.35,28.58,27.9,28.2,15824600,2026-01-24T03:45:13Z
LOW,2006-08-22,19.86,20.14,19.83,20.14,14776124,27.92,28.32,27.88,28.31,10511000,2026-01-24T03:45:13Z
LOW,2006-08-23,19.28,19.84,19.25,19.74,19616923,27.11,27.89,27.06,27.75,13954500,2026-01-24T03:45:13Z
LOW,2006-08-24,18.76,19.56,18.64,19.56,28952834,26.37,27.5,26.2,27.5,20595600,2026-01-24T03:45:13Z
LOW,2006-08-25,19.03,19.1,18.6,18.6,15946871,26.75,26.85,26.15,26.15,11343800,2026-01-24T03:45:13Z
LOW,2006-08-28,19.3,19.45,19.04,19.1,13055052,27.13,27.35,26.77,26.85,9286700,2026-01-24T03:45:13Z
LOW,2006-08-29,19.37,19.46,19.18,19.31,12672141,27.23,27.36,26.96,27.14,9014300,2026-01-24T03:45:13Z
LOW,2006-08-30,19.38,19.58,19.29,19.5,9196732,27.25,27.53,27.12,27.41,6542100,2026-01-24T03:45:13Z
LOW,2006-08-31,19.25,19.38,19.19,19.35,9443748,27.06,27.24,26.98,27.2,6717800,2026-01-24T03:45:13Z
LOW,2006-09-01,19.44,19.56,19.25,19.26,9327052,27.33,27.5,27.06,27.08,6634800,2026-01-24T03:45:13Z
LOW,2006-09-05,19.79,19.84,19.31,19.31,11602760,27.82,27.89,27.15,27.15,8253600,2026-01-24T03:45:13Z
LOW,2006-09-06,19.53,19.78,19.42,19.78,10601703,27.45,27.81,27.3,27.8,7541500,2026-01-24T03:45:13Z
LOW,2006-09-07,19.27,19.56,19.14,19.37,13024371,27.09,27.5,26.9,27.23,9264900,2026-01-24T03:45:13Z
LOW,2006-09-08,19.38,19.46,19.24,19.34,7943055,27.24,27.36,27.05,27.19,5650300,2026-01-24T03:45:13Z
LOW,2006-09-11,19.82,19.88,19.04,19.04,11099606,27.86,27.95,26.76,26.76,7895700,2026-01-24T03:45:13Z
LOW,2006-09-12,20.52,20.86,19.81,19.81,19541059,28.85,29.32,27.85,27.85,13900500,2026-01-24T03:45:13Z
LOW,2006-09-13,20.6,20.84,20.34,20.49,11996904,28.96,29.29,28.59,28.8,8534000,2026-01-24T03:45:13Z
LOW,2006-09-14,20.86,20.92,20.17,20.32,11693397,29.33,29.41,28.35,28.57,8318100,2026-01-24T03:45:13Z
LOW,2006-09-15,20.88,21.12,20.49,21.06,16935143,29.35,29.69,28.8,29.61,12046800,2026-01-24T03:45:13Z
LOW,2006-09-18,20.54,20.76,20.37,20.61,9312849,28.88,29.19,28.64,28.98,6624700,2026-01-24T03:45:13Z
LOW,2006-09-19,20.32,20.54,20.12,20.54,11149113,28.56,28.88,28.29,28.87,7930900,2026-01-24T03:45:13Z
LOW,2006-09-20,20.14,20.49,20.12,20.49,13585588,28.31,28.8,28.28,28.8,9664100,2026-01-24T03:45:13Z
LOW,2006-09-21,20.18,20.34,20.05,20.14,13641667,28.37,28.6,28.18,28.31,9704000,2026-01-24T03:45:13Z
LOW,2006-09-22,20.15,20.17,19.87,19.95,11900778,28.33,28.35,27.93,28.05,8465600,2026-01-24T03:45:13Z
LOW,2006-09-25,20.52,20.64,19.95,20.16,15350977,28.84,29.01,28.05,28.34,10919900,2026-01-24T03:45:13Z
LOW,2006-09-26,20.52,20.98,20.18,20.2,23787783,28.85,29.5,28.37,28.4,16921400,2026-01-24T03:45:13Z
LOW,2006-09-27,20.18,20.52,20.1,20.24,15152738,28.37,28.84,28.25,28.45,10778900,2026-01-24T03:45:13Z
LOW,2006-09-28,20.38,20.51,20.07,20.27,14890402,28.65,28.83,28.21,28.5,10592300,2026-01-24T03:45:13Z
LOW,2006-09-29,19.96,20.49,19.96,20.42,10256544,28.06,28.8,28.06,28.7,7296000,2026-01-24T03:45:13Z
LOW,2006-10-02,20.03,20.16,19.81,19.99,9677662,28.16,28.34,27.85,28.1,6884200,2026-01-24T03:45:13Z
LOW,2006-10-03,20.37,20.42,19.93,20.06,9657154,28.63,28.71,28.02,28.2,6869600,2026-01-24T03:45:13Z
LOW,2006-10-04,21.31,21.32,20.21,20.27,21819825,29.96,29.97,28.41,28.5,15521500,2026-01-24T03:45:13Z
LOW,2006-10-05,21.38,21.39,20.93,21.2,12173230,30.05,30.07,29.42,29.8,8659400,2026-01-24T03:45:13Z
LOW,2006-10-06,20.78,21.3,20.7,21.2,14963262,29.21,29.94,29.1,29.8,10644100,2026-01-24T03:45:13Z
LOW,2006-10-09,21.16,21.36,20.63,20.64,10892413,29.74,30.03,29,29.01,7748300,2026-01-24T03:45:13Z
LOW,2006-10-10,21.48,21.55,21.22,21.28,10586757,30.2,30.3,29.83,29.91,7530900,2026-01-24T03:45:13Z
LOW,2006-10-11,21.7,21.89,21.43,21.48,14800151,30.5,30.77,30.13,30.19,10528100,2026-01-24T03:45:13Z
LOW,2006-10-12,22.11,22.22,21.77,21.8,17035400,31.08,31.24,30.61,30.64,12118100,2026-01-24T03:45:13Z
LOW,2006-10-13,22.02,22.05,21.75,22.05,14565110,30.95,31,30.58,31,10360900,2026-01-24T03:45:13Z
LOW,2006-10-16,22.15,22.44,22.12,22.37,11897961,31.14,31.55,31.1,31.45,8463600,2026-01-24T03:45:13Z
LOW,2006-10-17,21.73,22.19,21.57,22.15,13796891,30.55,31.2,30.32,31.14,9814400,2026-01-24T03:45:13Z
LOW,2006-10-18,22.3,22.35,21.82,21.99,16197707,31.3,31.37,30.62,30.86,11541100,2026-01-24T03:45:13Z
LOW,2006-10-19,21.73,22.34,21.65,22.13,9441909,30.5,31.35,30.38,31.06,6727500,2026-01-24T03:45:13Z
LOW,2006-10-20,21.55,21.86,21.41,21.85,12761964,30.25,30.68,30.05,30.67,9093100,2026-01-24T03:45:13Z
LOW,2006-10-23,22.01,22.05,21.41,21.42,10122307,30.89,30.94,30.05,30.06,7212300,2026-01-24T03:45:13Z
LOW,2006-10-24,21.7,22.09,21.62,21.81,8037438,30.45,31,30.35,30.61,5726800,2026-01-24T03:45:13Z
LOW,2006-10-25,21.38,21.74,21.27,21.73,14020865,30,30.51,29.85,30.5,9990100,2026-01-24T03:45:13Z
LOW,2006-10-26,21.83,21.89,21.28,21.38,14443739,30.64,30.72,29.87,30,10291400,2026-01-24T03:45:13Z
LOW,2006-10-27,21.62,21.84,21.55,21.74,11230222,30.34,30.65,30.24,30.51,8001700,2026-01-24T03:45:13Z
LOW,2006-10-30,21.58,21.75,21.5,21.7,10135216,30.29,30.53,30.17,30.46,7221500,2026-01-24T03:45:13Z
LOW,2006-10-31,21.48,21.81,21.34,21.72,11208466,30.14,30.61,29.95,30.48,7986200,2026-01-24T03:45:13Z
LOW,2006-11-01,21.1,21.55,21.07,21.49,12938812,29.62,30.25,29.57,30.16,9219100,2026-01-24T03:45:13Z
LOW,2006-11-02,21,21.19,20.84,20.91,9581980,29.47,29.74,29.25,29.35,6827300,2026-01-24T03:45:13Z
LOW,2006-11-03,20.7,21.21,20.52,21,12423293,29.05,29.77,28.8,29.47,8851800,2026-01-24T03:45:13Z
LOW,2006-11-06,20.53,20.8,20.37,20.44,18014341,28.82,29.2,28.59,28.69,12835500,2026-01-24T03:45:13Z
LOW,2006-11-07,20.9,21.03,20.48,20.48,36920283,29.33,29.51,28.75,28.75,26306300,2026-01-24T03:45:13Z
LOW,2006-11-08,21.03,21.14,20.76,20.9,12833518,29.52,29.67,29.13,29.33,9144100,2026-01-24T03:45:13Z
LOW,2006-11-09,20.73,21.03,20.72,20.8,12983577,29.1,29.51,29.08,29.2,9251000,2026-01-24T03:45:13Z
LOW,2006-11-10,20.78,20.91,20.56,20.8,7391690,29.17,29.35,28.85,29.2,5266700,2026-01-24T03:45:13Z
LOW,2006-11-13,20.66,21.01,20.66,20.69,10326817,29,29.49,28.99,29.04,7358000,2026-01-24T03:45:13Z
LOW,2006-11-14,21.54,21.62,20.48,20.83,23780582,30.23,30.34,28.75,29.23,16944000,2026-01-24T03:45:13Z
LOW,2006-11-15,21.76,22.22,21.66,21.66,19006905,30.54,31.19,30.4,30.4,13542700,2026-01-24T03:45:13Z
LOW,2006-11-16,21.88,21.97,21.59,21.75,10390908,30.71,30.84,30.3,30.52,7403700,2026-01-24T03:45:13Z
LOW,2006-11-17,21.72,21.85,21.51,21.76,11264301,30.48,30.66,30.19,30.54,8026000,2026-01-24T03:45:13Z
LOW,2006-11-20,21.79,22.14,21.02,21.45,16407521,30.58,31.07,29.5,30.1,11690600,2026-01-24T03:45:13Z
LOW,2006-11-21,21.86,21.99,21.62,21.73,8332861,30.68,30.86,30.35,30.5,5937300,2026-01-24T03:45:13Z
LOW,2006-11-22,21.62,22.02,21.52,21.72,9992914,30.34,30.9,30.21,30.48,7120100,2026-01-24T03:45:13Z
LOW,2006-11-24,21.38,21.63,21.38,21.48,3208626,30,30.36,30,30.15,2286200,2026-01-24T03:45:13Z
LOW,2006-11-27,21.66,22.01,21.6,22,13239133,30.4,30.89,30.32,30.88,9433100,2026-01-24T03:45:13Z
LOW,2006-11-28,21.32,21.65,21.28,21.51,16264460,29.92,30.38,29.87,30.19,11588700,2026-01-24T03:45:13Z
LOW,2006-11-29,21.45,21.73,21.35,21.66,15895948,30.1,30.5,29.96,30.4,11326100,2026-01-24T03:45:13Z
LOW,2006-11-30,21.49,21.57,21.2,21.45,12848964,30.16,30.28,29.75,30.1,9155100,2026-01-24T03:45:13Z
LOW,2006-12-01,22.01,22.39,21.73,21.73,23062239,30.89,31.43,30.5,30.5,16432200,2026-01-24T03:45:13Z
LOW,2006-12-04,21.94,22.15,21.8,21.95,10362839,30.79,31.09,30.6,30.8,7383700,2026-01-24T03:45:13Z
LOW,2006-12-05,22.26,22.33,21.84,21.87,12070605,31.24,31.34,30.65,30.7,8600500,2026-01-24T03:45:13Z
LOW,2006-12-06,22.54,22.73,22.27,22.27,14295120,31.64,31.9,31.25,31.25,10185500,2026-01-24T03:45:13Z
LOW,2006-12-07,22,22.69,21.97,22.54,12757029,30.87,31.84,30.84,31.64,9089600,2026-01-24T03:45:13Z
LOW,2006-12-08,21.95,22.36,21.9,22,10423773,30.81,31.38,30.74,30.88,7427100,2026-01-24T03:45:13Z
LOW,2006-12-11,22.02,22.02,21.74,21.79,9311668,30.9,30.9,30.51,30.58,6634700,2026-01-24T03:45:13Z
LOW,2006-12-12,21.82,22.05,21.76,21.98,11074730,30.63,30.95,30.54,30.85,7890900,2026-01-24T03:45:13Z
LOW,2006-12-13,21.77,22.12,21.71,21.94,10338886,30.55,31.05,30.47,30.79,7366600,2026-01-24T03:45:13Z
LOW,2006-12-14,22.42,22.52,21.73,21.8,15474915,31.46,31.6,30.5,30.6,11026100,2026-01-24T03:45:13Z
LOW,2006-12-15,22.38,22.79,22.33,22.64,15130626,31.41,31.98,31.34,31.78,10780800,2026-01-24T03:45:13Z
LOW,2006-12-18,22.14,22.58,22.06,22.41,11531809,31.08,31.69,30.96,31.45,8216600,2026-01-24T03:45:13Z
LOW,2006-12-19,22.05,22.09,21.63,21.95,11321733,30.94,31,30.36,30.81,8066900,2026-01-24T03:45:13Z
LOW,2006-12-20,21.74,22.12,21.64,21.97,7553676,30.51,31.05,30.37,30.83,5382100,2026-01-24T03:45:13Z
LOW,2006-12-21,21.54,21.8,21.48,21.74,8123909,30.23,30.6,30.15,30.51,5788400,2026-01-24T03:45:13Z
LOW,2006-12-22,21.68,21.8,21.52,21.59,5110355,30.43,30.59,30.21,30.3,3641200,2026-01-24T03:45:13Z
LOW,2006-12-26,21.8,21.85,21.59,21.63,3864473,30.6,30.67,30.3,30.36,2753500,2026-01-24T03:45:13Z
LOW,2006-12-27,22.23,22.33,21.82,21.82,9418174,31.2,31.34,30.62,30.62,6710600,2026-01-24T03:45:13Z
LOW,2006-12-28,22.26,22.28,22.02,22.16,6723497,31.24,31.27,30.91,31.1,4790600,2026-01-24T03:45:13Z
LOW,2006-12-29,22.19,22.43,22.05,22.16,10871461,31.15,31.48,30.94,31.1,7746100,2026-01-24T03:45:13Z
LOW,2007-01-03,22.83,23.02,22.2,22.24,19849951,32.04,32.31,31.15,31.21,14143400,2026-01-24T03:45:13Z
LOW,2007-01-04,22.93,23.16,22.52,23.09,11725103,32.18,32.5,31.61,32.4,8354300,2026-01-24T03:45:13Z
LOW,2007-01-05,22.65,23.09,22.51,22.91,11698817,31.79,32.41,31.59,32.16,8335600,2026-01-24T03:45:13Z
LOW,2007-01-08,22.59,22.67,22.18,22.53,9015118,31.7,31.82,31.13,31.62,6423400,2026-01-24T03:45:13Z
LOW,2007-01-09,22.71,22.84,22.58,22.63,7092468,31.87,32.05,31.69,31.76,5053500,2026-01-24T03:45:13Z
LOW,2007-01-10,23.14,23.22,22.59,22.59,12268915,32.47,32.59,31.7,31.71,8741800,2026-01-24T03:45:13Z
LOW,2007-01-11,23.55,23.61,23.1,23.14,12497572,33.05,33.14,32.42,32.47,8904700,2026-01-24T03:45:13Z
LOW,2007-01-12,23.56,23.63,23.21,23.56,10128887,33.06,33.17,32.58,33.07,7217000,2026-01-24T03:45:13Z
LOW,2007-01-16,23.8,23.82,23.46,23.51,8955321,33.4,33.43,32.92,33,6380800,2026-01-24T03:45:13Z
LOW,2007-01-17,23.69,23.92,23.66,23.83,8482949,33.2,33.52,33.15,33.39,6053300,2026-01-24T03:45:13Z
LOW,2007-01-18,23.97,24.15,23.64,23.94,9765348,33.59,33.84,33.13,33.55,6968400,2026-01-24T03:45:13Z
LOW,2007-01-19,24.05,24.23,23.91,24.19,8963492,33.71,33.95,33.51,33.9,6396200,2026-01-24T03:45:13Z
LOW,2007-01-22,23.86,24.16,23.66,24.16,9007213,33.43,33.85,33.16,33.85,6427400,2026-01-24T03:45:13Z
LOW,2007-01-23,24,24.13,23.73,23.91,10509609,33.64,33.81,33.25,33.51,7499500,2026-01-24T03:45:13Z
LOW,2007-01-24,23.97,24.13,23.91,23.98,7935431,33.59,33.81,33.5,33.61,5662600,2026-01-24T03:45:13Z
LOW,2007-01-25,23.61,23.97,23.48,23.92,9462920,33.08,33.59,32.9,33.52,6752600,2026-01-24T03:45:13Z
LOW,2007-01-26,23.25,23.69,23.14,23.58,10355319,32.58,33.2,32.43,33.05,7389400,2026-01-24T03:45:13Z
LOW,2007-01-29,23.31,23.52,23.22,23.4,8304413,32.67,32.96,32.54,32.79,5925900,2026-01-24T03:45:13Z
LOW,2007-01-30,23.19,23.48,23.09,23.31,8156285,32.5,32.91,32.36,32.67,5820200,2026-01-24T03:45:13Z
LOW,2007-01-31,24.05,24.23,23.19,23.24,16702460,33.71,33.95,32.5,32.57,11918600,2026-01-24T03:45:13Z
LOW,2007-02-01,24.43,24.62,24.16,24.19,16048718,34.24,34.5,33.86,33.9,11452100,2026-01-24T03:45:13Z
LOW,2007-02-02,24.37,24.73,24.28,24.54,7324854,34.15,34.65,34.02,34.39,5226900,2026-01-24T03:45:13Z
LOW,2007-02-05,24.34,24.49,24.23,24.3,6130755,34.11,34.32,33.96,34.05,4374800,2026-01-24T03:45:13Z
LOW,2007-02-06,24.35,24.58,24.23,24.45,5497177,34.12,34.45,33.95,34.27,3922700,2026-01-24T03:45:13Z
LOW,2007-02-07,24.31,24.54,23.95,23.95,4333758,34.07,34.39,33.56,33.56,3092500,2026-01-24T03:45:13Z
LOW,2007-02-08,24.08,24.33,23.94,24.31,7603437,33.75,34.09,33.55,34.07,5425700,2026-01-24T03:45:13Z
LOW,2007-02-09,23.85,24.3,23.8,24.11,8696514,33.42,34.06,33.36,33.78,6205700,2026-01-24T03:45:13Z
LOW,2007-02-12,23.91,24.18,23.88,23.91,6775365,33.5,33.88,33.47,33.51,4834800,2026-01-24T03:45:13Z
LOW,2007-02-13,23.98,24.13,23.85,23.92,6137204,33.61,33.81,33.42,33.52,4379400,2026-01-24T03:45:13Z
LOW,2007-02-14,23.86,24,23.67,23.95,11029837,33.44,33.63,33.17,33.56,7870700,2026-01-24T03:45:13Z
LOW,2007-02-15,24.18,24.23,23.78,23.83,7281421,33.88,33.95,33.32,33.4,5195900,2026-01-24T03:45:13Z
LOW,2007-02-16,23.74,24.12,23.64,24.1,9757942,33.27,33.8,33.13,33.77,6963100,2026-01-24T03:45:13Z
LOW,2007-02-20,24.07,24.25,23.46,23.64,9188401,33.73,33.99,32.88,33.13,6556700,2026-01-24T03:45:13Z
LOW,2007-02-21,24.07,24.16,23.85,23.91,6375279,33.73,33.85,33.42,33.5,4549300,2026-01-24T03:45:13Z
LOW,2007-02-22,24,24.08,23.77,23.95,5533342,33.63,33.74,33.31,33.56,3948500,2026-01-24T03:45:13Z
LOW,2007-02-23,24.93,25.5,24.78,24.96,28356283,34.93,35.74,34.72,34.98,20234600,2026-01-24T03:45:13Z
LOW,2007-02-26,24.5,25.15,24.38,24.87,9960134,34.34,35.25,34.16,34.85,7107400,2026-01-24T03:45:13Z
LOW,2007-02-27,23.73,24.28,23.39,24.28,17358154,33.26,34.03,32.78,34.03,12386500,2026-01-24T03:45:13Z
LOW,2007-02-28,23.23,23.64,23.15,23.61,19953467,32.55,33.13,32.44,33.09,14238500,2026-01-24T03:45:13Z
LOW,2007-03-01,22.98,23.18,22.71,22.94,17183990,32.21,32.49,31.82,32.15,12262200,2026-01-24T03:45:13Z
LOW,2007-03-02,22.79,23.21,22.78,22.91,15308059,31.94,32.53,31.92,32.1,10923600,2026-01-24T03:45:13Z
LOW,2007-03-05,22.67,23.09,22.65,22.66,14909642,31.77,32.36,31.74,31.75,10639300,2026-01-24T03:45:13Z
LOW,2007-03-06,23.21,23.31,22.86,22.87,12267398,32.52,32.67,32.03,32.05,8753800,2026-01-24T03:45:13Z
LOW,2007-03-07,23.25,23.4,22.96,23.1,8930681,32.58,32.79,32.18,32.37,6372800,2026-01-24T03:45:13Z
LOW,2007-03-08,23.21,23.73,23.16,23.28,10666292,32.53,33.26,32.46,32.62,7611300,2026-01-24T03:45:13Z
LOW,2007-03-09,23.08,23.48,22.91,23.37,11034303,32.34,32.91,32.11,32.75,7873900,2026-01-24T03:45:13Z
LOW,2007-03-12,23.08,23.19,22.91,23.01,9933381,32.34,32.5,32.1,32.25,7088300,2026-01-24T03:45:13Z
LOW,2007-03-13,21.94,22.9,21.87,22.89,29627448,30.74,32.09,30.65,32.08,21141700,2026-01-24T03:45:13Z
LOW,2007-03-14,22.14,22.18,21.32,21.94,25631753,31.03,31.09,29.87,30.74,18290400,2026-01-24T03:45:13Z
LOW,2007-03-15,22.27,22.36,22.03,22.1,11399246,31.21,31.34,30.87,30.97,8134300,2026-01-24T03:45:13Z
LOW,2007-03-16,22.07,22.29,21.98,22.18,13852502,30.93,31.24,30.8,31.09,9884900,2026-01-24T03:45:13Z
LOW,2007-03-19,22.21,22.29,22.06,22.12,11717315,31.13,31.24,30.91,31,8361300,2026-01-24T03:45:13Z
LOW,2007-03-20,22.33,22.41,22.08,22.16,11276760,31.29,31.41,30.94,31.05,8046900,2026-01-24T03:45:13Z
LOW,2007-03-21,23.02,23.17,22.3,22.37,15418939,32.26,32.47,31.25,31.35,11002700,2026-01-24T03:45:13Z
LOW,2007-03-22,23.01,23.55,22.68,23.08,11808866,32.24,33,31.79,32.35,8426600,2026-01-24T03:45:13Z
LOW,2007-03-23,23.1,23.3,22.93,22.96,12147281,32.37,32.65,32.13,32.17,8668100,2026-01-24T03:45:13Z
LOW,2007-03-26,22.93,23.27,22.69,23.19,8705347,32.14,32.61,31.8,32.5,6212000,2026-01-24T03:45:13Z
LOW,2007-03-27,22.65,22.84,22.41,22.81,12088166,31.74,32,31.41,31.96,8625900,2026-01-24T03:45:13Z
LOW,2007-03-28,22.14,22.55,21.84,22.48,17034275,31.02,31.6,30.61,31.5,12155400,2026-01-24T03:45:13Z
LOW,2007-03-29,22.22,22.43,22.01,22.37,13456302,31.14,31.44,30.85,31.35,9602200,2026-01-24T03:45:13Z
LOW,2007-03-30,22.47,22.57,22.08,22.22,11386025,31.49,31.63,30.94,31.14,8124900,2026-01-24T03:45:13Z
LOW,2007-04-02,22.18,22.46,22.13,22.43,8494861,31.08,31.47,31.01,31.43,6061800,2026-01-24T03:45:13Z
LOW,2007-04-03,22.62,22.89,22.26,22.32,13438790,31.7,32.07,31.2,31.28,9589700,2026-01-24T03:45:13Z
LOW,2007-04-04,22.39,22.6,22.29,22.51,8911227,31.37,31.67,31.23,31.55,6358900,2026-01-24T03:45:13Z
LOW,2007-04-05,22.4,22.47,22.31,22.41,4519440,31.39,31.49,31.26,31.41,3225000,2026-01-24T03:45:13Z
LOW,2007-04-09,22.48,22.59,22.36,22.49,4898371,31.5,31.66,31.33,31.52,3495400,2026-01-24T03:45:13Z
LOW,2007-04-10,22.56,22.7,22.43,22.51,9162477,31.61,31.81,31.44,31.55,6538200,2026-01-24T03:45:13Z
LOW,2007-04-11,22.28,22.66,22.18,22.61,10269004,31.22,31.75,31.09,31.68,7327800,2026-01-24T03:45:13Z
LOW,2007-04-12,22.33,22.41,21.9,22.19,7400685,31.29,31.41,30.69,31.1,5281000,2026-01-24T03:45:13Z
LOW,2007-04-13,22.22,22.76,22.05,22.76,7229704,31.14,31.89,30.9,31.89,5159000,2026-01-24T03:45:13Z
LOW,2007-04-16,22.34,22.52,22.23,22.36,8562137,31.31,31.56,31.15,31.33,6109800,2026-01-24T03:45:13Z
LOW,2007-04-17,22.72,22.89,22.45,22.48,10378462,31.84,32.07,31.46,31.5,7405900,2026-01-24T03:45:13Z
LOW,2007-04-18,22.53,22.68,22.46,22.62,7549968,31.52,31.74,31.43,31.65,5396000,2026-01-24T03:45:13Z
LOW,2007-04-19,22.52,22.86,22.3,22.86,6844628,31.51,31.98,31.2,31.98,4891900,2026-01-24T03:45:13Z
LOW,2007-04-20,22.88,23.04,22.69,22.72,11075596,32.02,32.23,31.75,31.79,7915800,2026-01-24T03:45:13Z
LOW,2007-04-23,22.55,22.93,22.55,22.89,6104181,31.55,32.08,31.55,32.03,4362700,2026-01-24T03:45:13Z
LOW,2007-04-24,22.23,22.58,22.08,22.51,13063667,31.1,31.59,30.89,31.5,9336700,2026-01-24T03:45:13Z
LOW,2007-04-25,22.26,22.59,22.22,22.4,7407798,31.15,31.6,31.09,31.34,5294400,2026-01-24T03:45:13Z
LOW,2007-04-26,22.13,22.41,22.09,22.34,9414099,30.97,31.35,30.91,31.25,6728300,2026-01-24T03:45:13Z
LOW,2007-04-27,22.05,22.29,21.98,22.08,9871182,30.85,31.18,30.76,30.9,7055000,2026-01-24T03:45:13Z
LOW,2007-04-30,21.84,22.23,21.83,22.2,13297364,30.56,31.1,30.55,31.06,9503700,2026-01-24T03:45:13Z
LOW,2007-05-01,21.94,22.05,21.72,21.91,16061831,30.7,30.85,30.39,30.65,11479500,2026-01-24T03:45:13Z
LOW,2007-05-02,21.93,22.17,21.71,21.77,8362451,30.68,31.02,30.37,30.46,5976700,2026-01-24T03:45:13Z
LOW,2007-05-03,21.81,22.1,21.76,21.94,9837344,30.52,30.92,30.44,30.7,7030800,2026-01-24T03:45:13Z
LOW,2007-05-04,21.76,21.96,21.69,21.94,11194112,30.45,30.72,30.35,30.7,8000500,2026-01-24T03:45:13Z
LOW,2007-05-07,21.93,21.98,21.73,21.96,11036719,30.69,30.75,30.4,30.73,7888000,2026-01-24T03:45:13Z
LOW,2007-05-08,21.93,22.01,21.74,21.83,13258166,30.68,30.8,30.42,30.55,9475700,2026-01-24T03:45:13Z
LOW,2007-05-09,22.67,22.7,21.91,21.91,15693288,31.72,31.76,30.66,30.66,11216100,2026-01-24T03:45:13Z
LOW,2007-05-10,22.21,22.83,22.16,22.53,18791750,31.08,31.94,31,31.52,13430600,2026-01-24T03:45:13Z
LOW,2007-05-11,22.06,22.46,21.95,22.32,15442556,30.87,31.43,30.71,31.23,11036900,2026-01-24T03:45:13Z
LOW,2007-05-14,22.15,22.43,22.08,22.11,10847975,30.99,31.39,30.9,30.93,7753100,2026-01-24T03:45:13Z
LOW,2007-05-15,22.08,22.56,21.95,22.08,14584298,30.89,31.57,30.71,30.9,10423500,2026-01-24T03:45:13Z
LOW,2007-05-16,22.36,22.47,22.12,22.16,12864312,31.28,31.44,30.95,31,9194200,2026-01-24T03:45:13Z
LOW,2007-05-17,22.39,22.56,22.26,22.36,8223954,31.33,31.56,31.15,31.29,5877700,2026-01-24T03:45:13Z
LOW,2007-05-18,23.35,23.4,22.45,22.52,22745899,32.67,32.74,31.41,31.51,16256600,2026-01-24T03:45:13Z
LOW,2007-05-21,22.78,23.44,22.4,22.88,39062542,31.88,32.8,31.34,32.01,27918200,2026-01-24T03:45:13Z
LOW,2007-05-22,22.68,22.94,22.57,22.57,10816065,31.73,32.1,31.58,31.58,7730300,2026-01-24T03:45:13Z
LOW,2007-05-23,22.72,23.09,22.59,22.76,10834386,31.79,32.31,31.6,31.84,7743400,2026-01-24T03:45:13Z
LOW,2007-05-24,22.91,23.55,22.61,22.64,14918146,32.06,32.95,31.63,31.68,10662100,2026-01-24T03:45:13Z
LOW,2007-05-25,22.96,23.13,22.73,22.94,9427515,32.13,32.36,31.81,32.1,6737900,2026-01-24T03:45:13Z
LOW,2007-05-29,22.88,23.17,22.8,23.12,12384106,32.02,32.42,31.9,32.35,8851000,2026-01-24T03:45:13Z
LOW,2007-05-30,23.09,23.1,22.76,22.85,13545992,32.3,32.32,31.85,31.97,9681400,2026-01-24T03:45:13Z
LOW,2007-05-31,23.46,23.55,23.02,23.11,13230587,32.82,32.95,32.21,32.33,9456000,2026-01-24T03:45:13Z
LOW,2007-06-01,23.34,23.72,23.29,23.68,12377535,32.66,33.19,32.59,33.14,8846300,2026-01-24T03:45:13Z
LOW,2007-06-04,23.58,23.63,23.23,23.23,9955821,32.99,33.06,32.5,32.5,7115500,2026-01-24T03:45:13Z
LOW,2007-06-05,23.17,23.45,23.09,23.37,9771416,32.42,32.81,32.31,32.7,6983700,2026-01-24T03:45:13Z
LOW,2007-06-06,22.97,23.13,22.8,23.05,11436006,32.14,32.36,31.9,32.25,8173400,2026-01-24T03:45:13Z
LOW,2007-06-07,22.67,23.05,22.63,22.88,14952844,31.72,32.25,31.66,32.01,10686900,2026-01-24T03:45:13Z
LOW,2007-06-08,22.91,22.99,22.46,22.67,10901138,32.05,32.17,31.43,31.72,7791100,2026-01-24T03:45:13Z
LOW,2007-06-11,22.73,22.91,22.61,22.76,8096738,31.8,32.05,31.64,31.85,5786800,2026-01-24T03:45:13Z
LOW,2007-06-12,22.41,22.71,22.4,22.62,11470580,31.36,31.77,31.34,31.65,8198100,2026-01-24T03:45:13Z
LOW,2007-06-13,22.56,22.6,22.26,22.54,13875647,31.56,31.62,31.14,31.54,9917000,2026-01-24T03:45:13Z
LOW,2007-06-14,22.51,22.59,22.37,22.52,11275144,31.5,31.61,31.3,31.51,8058400,2026-01-24T03:45:13Z
LOW,2007-06-15,22.55,22.78,22.51,22.62,14601792,31.55,31.87,31.5,31.65,10436000,2026-01-24T03:45:13Z
LOW,2007-06-18,22.62,22.67,22.52,22.59,8835958,31.65,31.72,31.51,31.61,6315100,2026-01-24T03:45:13Z
LOW,2007-06-19,22.57,22.61,22.34,22.58,8412835,31.58,31.63,31.25,31.59,6012700,2026-01-24T03:45:13Z
LOW,2007-06-20,22.62,23.04,22.57,22.98,16415454,31.65,32.23,31.58,32.15,11732200,2026-01-24T03:45:13Z
LOW,2007-06-21,22.8,22.82,22.33,22.58,12226856,31.9,31.93,31.24,31.59,8738600,2026-01-24T03:45:13Z
LOW,2007-06-22,22.18,22.8,22.11,22.8,17370619,31.04,31.9,30.93,31.9,12414900,2026-01-24T03:45:13Z
LOW,2007-06-25,22.31,22.47,21.95,22.19,13967434,31.22,31.44,30.71,31.05,9982600,2026-01-24T03:45:13Z
LOW,2007-06-26,22.24,22.61,22.18,22.39,12829723,31.12,31.64,31.03,31.33,9169500,2026-01-24T03:45:13Z
LOW,2007-06-27,22.33,22.41,22.08,22.15,11036547,31.25,31.35,30.9,30.99,7887900,2026-01-24T03:45:13Z
LOW,2007-06-28,21.97,22.37,21.94,22.29,14588490,30.74,31.3,30.7,31.19,10426500,2026-01-24T03:45:13Z
LOW,2007-06-29,21.93,22.19,21.84,21.98,10509789,30.69,31.05,30.56,30.76,7511400,2026-01-24T03:45:13Z
LOW,2007-07-02,21.95,22.13,21.88,22.01,9388204,30.71,30.96,30.61,30.8,6709800,2026-01-24T03:45:13Z
LOW,2007-07-03,22.01,22.02,21.79,21.95,7401504,30.79,30.81,30.49,30.71,5289900,2026-01-24T03:45:13Z
LOW,2007-07-05,22,22.05,21.8,21.93,8570638,30.78,30.85,30.5,30.69,6125500,2026-01-24T03:45:13Z
LOW,2007-07-06,22.23,22.26,21.78,21.94,12057967,31.11,31.15,30.48,30.7,8617900,2026-01-24T03:45:13Z
LOW,2007-07-09,21.97,22.38,21.91,22.31,11551023,30.74,31.31,30.66,31.22,8255600,2026-01-24T03:45:13Z
LOW,2007-07-10,21.43,21.81,21.38,21.66,19782806,29.98,30.52,29.92,30.3,14138900,2026-01-24T03:45:13Z
LOW,2007-07-11,21.46,21.48,21.11,21.35,19809939,30.02,30.05,29.53,29.87,14158300,2026-01-24T03:45:13Z
LOW,2007-07-12,21.95,21.97,21.46,21.55,13836470,30.71,30.74,30.02,30.16,9889000,2026-01-24T03:45:13Z
LOW,2007-07-13,21.98,22.06,21.61,21.94,8073514,30.76,30.86,30.24,30.7,5770200,2026-01-24T03:45:13Z
LOW,2007-07-16,21.56,21.91,21.53,21.84,10824300,30.17,30.66,30.12,30.56,7736200,2026-01-24T03:45:13Z
LOW,2007-07-17,21.34,21.56,21.25,21.56,11522371,29.86,30.17,29.74,30.17,8235100,2026-01-24T03:45:13Z
LOW,2007-07-18,21.27,21.58,21.18,21.26,15090967,29.68,30.11,29.55,29.67,10814600,2026-01-24T03:45:13Z
LOW,2007-07-19,21.27,21.63,21.18,21.6,13191234,29.68,30.18,29.55,30.14,9453200,2026-01-24T03:45:13Z
LOW,2007-07-20,21.23,21.53,21.15,21.15,16113027,29.63,30.04,29.51,29.51,11547000,2026-01-24T03:45:13Z
LOW,2007-07-23,21.09,21.48,21.04,21.16,14143224,29.43,29.98,29.36,29.52,10135400,2026-01-24T03:45:13Z
LOW,2007-07-24,20.72,21.25,20.62,20.79,16012972,28.92,29.66,28.78,29.01,11475300,2026-01-24T03:45:13Z
LOW,2007-07-25,20.52,20.95,20.37,20.78,14286950,28.63,29.23,28.42,29,10238400,2026-01-24T03:45:13Z
LOW,2007-07-26,20.32,20.54,20.04,20.25,23624891,28.36,28.66,27.97,28.25,16930200,2026-01-24T03:45:13Z
LOW,2007-07-27,19.9,20.56,19.9,20.3,16586620,27.77,28.69,27.77,28.32,11886400,2026-01-24T03:45:13Z
LOW,2007-07-30,20.22,20.3,19.62,20.04,18335941,28.21,28.32,27.38,27.96,13140000,2026-01-24T03:45:13Z
LOW,2007-07-31,20.07,20.6,20.04,20.46,14162891,28.01,28.74,27.96,28.55,10149500,2026-01-24T03:45:13Z
LOW,2007-08-01,20.29,20.33,19.83,20.02,17877369,28.31,28.37,27.67,27.94,12811400,2026-01-24T03:45:13Z
LOW,2007-08-02,20.4,20.5,20.07,20.28,11612357,28.47,28.61,28,28.3,8321700,2026-01-24T03:45:13Z
LOW,2007-08-03,19.67,20.41,19.64,20.41,16274724,27.45,28.48,27.4,28.48,11662900,2026-01-24T03:45:13Z
LOW,2007-08-06,20.09,20.13,19.39,19.84,19096705,28.04,28.09,27.06,27.68,13685200,2026-01-24T03:45:13Z
LOW,2007-08-07,20.01,20.23,19.54,19.91,19341468,27.92,28.23,27.27,27.78,13860600,2026-01-24T03:45:13Z
LOW,2007-08-08,20.4,20.6,19.93,20.06,17633920,28.47,28.74,27.81,27.99,12636900,2026-01-24T03:45:13Z
LOW,2007-08-09,19.66,20.34,18.69,19.87,23471738,27.43,28.39,26.08,27.73,16820500,2026-01-24T03:45:13Z
LOW,2007-08-10,19.89,20.09,19.03,19.36,14666674,27.76,28.04,26.55,27.01,10510500,2026-01-24T03:45:13Z
LOW,2007-08-13,19.74,20.21,19.64,20.06,12218634,27.54,28.2,27.4,27.99,8756200,2026-01-24T03:45:13Z
LOW,2007-08-14,19.17,19.95,19.13,19.71,18938793,26.75,27.84,26.7,27.5,13572000,2026-01-24T03:45:13Z
LOW,2007-08-15,18.87,19.56,18.78,19.19,16148141,26.33,27.3,26.21,26.78,11572200,2026-01-24T03:45:13Z
LOW,2007-08-16,19.21,19.29,18.62,18.68,20099231,26.81,26.92,25.98,26.07,14403600,2026-01-24T03:45:13Z
LOW,2007-08-17,19.26,20.35,19.13,19.71,22619100,26.87,28.4,26.7,27.5,16209400,2026-01-24T03:45:13Z
LOW,2007-08-20,20.42,20.76,20.21,20.53,26749711,28.5,28.97,28.2,28.65,19169500,2026-01-24T03:45:13Z
LOW,2007-08-21,20.72,21,20.43,20.47,17176848,28.91,29.3,28.51,28.56,12309400,2026-01-24T03:45:13Z
LOW,2007-08-22,21.37,21.39,21.05,21.24,17261014,29.82,29.85,29.38,29.64,12369700,2026-01-24T03:45:13Z
LOW,2007-08-23,21.23,21.5,20.93,21.41,16588729,29.63,30,29.2,29.87,11887900,2026-01-24T03:45:13Z
LOW,2007-08-24,21.64,21.68,21.18,21.51,12828034,30.2,30.25,29.56,30.01,9192900,2026-01-24T03:45:13Z
LOW,2007-08-27,21.23,21.71,21.18,21.63,10749102,29.62,30.3,29.56,30.18,7703100,2026-01-24T03:45:13Z
LOW,2007-08-28,20.77,21.32,20.73,21.31,13501198,28.98,29.75,28.92,29.74,9675300,2026-01-24T03:45:13Z
LOW,2007-08-29,21.61,21.64,20.8,20.8,13245246,30.15,30.19,29.03,29.03,9491900,2026-01-24T03:45:13Z
LOW,2007-08-30,21.69,21.85,21.34,21.36,13152866,30.27,30.49,29.78,29.8,9425700,2026-01-24T03:45:13Z
LOW,2007-08-31,22.26,22.42,21.59,21.81,22680173,31.06,31.29,30.12,30.44,16253200,2026-01-24T03:45:13Z
LOW,2007-09-04,22.12,22.24,21.94,22.04,13074868,30.86,31.03,30.62,30.75,9369800,2026-01-24T03:45:13Z
LOW,2007-09-05,21.63,22.03,21.39,21.87,13962913,30.18,30.74,29.85,30.52,10006200,2026-01-24T03:45:13Z
LOW,2007-09-06,21.65,21.85,21.43,21.63,11983780,30.21,30.49,29.91,30.18,8587900,2026-01-24T03:45:13Z
LOW,2007-09-07,21.09,21.55,20.5,21.08,14343746,29.43,30.07,28.6,29.42,10279100,2026-01-24T03:45:13Z
LOW,2007-09-10,21.33,21.59,20.92,21.06,17147151,29.76,30.12,29.19,29.39,12288100,2026-01-24T03:45:13Z
LOW,2007-09-11,21.56,21.58,21.29,21.36,13405882,30.08,30.11,29.71,29.8,9607000,2026-01-24T03:45:13Z
LOW,2007-09-12,21.32,21.59,21.28,21.5,11010916,29.75,30.12,29.7,30,7890700,2026-01-24T03:45:13Z
LOW,2007-09-13,21.98,22.24,21.36,21.48,12245588,30.67,31.04,29.8,29.98,8775500,2026-01-24T03:45:13Z
LOW,2007-09-14,22.07,22.14,21.62,21.79,10598545,30.8,30.9,30.17,30.4,7595200,2026-01-24T03:45:13Z
LOW,2007-09-17,22.04,22.33,21.88,22.02,8568771,30.76,31.16,30.53,30.72,6140600,2026-01-24T03:45:13Z
LOW,2007-09-18,22.85,22.93,21.99,22.13,20317991,31.89,32,30.68,30.88,14560400,2026-01-24T03:45:13Z
LOW,2007-09-19,22.87,23.31,22.72,22.85,16485447,31.92,32.53,31.71,31.88,11813900,2026-01-24T03:45:13Z
LOW,2007-09-20,22.27,23,22.2,22.94,13477862,31.07,32.09,30.98,32.01,9658600,2026-01-24T03:45:13Z
LOW,2007-09-21,21.94,22.47,21.84,22.47,18900085,30.62,31.36,30.47,31.35,13544300,2026-01-24T03:45:13Z
LOW,2007-09-24,21.89,22.09,21.75,21.85,10814020,30.55,30.83,30.35,30.49,7749600,2026-01-24T03:45:13Z
LOW,2007-09-25,20.43,21.05,20.37,20.57,46058771,28.51,29.37,28.43,28.71,33006900,2026-01-24T03:45:13Z
LOW,2007-09-26,20.47,20.63,20.28,20.44,24428267,28.56,28.79,28.3,28.52,17505900,2026-01-24T03:45:13Z
LOW,2007-09-27,20.28,20.55,20.16,20.48,16386801,28.3,28.68,28.13,28.58,11743200,2026-01-24T03:45:13Z
LOW,2007-09-28,20.08,20.39,20.06,20.34,13772986,28.02,28.45,27.99,28.39,9870100,2026-01-24T03:45:13Z
LOW,2007-10-01,20.57,20.62,20.09,20.19,13191936,28.7,28.77,28.03,28.17,9453700,2026-01-24T03:45:13Z
LOW,2007-10-02,20.57,20.75,20.42,20.56,12422537,28.71,28.95,28.5,28.69,8902300,2026-01-24T03:45:13Z
LOW,2007-10-03,20.73,20.95,20.34,20.49,14347225,28.93,29.24,28.39,28.59,10281600,2026-01-24T03:45:13Z
LOW,2007-10-04,20.52,20.78,20.27,20.75,9390239,28.64,29,28.29,28.95,6729300,2026-01-24T03:45:13Z
LOW,2007-10-05,20.99,21.13,20.57,20.77,11679859,29.29,29.48,28.7,28.99,8370100,2026-01-24T03:45:13Z
LOW,2007-10-08,20.61,20.93,20.52,20.88,8094863,28.76,29.21,28.64,29.14,5801000,2026-01-24T03:45:13Z
LOW,2007-10-09,20.79,20.79,20.48,20.7,10882395,29.01,29.01,28.58,28.88,7798600,2026-01-24T03:45:13Z
LOW,2007-10-10,20.83,22.73,20.62,20.9,10133885,29.07,31.72,28.77,29.16,7262200,2026-01-24T03:45:13Z
LOW,2007-10-11,20.76,21.48,20.63,20.87,11597097,28.97,29.98,28.79,29.12,8310800,2026-01-24T03:45:13Z
LOW,2007-10-12,20.73,20.86,20.6,20.7,8231904,28.93,29.11,28.75,28.89,5899200,2026-01-24T03:45:13Z
LOW,2007-10-15,20.18,20.73,20.09,20.59,14075673,28.16,28.92,28.04,28.73,10087000,2026-01-24T03:45:13Z
LOW,2007-10-16,19.89,20.19,19.79,20.09,10059068,27.75,28.17,27.61,28.03,7208600,2026-01-24T03:45:13Z
LOW,2007-10-17,19.68,20.16,19.41,20.12,14488181,27.38,28.05,27,28,10412600,2026-01-24T03:45:13Z
LOW,2007-10-18,19.46,19.67,19.32,19.57,11033170,27.08,27.37,26.88,27.23,7929500,2026-01-24T03:45:13Z
LOW,2007-10-19,18.78,19.41,18.69,19.41,29968464,26.13,27.01,26.01,27.01,21538300,2026-01-24T03:45:13Z
LOW,2007-10-22,19.35,19.53,18.63,18.78,12956379,26.92,27.17,25.92,26.13,9311700,2026-01-24T03:45:13Z
LOW,2007-10-23,19.2,19.66,18.97,19.66,11935757,26.72,27.35,26.4,27.35,8578200,2026-01-24T03:45:13Z
LOW,2007-10-24,19.53,19.57,19,19.1,12319924,27.18,27.23,26.43,26.58,8854300,2026-01-24T03:45:13Z
LOW,2007-10-25,19.38,19.9,19.16,19.59,17211944,26.97,27.69,26.66,27.26,12370200,2026-01-24T03:45:13Z
LOW,2007-10-26,19.51,19.71,19.28,19.58,9053895,27.15,27.42,26.83,27.24,6507000,2026-01-24T03:45:13Z
LOW,2007-10-29,19.55,19.72,19.36,19.61,8194674,27.2,27.44,26.93,27.29,5889500,2026-01-24T03:45:13Z
LOW,2007-10-30,19.4,19.73,19.34,19.53,12037854,26.99,27.45,26.91,27.18,8651600,2026-01-24T03:45:13Z
LOW,2007-10-31,19.33,19.52,19.06,19.43,14318106,26.89,27.16,26.52,27.04,10290400,2026-01-24T03:45:13Z
LOW,2007-11-01,18.79,19.31,18.77,19.05,12939407,26.15,26.87,26.11,26.51,9299500,2026-01-24T03:45:13Z
LOW,2007-11-02,18.69,19.02,18.48,18.9,15955837,26,26.46,25.71,26.3,11467400,2026-01-24T03:45:13Z
LOW,2007-11-05,18.06,18.43,17.92,18.36,21493704,25.13,25.65,24.94,25.55,15447500,2026-01-24T03:45:13Z
LOW,2007-11-06,17.77,18.25,17.59,18.23,23665437,24.73,25.39,24.47,25.37,17008300,2026-01-24T03:45:13Z
LOW,2007-11-07,17.52,17.89,17.36,17.46,22207185,24.38,24.89,24.16,24.3,15960300,2026-01-24T03:45:13Z
LOW,2007-11-08,17.63,17.74,17.16,17.64,18899832,24.53,24.68,23.87,24.55,13583300,2026-01-24T03:45:13Z
LOW,2007-11-09,17.19,17.54,17.13,17.43,19035625,23.92,24.4,23.83,24.25,13680900,2026-01-24T03:45:13Z
LOW,2007-11-12,17.51,17.88,17.35,17.48,16962729,24.37,24.88,24.14,24.32,12191100,2026-01-24T03:45:13Z
LOW,2007-11-13,18,18.04,17.54,17.61,17966223,25.05,25.1,24.41,24.5,12912300,2026-01-24T03:45:13Z
LOW,2007-11-14,17.85,18.31,17.81,18.15,12766110,24.84,25.48,24.78,25.25,9175000,2026-01-24T03:45:13Z
LOW,2007-11-15,18,18.09,17.74,17.81,22582204,25.05,25.17,24.68,24.78,16229800,2026-01-24T03:45:13Z
LOW,2007-11-16,17.97,18.18,17.81,18.07,16281560,25.01,25.3,24.78,25.15,11701500,2026-01-24T03:45:13Z
LOW,2007-11-19,16.62,17.41,16.52,17.32,31889050,23.12,24.23,22.99,24.1,22918600,2026-01-24T03:45:13Z
LOW,2007-11-20,16.18,16.93,15.96,16.7,28380612,22.51,23.56,22.2,23.24,20397100,2026-01-24T03:45:13Z
LOW,2007-11-21,15.89,16.05,15.85,16.03,27861656,22.11,22.33,22.05,22.3,20024100,2026-01-24T03:45:13Z
LOW,2007-11-23,16.01,16.09,15.87,15.99,10027998,22.27,22.39,22.08,22.25,7207100,2026-01-24T03:45:13Z
LOW,2007-11-26,15.7,16.25,15.64,16.04,18158351,21.84,22.61,21.76,22.32,13050400,2026-01-24T03:45:13Z
LOW,2007-11-27,15.88,16.04,15.67,15.75,20040176,22.09,22.32,21.8,21.91,14402800,2026-01-24T03:45:13Z
LOW,2007-11-28,16.87,17.15,15.93,15.96,30041343,23.47,23.86,22.16,22.21,21590600,2026-01-24T03:45:13Z
LOW,2007-11-29,16.99,17.44,16.68,16.68,24916337,23.64,24.26,23.21,23.21,17907300,2026-01-24T03:45:13Z
LOW,2007-11-30,17.54,17.75,17.18,17.26,19360029,24.41,24.69,23.9,24.02,13914000,2026-01-24T03:45:13Z
LOW,2007-12-03,17.34,17.57,17.28,17.54,11772248,24.13,24.45,24.04,24.41,8460700,2026-01-24T03:45:13Z
LOW,2007-12-04,17.45,17.64,16.99,17.25,12914316,24.28,24.55,23.64,24,9281500,2026-01-24T03:45:13Z
LOW,2007-12-05,17.64,17.89,17.43,17.58,12655837,24.54,24.89,24.25,24.46,9095700,2026-01-24T03:45:13Z
LOW,2007-12-06,17.96,18.05,17.36,17.63,8698628,24.99,25.12,24.15,24.53,6251700,2026-01-24T03:45:13Z
LOW,2007-12-07,18.02,18.18,17.82,17.96,9587082,25.08,25.29,24.8,24.99,6890200,2026-01-24T03:45:13Z
LOW,2007-12-10,18,18.14,17.79,18.04,9332013,25.04,25.24,24.75,25.1,6706900,2026-01-24T03:45:13Z
LOW,2007-12-11,16.96,18.02,16.88,17.99,14811760,23.6,25.07,23.49,25.03,10645200,2026-01-24T03:45:13Z
LOW,2007-12-12,16.84,17.54,16.54,17.38,15321312,23.43,24.4,23.01,24.18,11011400,2026-01-24T03:45:13Z
LOW,2007-12-13,16.59,17.18,16.24,16.72,16446040,23.08,23.9,22.6,23.27,11819700,2026-01-24T03:45:13Z
LOW,2007-12-14,16.33,16.6,16.22,16.44,13897786,22.72,23.1,22.57,22.88,9988300,2026-01-24T03:45:13Z
LOW,2007-12-17,16.34,16.47,15.1,16.26,16225861,22.74,22.92,21.01,22.62,11661500,2026-01-24T03:45:13Z
LOW,2007-12-18,16.54,16.65,16.14,16.44,13852296,23.02,23.17,22.46,22.87,9955600,2026-01-24T03:45:13Z
LOW,2007-12-19,16.41,16.61,16.23,16.57,11782956,22.83,23.11,22.58,23.05,8468400,2026-01-24T03:45:13Z
LOW,2007-12-20,16.43,16.56,16.11,16.56,9092713,22.86,23.04,22.41,23.04,6534900,2026-01-24T03:45:13Z
LOW,2007-12-21,16.78,16.83,16.37,16.46,15883303,23.35,23.42,22.78,22.9,11415300,2026-01-24T03:45:13Z
LOW,2007-12-24,16.87,16.97,16.46,16.58,4718544,23.47,23.61,22.91,23.07,3391200,2026-01-24T03:45:13Z
LOW,2007-12-26,16.67,16.85,16.54,16.85,8190091,23.19,23.45,23.01,23.45,5886200,2026-01-24T03:45:13Z
LOW,2007-12-27,16.64,16.67,16.46,16.54,9357502,23.16,23.19,22.9,23.02,6725200,2026-01-24T03:45:13Z
LOW,2007-12-28,16.29,16.76,16.29,16.66,8556582,22.66,23.32,22.66,23.18,6149600,2026-01-24T03:45:13Z
LOW,2007-12-31,16.26,16.42,16.06,16.22,13954582,22.62,22.85,22.34,22.57,10029100,2026-01-24T03:45:13Z
LOW,2008-01-02,15.94,16.38,15.83,16.37,14193741,22.18,22.79,22.03,22.78,10201000,2026-01-24T03:45:13Z
LOW,2008-01-03,15.64,16.16,15.6,15.96,11396419,21.76,22.48,21.71,22.21,8190600,2026-01-24T03:45:13Z
LOW,2008-01-04,15.15,15.47,15.06,15.47,20527057,21.08,21.52,20.96,21.52,14752800,2026-01-24T03:45:13Z
LOW,2008-01-07,15.17,15.38,14.98,15.24,17595587,21.11,21.4,20.85,21.21,12645900,2026-01-24T03:45:13Z
LOW,2008-01-08,14.75,15.51,14.68,15.24,17741506,20.52,21.58,20.42,21.2,12750800,2026-01-24T03:45:13Z
LOW,2008-01-09,14.85,14.96,14.33,14.73,24672115,20.66,20.81,19.94,20.5,17731800,2026-01-24T03:45:13Z
LOW,2008-01-10,14.93,15.18,14.5,14.77,22384018,20.78,21.12,20.18,20.55,16087300,2026-01-24T03:45:13Z
LOW,2008-01-11,14.6,15.12,14.53,14.78,19925276,20.31,21.04,20.21,20.57,14320300,2026-01-24T03:45:13Z
LOW,2008-01-14,14.98,15.06,14.62,14.79,16538620,20.84,20.95,20.34,20.58,11886300,2026-01-24T03:45:13Z
LOW,2008-01-15,14.93,15.06,14.46,14.82,20508974,20.77,20.95,20.12,20.62,14739800,2026-01-24T03:45:13Z
LOW,2008-01-16,15.6,15.84,14.84,14.84,22773470,21.62,21.96,20.57,20.57,16430500,2026-01-24T03:45:13Z
LOW,2008-01-17,15.72,15.99,15.39,15.68,23217210,21.79,22.17,21.33,21.73,16750700,2026-01-24T03:45:13Z
LOW,2008-01-18,16.01,16.67,15.81,15.81,24970957,22.19,23.1,21.91,21.91,18016000,2026-01-24T03:45:13Z
LOW,2008-01-22,17.7,17.86,15.19,15.19,47738444,24.54,24.75,21.05,21.05,34442100,2026-01-24T03:45:13Z
LOW,2008-01-23,18.79,18.91,17.17,17.44,42735994,26.04,26.21,23.8,24.17,30833100,2026-01-24T03:45:13Z
LOW,2008-01-24,18.33,18.87,18.05,18.69,27117886,25.41,26.15,25.02,25.9,19564900,2026-01-24T03:45:13Z
LOW,2008-01-25,17.83,18.7,17.6,18.54,21697291,24.71,25.92,24.39,25.7,15654100,2026-01-24T03:45:13Z
LOW,2008-01-28,18.33,18.34,17.51,17.63,15025300,25.4,25.42,24.27,24.43,10840400,2026-01-24T03:45:13Z
LOW,2008-01-29,18.61,18.71,17.93,18.35,15526753,25.79,25.94,24.85,25.44,11202200,2026-01-24T03:45:13Z
LOW,2008-01-30,18.28,18.72,18.16,18.56,29157175,25.34,25.95,25.17,25.73,21036200,2026-01-24T03:45:13Z
LOW,2008-01-31,19.07,19.39,17.73,17.91,26519124,26.43,26.87,24.57,24.83,19132900,2026-01-24T03:45:13Z
LOW,2008-02-01,18.43,19.01,18.2,18.82,21878078,25.55,26.35,25.23,26.08,15784500,2026-01-24T03:45:13Z
LOW,2008-02-04,17.88,18.48,17.76,18.42,14516609,24.78,25.62,24.61,25.53,10473400,2026-01-24T03:45:13Z
LOW,2008-02-05,17.38,17.92,17.37,17.6,18661558,24.09,24.84,24.08,24.39,13463900,2026-01-24T03:45:13Z
LOW,2008-02-06,17.08,17.77,16.97,17.52,18169905,23.67,24.63,23.52,24.28,13109200,2026-01-24T03:45:13Z
LOW,2008-02-07,17.3,17.99,17,17,25861279,23.98,24.94,23.57,23.57,18658300,2026-01-24T03:45:13Z
LOW,2008-02-08,17.03,17.42,16.92,17.32,13674149,23.61,24.15,23.45,24,9865600,2026-01-24T03:45:13Z
LOW,2008-02-11,17.51,17.55,16.8,17.14,12295365,24.27,24.33,23.28,23.75,8870800,2026-01-24T03:45:13Z
LOW,2008-02-12,17.45,17.87,17.33,17.58,14296114,24.19,24.77,24.02,24.37,10314300,2026-01-24T03:45:13Z
LOW,2008-02-13,17.44,17.74,17.34,17.55,12647110,24.17,24.59,24.04,24.33,9124600,2026-01-24T03:45:13Z
LOW,2008-02-14,16.99,17.47,16.84,17.46,13926278,23.55,24.21,23.34,24.2,10047500,2026-01-24T03:45:13Z
LOW,2008-02-15,16.83,16.95,16.49,16.94,16741309,23.33,23.49,22.85,23.48,12078500,2026-01-24T03:45:13Z
LOW,2008-02-19,16.7,17.19,16.64,17.12,17097957,23.14,23.82,23.07,23.73,12335800,2026-01-24T03:45:13Z
LOW,2008-02-20,16.82,16.94,16.38,16.64,15451661,23.31,23.48,22.7,23.07,11148000,2026-01-24T03:45:13Z
LOW,2008-02-21,16.76,17.03,16.71,16.85,14548775,23.23,23.6,23.16,23.36,10496600,2026-01-24T03:45:13Z
LOW,2008-02-22,17.02,17.07,16.55,16.69,19024355,23.59,23.66,22.94,23.13,13725600,2026-01-24T03:45:13Z
LOW,2008-02-25,17.68,17.97,16.59,16.63,37471574,24.5,24.91,22.99,23.05,27034900,2026-01-24T03:45:13Z
LOW,2008-02-26,18.03,18.12,17.37,17.37,19975008,24.99,25.11,24.08,24.08,14411500,2026-01-24T03:45:13Z
LOW,2008-02-27,18.39,18.53,17.74,17.85,21323259,25.49,25.68,24.59,24.74,15384200,2026-01-24T03:45:13Z
LOW,2008-02-28,17.81,18.31,17.76,18.29,15765670,24.68,25.38,24.61,25.35,11374600,2026-01-24T03:45:13Z
LOW,2008-02-29,17.29,17.7,17.16,17.57,16111118,23.97,24.54,23.78,24.36,11623800,2026-01-24T03:45:13Z
LOW,2008-03-03,17.55,17.73,16.85,17.27,18451769,24.33,24.57,23.35,23.94,13312500,2026-01-24T03:45:13Z
LOW,2008-03-04,17.37,17.52,17.17,17.36,22337298,24.07,24.28,23.8,24.06,16115800,2026-01-24T03:45:13Z
LOW,2008-03-05,17.14,17.75,16.91,17.37,16654565,23.75,24.6,23.44,24.07,12015900,2026-01-24T03:45:13Z
LOW,2008-03-06,16.33,17.06,16.3,17.02,19701557,22.63,23.65,22.6,23.59,14214200,2026-01-24T03:45:13Z
LOW,2008-03-07,16.16,16.6,15.87,16.27,18249767,22.4,23.01,22,22.55,13166800,2026-01-24T03:45:13Z
LOW,2008-03-10,15.59,16.23,15.54,16.15,19946883,21.61,22.5,21.54,22.39,14391200,2026-01-24T03:45:13Z
LOW,2008-03-11,16.02,16.3,15.48,16.03,32272830,22.21,22.59,21.46,22.22,23284100,2026-01-24T03:45:13Z
LOW,2008-03-12,15.74,16.4,15.69,15.71,19981943,21.81,22.73,21.75,21.78,14416500,2026-01-24T03:45:13Z
LOW,2008-03-13,15.63,15.76,15.09,15.49,30286742,21.66,21.84,20.91,21.47,21851200,2026-01-24T03:45:13Z
LOW,2008-03-14,15.24,15.87,14.98,15.87,21714751,21.12,22,20.76,22,15666700,2026-01-24T03:45:13Z
LOW,2008-03-17,14.81,15.11,14.61,14.67,24662502,20.53,20.94,20.25,20.33,17793400,2026-01-24T03:45:13Z
LOW,2008-03-18,16.14,16.14,15.15,15.15,36549699,22.37,22.37,21,21,26369700,2026-01-24T03:45:13Z
LOW,2008-03-19,15.87,16.52,15.83,16.2,21915845,21.99,22.9,21.94,22.45,15811800,2026-01-24T03:45:13Z
LOW,2008-03-20,16.76,16.83,15.87,15.94,24102516,23.23,23.33,21.99,22.09,17389400,2026-01-24T03:45:13Z
LOW,2008-03-24,17.52,17.98,17.04,17.04,21663032,24.29,24.92,23.62,23.62,15629400,2026-01-24T03:45:13Z
LOW,2008-03-25,17.08,17.52,16.82,17.52,14829834,23.68,24.29,23.32,24.28,10699400,2026-01-24T03:45:13Z
LOW,2008-03-26,16.75,16.97,16.49,16.97,14802394,23.21,23.52,22.86,23.52,10679600,2026-01-24T03:45:13Z
LOW,2008-03-27,16.61,17.08,16.6,16.89,13538754,23.02,23.67,23.01,23.41,9767900,2026-01-24T03:45:13Z
LOW,2008-03-28,16.36,16.66,16.31,16.58,11239570,22.67,23.09,22.61,22.98,8109100,2026-01-24T03:45:13Z
LOW,2008-03-31,16.55,16.72,16.17,16.34,11297369,22.94,23.18,22.41,22.65,8150800,2026-01-24T03:45:13Z
LOW,2008-04-01,17.67,17.73,16.75,16.77,17970329,24.49,24.58,23.21,23.25,12965200,2026-01-24T03:45:13Z
LOW,2008-04-02,17.73,18.11,17.57,17.76,17202215,24.58,25.1,24.36,24.62,12411000,2026-01-24T03:45:13Z
LOW,2008-04-03,17.55,17.75,17.33,17.63,11596779,24.32,24.6,24.02,24.43,8366800,2026-01-24T03:45:13Z
LOW,2008-04-04,17.5,17.81,17.37,17.59,10553231,24.26,24.69,24.07,24.38,7613900,2026-01-24T03:45:13Z
LOW,2008-04-07,17.47,17.67,17.24,17.63,12918745,24.21,24.49,23.89,24.44,9320600,2026-01-24T03:45:13Z
LOW,2008-04-08,17.33,17.49,17.22,17.38,16819224,24.02,24.24,23.87,24.09,12134700,2026-01-24T03:45:13Z
LOW,2008-04-09,16.83,17.42,16.71,17.34,13333309,23.33,24.15,23.16,24.04,9619700,2026-01-24T03:45:13Z
LOW,2008-04-10,17.7,17.91,16.79,16.8,30275723,24.53,24.82,23.27,23.29,21843200,2026-01-24T03:45:13Z
LOW,2008-04-11,17.31,17.62,17.25,17.45,17802818,23.99,24.42,23.91,24.18,12844300,2026-01-24T03:45:13Z
LOW,2008-04-14,17.34,17.57,17.2,17.27,11592188,24.03,24.35,23.84,23.93,8363500,2026-01-24T03:45:13Z
LOW,2008-04-15,17.46,17.51,17.1,17.42,12385595,24.2,24.27,23.7,24.14,8935900,2026-01-24T03:45:13Z
LOW,2008-04-16,17.72,17.79,17.37,17.68,11422102,24.48,24.58,24,24.43,8268100,2026-01-24T03:45:13Z
LOW,2008-04-17,17.76,17.91,17.55,17.67,8902166,24.53,24.74,24.24,24.41,6444000,2026-01-24T03:45:13Z
LOW,2008-04-18,17.99,18.27,17.88,18.02,12092483,24.85,25.24,24.7,24.89,8753400,2026-01-24T03:45:13Z
LOW,2008-04-21,17.97,18.07,17.75,17.99,8630827,24.83,24.97,24.52,24.85,6247600,2026-01-24T03:45:13Z
LOW,2008-04-22,17.6,17.95,17.47,17.86,13004558,24.32,24.79,24.13,24.67,9413600,2026-01-24T03:45:13Z
LOW,2008-04-23,17.68,18.04,17.4,17.64,10676944,24.43,24.92,24.04,24.37,7728700,2026-01-24T03:45:13Z
LOW,2008-04-24,18.11,18.37,17.64,17.64,13995213,25.02,25.38,24.37,24.37,10130700,2026-01-24T03:45:13Z
LOW,2008-04-25,18.84,18.86,18.08,18.41,15250388,26.02,26.05,24.98,25.44,11039300,2026-01-24T03:45:13Z
LOW,2008-04-28,18.56,18.84,18.44,18.81,9709077,25.64,26.02,25.47,25.99,7028100,2026-01-24T03:45:13Z
LOW,2008-04-29,18.47,18.68,18.13,18.41,12700044,25.52,25.8,25.05,25.44,9193200,2026-01-24T03:45:13Z
LOW,2008-04-30,18.23,18.81,18.19,18.49,15363934,25.19,25.98,25.13,25.54,11121500,2026-01-24T03:45:13Z
LOW,2008-05-01,19.02,19.68,18.13,18.13,29389200,26.27,27.18,25.05,25.05,21274000,2026-01-24T03:45:13Z
LOW,2008-05-02,18.91,19.56,18.81,19.19,21459542,26.13,27.02,25.99,26.51,15533900,2026-01-24T03:45:13Z
LOW,2008-05-05,18.42,18.95,18.39,18.95,14949499,25.45,26.18,25.4,26.18,10821500,2026-01-24T03:45:13Z
LOW,2008-05-06,18.39,18.51,18.1,18.35,13235966,25.41,25.57,25,25.35,9581100,2026-01-24T03:45:13Z
LOW,2008-05-07,18.05,18.74,17.97,18.37,13330969,24.93,25.89,24.82,25.38,9649900,2026-01-24T03:45:13Z
LOW,2008-05-08,17.47,18.21,17.44,18.18,19388822,24.13,25.16,24.09,25.12,14035000,2026-01-24T03:45:13Z
LOW,2008-05-09,17.52,17.8,17.21,17.29,14354335,24.2,24.59,23.77,23.88,10390700,2026-01-24T03:45:13Z
LOW,2008-05-12,17.87,17.93,17.5,17.6,16625132,24.69,24.77,24.17,24.31,12034400,2026-01-24T03:45:13Z
LOW,2008-05-13,17.66,18.02,17.61,17.88,12798837,24.39,24.89,24.32,24.7,9264700,2026-01-24T03:45:13Z
LOW,2008-05-14,18.02,18.13,17.66,17.71,15101713,24.9,25.05,24.39,24.46,10931700,2026-01-24T03:45:13Z
LOW,2008-05-15,18.2,18.24,17.83,18.08,17382256,25.14,25.2,24.63,24.98,12582500,2026-01-24T03:45:13Z
LOW,2008-05-16,18.02,18.27,17.74,18.26,21969444,24.89,25.24,24.51,25.22,15903000,2026-01-24T03:45:13Z
LOW,2008-05-19,17.55,17.88,17.29,17.37,31018637,24.25,24.7,23.88,23.99,22453400,2026-01-24T03:45:13Z
LOW,2008-05-20,17.2,17.43,17.13,17.43,20925503,23.76,24.08,23.67,24.08,15147300,2026-01-24T03:45:13Z
LOW,2008-05-21,16.92,17.36,16.82,17.15,19016236,23.38,23.98,23.23,23.69,13765300,2026-01-24T03:45:13Z
LOW,2008-05-22,16.98,17.08,16.71,16.93,13640838,23.46,23.6,23.09,23.39,9874200,2026-01-24T03:45:13Z
LOW,2008-05-23,16.87,17,16.66,16.93,13242686,23.3,23.49,23.02,23.39,9586000,2026-01-24T03:45:13Z
LOW,2008-05-27,17.02,17.38,16.74,16.98,15671860,23.51,24.01,23.13,23.45,11344400,2026-01-24T03:45:13Z
LOW,2008-05-28,17.49,17.52,17.1,17.28,17769763,24.16,24.2,23.62,23.87,12863000,2026-01-24T03:45:13Z
LOW,2008-05-29,17.66,17.74,17.37,17.46,12446978,24.39,24.51,23.99,24.12,9010000,2026-01-24T03:45:13Z
LOW,2008-05-30,17.37,17.69,17.35,17.59,10206240,24,24.44,23.97,24.3,7388000,2026-01-24T03:45:13Z
LOW,2008-06-02,17.42,17.63,17.1,17.58,15379429,24.06,24.36,23.62,24.28,11132700,2026-01-24T03:45:13Z
LOW,2008-06-03,17.35,17.58,17.16,17.58,13238399,23.97,24.29,23.7,24.29,9582900,2026-01-24T03:45:13Z
LOW,2008-06-04,17.4,17.63,17.23,17.36,10705949,24.04,24.35,23.81,23.98,7749700,2026-01-24T03:45:13Z
LOW,2008-06-05,17.82,17.97,17.46,17.5,14592107,24.62,24.82,24.12,24.18,10562800,2026-01-24T03:45:13Z
LOW,2008-06-06,17.03,17.6,17.01,17.58,17574588,23.52,24.31,23.5,24.29,12721700,2026-01-24T03:45:13Z
LOW,2008-06-09,16.82,17.37,16.55,17.18,19045131,23.23,23.99,22.87,23.74,13786200,2026-01-24T03:45:13Z
LOW,2008-06-10,16.87,17.05,16.54,16.68,12919454,23.31,23.56,22.85,23.05,9352000,2026-01-24T03:45:13Z
LOW,2008-06-11,16.54,16.9,16.53,16.85,21146929,22.85,23.35,22.83,23.28,15307600,2026-01-24T03:45:13Z
LOW,2008-06-12,16.85,16.94,16.67,16.71,21630258,23.28,23.4,23.03,23.09,15657500,2026-01-24T03:45:13Z
LOW,2008-06-13,17.47,17.49,16.91,17,11776715,24.14,24.16,23.36,23.48,8524800,2026-01-24T03:45:13Z
LOW,2008-06-16,17.41,17.6,17.14,17.39,11156544,24.05,24.31,23.68,24.03,8075900,2026-01-24T03:45:13Z
LOW,2008-06-17,16.97,17.54,16.95,17.54,13061056,23.44,24.23,23.41,24.23,9454500,2026-01-24T03:45:13Z
LOW,2008-06-18,16.76,17,16.5,16.9,12768997,23.15,23.48,22.79,23.35,9243100,2026-01-24T03:45:13Z
LOW,2008-06-19,17.06,17.12,16.6,16.72,13905962,23.57,23.65,22.93,23.1,10066100,2026-01-24T03:45:13Z
LOW,2008-06-20,16.53,17.02,16.43,16.99,15261214,22.83,23.52,22.7,23.47,11047100,2026-01-24T03:45:13Z
LOW,2008-06-23,15.77,16.6,15.69,16.56,19573805,21.78,22.93,21.68,22.88,14168900,2026-01-24T03:45:13Z
LOW,2008-06-24,15.86,16.17,15.38,15.77,16651048,21.91,22.34,21.24,21.79,12053200,2026-01-24T03:45:13Z
LOW,2008-06-25,16.02,16.58,15.82,16,18741812,22.13,22.9,21.86,22.1,13566600,2026-01-24T03:45:13Z
LOW,2008-06-26,15.35,15.89,15.35,15.81,15871542,21.2,21.95,21.2,21.84,11488900,2026-01-24T03:45:13Z
LOW,2008-06-27,15.11,15.47,15.03,15.35,24437346,20.87,21.37,20.76,21.21,17689500,2026-01-24T03:45:13Z
LOW,2008-06-30,15.02,15.38,14.85,15.04,23514998,20.75,21.25,20.52,20.77,17021800,2026-01-24T03:45:13Z
LOW,2008-07-01,14.92,14.95,14.44,14.82,22575542,20.61,20.65,19.95,20.47,16341800,2026-01-24T03:45:13Z
LOW,2008-07-02,14.64,15.25,14.64,14.95,20094891,20.23,21.07,20.23,20.65,14546100,2026-01-24T03:45:13Z
LOW,2008-07-03,14.64,14.9,14.47,14.74,11684459,20.22,20.59,19.99,20.36,8458000,2026-01-24T03:45:13Z
LOW,2008-07-07,14.54,15.16,14.43,14.84,18783271,20.09,20.95,19.93,20.5,13596600,2026-01-24T03:45:13Z
LOW,2008-07-08,15.07,15.09,14.49,14.59,16144444,20.82,20.84,20.02,20.16,11686500,2026-01-24T03:45:13Z
LOW,2008-07-09,14.64,15.15,14.57,15.06,16598894,20.22,20.93,20.13,20.81,12015400,2026-01-24T03:45:13Z
LOW,2008-07-10,14.06,14.76,14.05,14.58,23691609,19.42,20.39,19.41,20.14,17149700,2026-01-24T03:45:13Z
LOW,2008-07-11,13.68,14.05,13.47,13.92,28938021,18.9,19.41,18.61,19.23,20947300,2026-01-24T03:45:13Z
LOW,2008-07-14,13.75,13.99,13.55,13.9,16218417,19,19.33,18.72,19.2,11740000,2026-01-24T03:45:13Z
LOW,2008-07-15,13.23,13.59,13.07,13.46,37518049,18.28,18.77,18.06,18.6,27158100,2026-01-24T03:45:13Z
LOW,2008-07-16,14.06,14.06,13.09,13.32,25908039,19.33,19.33,18,18.32,18841700,2026-01-24T03:45:13Z
LOW,2008-07-17,14.62,14.76,13.67,14.16,19040122,20.1,20.3,18.8,19.47,13847000,2026-01-24T03:45:13Z
LOW,2008-07-18,14.49,14.94,14.17,14.94,17063449,19.93,20.54,19.48,20.54,12409400,2026-01-24T03:45:13Z
LOW,2008-07-21,14.36,14.7,14.19,14.59,11093424,19.75,20.21,19.51,20.06,8067700,2026-01-24T03:45:13Z
LOW,2008-07-22,15.01,15.05,14.07,14.25,19436979,20.64,20.7,19.35,19.6,14135600,2026-01-24T03:45:13Z
LOW,2008-07-23,15.42,15.88,14.89,15.11,20587419,21.2,21.83,20.48,20.77,14972200,2026-01-24T03:45:13Z
LOW,2008-07-24,14.83,15.56,14.74,15.45,12327337,20.39,21.4,20.27,21.25,8965100,2026-01-24T03:45:13Z
LOW,2008-07-25,14.53,15.16,14.46,14.8,11562149,19.98,20.84,19.88,20.35,8408600,2026-01-24T03:45:13Z
LOW,2008-07-28,14.28,14.72,14.15,14.47,12227697,19.64,20.24,19.46,19.9,8892600,2026-01-24T03:45:13Z
LOW,2008-07-29,15.07,15.13,14.3,14.36,14002400,20.72,20.81,19.67,19.75,10183300,2026-01-24T03:45:13Z
LOW,2008-07-30,14.92,15.42,14.57,15.13,14770571,20.51,21.2,20.03,20.81,10741900,2026-01-24T03:45:13Z
LOW,2008-07-31,14.78,15.32,14.73,14.8,14465786,20.32,21.07,20.25,20.35,10520300,2026-01-24T03:45:13Z
LOW,2008-08-01,14.76,15.05,14.52,14.87,13324281,20.3,20.69,19.97,20.44,9690100,2026-01-24T03:45:13Z
LOW,2008-08-04,14.87,15.08,14.54,14.71,11113639,20.44,20.73,19.99,20.23,8082400,2026-01-24T03:45:13Z
LOW,2008-08-05,15.6,15.64,14.94,15.05,14006337,21.45,21.5,20.54,20.69,10186100,2026-01-24T03:45:13Z
LOW,2008-08-06,15.45,15.56,15.24,15.56,13119551,21.24,21.39,20.96,21.39,9541200,2026-01-24T03:45:13Z
LOW,2008-08-07,15.23,15.43,15.04,15.27,12732086,20.94,21.22,20.68,21,9259400,2026-01-24T03:45:13Z
LOW,2008-08-08,16.57,16.65,15.35,15.37,24509113,22.78,22.89,21.11,21.13,17824300,2026-01-24T03:45:13Z
LOW,2008-08-11,17.32,18.03,16.31,16.49,43456385,23.81,24.79,22.43,22.68,31603800,2026-01-24T03:45:13Z
LOW,2008-08-12,17.5,17.69,17.11,17.15,30523501,24.06,24.32,23.52,23.58,22198300,2026-01-24T03:45:13Z
LOW,2008-08-13,16.79,17.48,16.46,17.27,22890794,23.08,24.03,22.63,23.75,16647400,2026-01-24T03:45:13Z
LOW,2008-08-14,17.32,17.66,16.63,16.67,19132674,23.81,24.28,22.87,22.92,13914300,2026-01-24T03:45:13Z
LOW,2008-08-15,17.82,17.85,17.19,17.38,23211727,24.5,24.54,23.64,23.9,16880800,2026-01-24T03:45:13Z
LOW,2008-08-18,17.85,18.52,17.65,18.46,36813028,24.54,25.47,24.27,25.38,26772400,2026-01-24T03:45:13Z
LOW,2008-08-19,17.34,17.84,17.26,17.68,21094137,23.85,24.53,23.73,24.31,15340700,2026-01-24T03:45:13Z
LOW,2008-08-20,17.67,18.05,17.35,17.45,21956105,24.3,24.82,23.86,24,15967600,2026-01-24T03:45:13Z
LOW,2008-08-21,17.87,17.93,17.27,17.39,15764394,24.57,24.66,23.74,23.91,11464700,2026-01-24T03:45:13Z
LOW,2008-08-22,18.08,18.11,17.82,17.96,14045738,24.86,24.9,24.5,24.7,10214800,2026-01-24T03:45:13Z
LOW,2008-08-25,17.56,18.02,17.51,18.01,12864151,24.14,24.78,24.08,24.77,9355500,2026-01-24T03:45:13Z
LOW,2008-08-26,17.86,17.91,17.24,17.5,11871406,24.56,24.63,23.7,24.07,8633500,2026-01-24T03:45:13Z
LOW,2008-08-27,17.89,18.1,17.69,17.79,11384911,24.6,24.89,24.32,24.46,8279700,2026-01-24T03:45:13Z
LOW,2008-08-28,18.11,18.11,17.86,18.04,14411764,24.9,24.9,24.56,24.81,10481000,2026-01-24T03:45:13Z
LOW,2008-08-29,17.92,18.14,17.78,18.09,13891599,24.64,24.94,24.45,24.87,10102700,2026-01-24T03:45:13Z
LOW,2008-09-02,19.15,19.52,18.39,18.39,38448937,26.33,26.84,25.28,25.29,27962000,2026-01-24T03:45:13Z
LOW,2008-09-03,19.42,19.7,18.97,19.06,28912673,26.71,27.09,26.09,26.21,21026800,2026-01-24T03:45:13Z
LOW,2008-09-04,18.74,19.43,18.69,19.29,26064532,25.77,26.71,25.7,26.53,18955500,2026-01-24T03:45:13Z
LOW,2008-09-05,18.73,18.81,18.03,18.36,29918851,25.75,25.87,24.79,25.24,21758500,2026-01-24T03:45:13Z
LOW,2008-09-08,19.9,20.72,19.5,19.64,51255036,27.36,28.49,26.81,27,37275300,2026-01-24T03:45:13Z
LOW,2008-09-09,18.65,19.91,18.65,19.88,33031490,25.65,27.37,25.64,27.34,24022200,2026-01-24T03:45:13Z
LOW,2008-09-10,18.35,18.98,18.18,18.79,33557770,25.23,26.1,25,25.83,24405000,2026-01-24T03:45:13Z
LOW,2008-09-11,18.38,18.46,17.93,18.07,41739110,25.28,25.38,24.65,24.84,30354800,2026-01-24T03:45:13Z
LOW,2008-09-12,18.49,18.68,18.04,18.17,25897138,25.42,25.69,24.8,24.98,18833700,2026-01-24T03:45:13Z
LOW,2008-09-15,17.83,18.5,17.64,17.73,33436453,24.52,25.44,24.26,24.38,24316700,2026-01-24T03:45:13Z
LOW,2008-09-16,17.74,18.02,17.32,17.5,30486079,24.4,24.78,23.81,24.07,22171000,2026-01-24T03:45:13Z
LOW,2008-09-17,16.5,17.57,16.31,17.44,35266006,22.69,24.16,22.43,23.98,25647200,2026-01-24T03:45:13Z
LOW,2008-09-18,17.5,17.9,15.83,16.8,47344673,24.07,24.61,21.77,23.1,34431400,2026-01-24T03:45:13Z
LOW,2008-09-19,18.57,19.92,18.16,18.77,50550548,25.53,27.39,24.97,25.81,36762900,2026-01-24T03:45:13Z
LOW,2008-09-22,17.3,18.45,17.17,18.2,20692445,23.79,25.37,23.61,25.03,15048600,2026-01-24T03:45:13Z
LOW,2008-09-23,17.18,17.69,17.09,17.34,20766520,23.62,24.33,23.5,23.84,15102500,2026-01-24T03:45:13Z
LOW,2008-09-24,17.21,17.53,16.91,17.32,20639402,23.67,24.1,23.25,23.81,15010000,2026-01-24T03:45:13Z
LOW,2008-09-25,17.37,17.62,17.13,17.25,22351369,23.88,24.23,23.56,23.72,16255100,2026-01-24T03:45:13Z
LOW,2008-09-26,17.79,17.83,16.91,17,17008668,24.46,24.52,23.25,23.38,12369600,2026-01-24T03:45:13Z
LOW,2008-09-29,16.7,17.77,16.07,17.43,29372908,22.96,24.44,22.09,23.96,21361500,2026-01-24T03:45:13Z
LOW,2008-09-30,17.23,17.59,16.76,17.14,29587545,23.69,24.19,23.05,23.57,21517600,2026-01-24T03:45:13Z
LOW,2008-10-01,16.89,17.18,16.49,16.86,27169890,23.23,23.63,22.68,23.18,19759400,2026-01-24T03:45:13Z
LOW,2008-10-02,16.31,16.97,16.27,16.75,18700490,22.43,23.33,22.37,23.03,13600000,2026-01-24T03:45:13Z
LOW,2008-10-03,15.65,16.71,15.53,16.7,26925403,21.52,22.98,21.35,22.97,19581600,2026-01-24T03:45:13Z
LOW,2008-10-06,15.05,15.35,14.37,15.27,34182275,20.7,21.1,19.76,21,24859100,2026-01-24T03:45:13Z
LOW,2008-10-07,14.2,15.43,14.16,15.33,30372345,19.53,21.21,19.47,21.08,22088300,2026-01-24T03:45:13Z
LOW,2008-10-08,13.9,14.78,13.57,13.72,46124237,19.12,20.32,18.66,18.87,33543800,2026-01-24T03:45:13Z
LOW,2008-10-09,13.27,14.41,13.09,14.21,37011378,18.25,19.82,18,19.54,26916500,2026-01-24T03:45:13Z
LOW,2008-10-10,13.02,13.81,11.46,12.96,52632277,17.9,18.99,15.76,17.82,38276900,2026-01-24T03:45:13Z
LOW,2008-10-13,14.54,14.74,13.42,13.74,32030250,20,20.27,18.45,18.9,23294000,2026-01-24T03:45:13Z
LOW,2008-10-14,13.94,15.3,13.51,15.29,27520489,19.17,21.04,18.57,21.03,20014300,2026-01-24T03:45:13Z
LOW,2008-10-15,13.25,14.08,13.15,13.7,32924036,18.14,19.28,18,18.76,24050700,2026-01-24T03:45:13Z
LOW,2008-10-16,13.4,13.59,12.33,13.36,37200760,18.35,18.6,16.88,18.29,27174800,2026-01-24T03:45:13Z
LOW,2008-10-17,14.11,14.47,13.05,13.22,31051264,19.31,19.81,17.87,18.1,22682700,2026-01-24T03:45:13Z
LOW,2008-10-20,14.43,14.49,13.94,14.19,21322776,19.75,19.84,19.08,19.42,15576100,2026-01-24T03:45:13Z
LOW,2008-10-21,14.04,14.81,13.95,14.1,17420519,19.22,20.27,19.1,19.3,12725500,2026-01-24T03:45:13Z
LOW,2008-10-22,13.41,13.87,12.97,13.87,25604451,18.36,18.98,17.75,18.98,18703800,2026-01-24T03:45:13Z
LOW,2008-10-23,13.23,13.7,12.54,13.51,25337462,18.11,18.75,17.16,18.49,18508800,2026-01-24T03:45:13Z
LOW,2008-10-24,12.56,13.11,12.38,12.42,26037788,17.2,17.95,16.95,17,19020300,2026-01-24T03:45:13Z
LOW,2008-10-27,12.31,13.06,12.28,12.35,19124767,16.85,17.88,16.81,16.9,13970500,2026-01-24T03:45:13Z
LOW,2008-10-28,14.34,14.34,12.23,12.78,35515381,19.63,19.63,16.74,17.5,25943600,2026-01-24T03:45:13Z
LOW,2008-10-29,14.14,15.08,13.68,14.05,32699116,19.36,20.64,18.73,19.23,23886400,2026-01-24T03:45:13Z
LOW,2008-10-30,14.67,14.9,14.32,14.69,23111397,20.08,20.4,19.6,20.11,16882600,2026-01-24T03:45:13Z
LOW,2008-10-31,15.85,16.28,14.32,14.49,28679303,21.7,22.29,19.6,19.84,20949900,2026-01-24T03:45:13Z
LOW,2008-11-03,15.11,15.89,14.96,15.6,17811925,20.69,21.75,20.48,21.36,13011400,2026-01-24T03:45:13Z
LOW,2008-11-04,15.79,15.92,14.93,15.46,20865440,21.62,21.79,20.44,21.17,15242000,2026-01-24T03:45:13Z
LOW,2008-11-05,14.98,15.65,14.89,15.49,22290305,20.51,21.42,20.39,21.2,16282900,2026-01-24T03:45:13Z
LOW,2008-11-06,13.95,15.29,13.8,14.78,24853791,19.1,20.93,18.89,20.23,18155500,2026-01-24T03:45:13Z
LOW,2008-11-07,14.36,14.63,13.84,14.06,15671298,19.66,20.03,18.94,19.25,11447700,2026-01-24T03:45:13Z
LOW,2008-11-10,14.19,14.85,13.96,14.65,11747059,19.42,20.33,19.11,20.05,8581100,2026-01-24T03:45:13Z
LOW,2008-11-11,13.92,14.46,13.51,14.02,15456101,19.05,19.79,18.5,19.19,11290500,2026-01-24T03:45:13Z
LOW,2008-11-12,13.4,13.76,13.33,13.45,18512630,18.35,18.83,18.25,18.41,13523300,2026-01-24T03:45:13Z
LOW,2008-11-13,14.41,14.5,12.89,13.52,33411470,19.73,19.85,17.64,18.51,24406800,2026-01-24T03:45:13Z
LOW,2008-11-14,13.32,14.7,13.25,14.06,24365896,18.23,20.12,18.14,19.25,17799000,2026-01-24T03:45:13Z
LOW,2008-11-17,13.87,14.61,13.02,13.08,40282565,18.99,20,17.82,17.9,29426000,2026-01-24T03:45:13Z
LOW,2008-11-18,13.95,14.24,13.15,14.03,28993055,19.1,19.49,18,19.21,21179200,2026-01-24T03:45:13Z
LOW,2008-11-19,13.18,14.21,13.15,13.88,25435195,18.04,19.46,18,19,18580100,2026-01-24T03:45:13Z
LOW,2008-11-20,12.29,13.5,12.13,13.01,29558614,16.82,18.48,16.61,17.81,21592200,2026-01-24T03:45:13Z
LOW,2008-11-21,12.53,12.6,11.58,12.56,29816570,17.15,17.25,15.85,17.2,21780700,2026-01-24T03:45:13Z
LOW,2008-11-24,14.22,14.62,12.33,12.78,30031012,19.46,20.01,16.88,17.5,21937300,2026-01-24T03:45:13Z
LOW,2008-11-25,14.98,15.15,14.27,14.36,29444384,20.51,20.74,19.54,19.66,21508900,2026-01-24T03:45:13Z
LOW,2008-11-26,15.53,16.07,14.49,14.61,24701530,21.26,22,19.83,20,18044200,2026-01-24T03:45:13Z
LOW,2008-11-28,15.09,15.5,14.89,15.5,8883366,20.66,21.22,20.39,21.22,6489200,2026-01-24T03:45:13Z
LOW,2008-12-01,13.88,15.09,13.8,14.72,22033170,19,20.66,18.89,20.15,16095000,2026-01-24T03:45:13Z
LOW,2008-12-02,14.43,14.46,13.48,14.02,18936437,19.75,19.8,18.46,19.19,13832900,2026-01-24T03:45:13Z
LOW,2008-12-03,15.53,15.73,13.95,14.06,32520126,21.26,21.53,19.1,19.25,23755600,2026-01-24T03:45:13Z
LOW,2008-12-04,15.69,16.76,15.16,15.24,42670603,21.48,22.94,20.75,20.86,31170400,2026-01-24T03:45:13Z
LOW,2008-12-05,16.32,16.59,15.3,15.49,38370009,22.34,22.71,20.94,21.2,28029000,2026-01-24T03:45:13Z
LOW,2008-12-08,16.7,17.33,16.44,16.79,25263731,22.86,23.73,22.51,22.98,18454900,2026-01-24T03:45:13Z
LOW,2008-12-09,16.14,17.13,15.9,16.48,35968239,22.09,23.45,21.76,22.56,26274400,2026-01-24T03:45:13Z
LOW,2008-12-10,16.65,16.9,15.94,16.22,19347113,22.79,23.13,21.82,22.21,14132900,2026-01-24T03:45:13Z
LOW,2008-12-11,15.72,16.49,15.57,16.49,23508658,21.52,22.58,21.32,22.58,17172900,2026-01-24T03:45:13Z
LOW,2008-12-12,16.06,16.3,15.16,15.41,21456387,21.99,22.31,20.75,21.1,15673700,2026-01-24T03:45:13Z
LOW,2008-12-15,16.03,16.44,15.74,16.11,16224265,21.94,22.5,21.55,22.06,11851700,2026-01-24T03:45:13Z
LOW,2008-12-16,16.47,16.59,15.75,16.13,24742898,22.54,22.71,21.56,22.08,18074500,2026-01-24T03:45:13Z
LOW,2008-12-17,16.79,17.04,16.08,16.38,26216039,22.98,23.33,22.01,22.42,19150600,2026-01-24T03:45:13Z
LOW,2008-12-18,16.58,17.13,16.33,16.79,29581830,22.7,23.45,22.35,22.98,21609200,2026-01-24T03:45:13Z
LOW,2008-12-19,16.47,16.8,15.81,16.67,33795971,22.54,23,21.64,22.82,24687700,2026-01-24T03:45:13Z
LOW,2008-12-22,15.6,16.26,15.21,16.2,18691517,21.35,22.26,20.82,22.18,13654000,2026-01-24T03:45:13Z
LOW,2008-12-23,15.42,15.87,15.32,15.65,11757407,21.11,21.72,20.97,21.43,8588700,2026-01-24T03:45:13Z
LOW,2008-12-24,15.52,15.76,15.38,15.47,4504238,21.24,21.58,21.06,21.18,3290300,2026-01-24T03:45:13Z
LOW,2008-12-26,15.44,15.84,15.28,15.6,4638789,21.13,21.69,20.92,21.35,3388600,2026-01-24T03:45:13Z
LOW,2008-12-29,15.52,15.59,15.22,15.33,7059924,21.25,21.34,20.84,20.98,5157200,2026-01-24T03:45:13Z
LOW,2008-12-30,15.72,15.77,15.46,15.51,9689079,21.52,21.59,21.16,21.23,7077800,2026-01-24T03:45:13Z
LOW,2008-12-31,15.72,16.09,15.65,15.7,14934033,21.52,22.02,21.43,21.49,10909200,2026-01-24T03:45:13Z
LOW,2009-01-02,16.54,16.6,15.71,15.71,11350321,22.64,22.73,21.5,21.5,8291300,2026-01-24T03:45:13Z
LOW,2009-01-05,16.77,16.82,16.33,16.38,14709533,22.96,23.02,22.35,22.42,10745200,2026-01-24T03:45:13Z
LOW,2009-01-06,16.77,16.93,16.44,16.93,17853031,22.96,23.17,22.5,23.17,13041500,2026-01-24T03:45:13Z
LOW,2009-01-07,16.17,16.48,16.06,16.32,16852600,22.13,22.56,21.99,22.34,12310700,2026-01-24T03:45:13Z
LOW,2009-01-08,16.03,16.17,15.69,16.11,13750458,21.95,22.14,21.48,22.06,10044600,2026-01-24T03:45:13Z
LOW,2009-01-09,15.48,16.07,15.34,16,15873027,21.19,22,21,21.9,11595100,2026-01-24T03:45:13Z
LOW,2009-01-12,14.78,15.55,14.63,15.44,17892251,20.23,21.29,20.03,21.13,13070100,2026-01-24T03:45:13Z
LOW,2009-01-13,14.83,15.02,14.59,14.77,17006057,20.3,20.56,19.97,20.22,12422800,2026-01-24T03:45:13Z
LOW,2009-01-14,14.35,14.64,14.24,14.64,15153563,19.56,19.96,19.41,19.96,11116100,2026-01-24T03:45:13Z
LOW,2009-01-15,15.07,15.2,14.36,14.36,22414002,20.54,20.72,19.57,19.57,16442100,2026-01-24T03:45:13Z
LOW,2009-01-16,15.43,15.52,14.94,15.33,21084168,21.04,21.15,20.37,20.9,15466500,2026-01-24T03:45:13Z
LOW,2009-01-20,14.58,15.48,14.52,15.05,14288204,19.87,21.1,19.79,20.52,10481300,2026-01-24T03:45:13Z
LOW,2009-01-21,14.85,14.9,14.35,14.67,18229308,20.25,20.31,19.56,20,13372300,2026-01-24T03:45:13Z
LOW,2009-01-22,14.88,15.18,14.47,14.55,21953251,20.29,20.69,19.72,19.83,16104100,2026-01-24T03:45:13Z
LOW,2009-01-23,14.71,14.91,14.37,14.37,17863405,20.05,20.32,19.59,19.59,13103900,2026-01-24T03:45:13Z
LOW,2009-01-26,15.15,15.36,14.82,14.92,21220638,20.65,20.94,20.2,20.34,15566700,2026-01-24T03:45:13Z
LOW,2009-01-27,14.63,15.26,14.41,15.21,19675263,19.94,20.8,19.64,20.73,14433000,2026-01-24T03:45:13Z
LOW,2009-01-28,14.63,14.99,14.49,14.94,25917691,19.94,20.43,19.76,20.37,19012200,2026-01-24T03:45:13Z
LOW,2009-01-29,14.21,14.67,14.12,14.36,14725268,19.37,20,19.25,19.58,10801900,2026-01-24T03:45:13Z
LOW,2009-01-30,13.4,14.49,13.31,14.32,29194486,18.27,19.75,18.15,19.52,21416000,2026-01-24T03:45:13Z
LOW,2009-02-02,13.5,13.72,13.2,13.2,19346115,18.41,18.71,18,18,14191600,2026-01-24T03:45:13Z
LOW,2009-02-03,13.89,13.99,13.26,13.51,13913308,18.94,19.07,18.08,18.42,10206300,2026-01-24T03:45:13Z
LOW,2009-02-04,13.5,14.05,13.46,13.94,15174832,18.41,19.15,18.35,19,11131700,2026-01-24T03:45:13Z
LOW,2009-02-05,13.81,13.9,13.32,13.49,25994478,18.83,18.95,18.16,18.39,19068600,2026-01-24T03:45:13Z
LOW,2009-02-06,14.11,14.24,13.83,13.83,47391470,19.24,19.41,18.85,18.85,34764500,2026-01-24T03:45:13Z
LOW,2009-02-09,13.95,14.26,13.67,14.08,16411990,19.01,19.44,18.64,19.2,12039200,2026-01-24T03:45:13Z
LOW,2009-02-10,13.34,13.97,13.21,13.9,23644478,18.19,19.04,18.01,18.95,17344700,2026-01-24T03:45:13Z
LOW,2009-02-11,13.4,13.58,13.09,13.39,21936351,18.27,18.51,17.85,18.25,16091700,2026-01-24T03:45:13Z
LOW,2009-02-12,13.59,13.64,12.92,13.18,23624457,18.53,18.59,17.61,17.97,17330000,2026-01-24T03:45:13Z
LOW,2009-02-13,13.06,13.68,13.02,13.54,20601671,17.8,18.65,17.75,18.46,15112600,2026-01-24T03:45:13Z
LOW,2009-02-17,12.52,12.85,12.48,12.77,29823798,17.07,17.52,17.01,17.41,21877600,2026-01-24T03:45:13Z
LOW,2009-02-18,12.39,12.69,12.32,12.6,24594571,16.89,17.3,16.79,17.17,18041700,2026-01-24T03:45:13Z
LOW,2009-02-19,12.46,12.65,12.43,12.54,31599600,16.98,17.25,16.94,17.09,23180300,2026-01-24T03:45:13Z
LOW,2009-02-20,11.63,12.35,11.41,11.96,45066782,15.86,16.84,15.55,16.3,33059300,2026-01-24T03:45:13Z
LOW,2009-02-23,11.07,11.81,10.97,11.8,21677280,15.09,16.1,14.96,16.08,15901700,2026-01-24T03:45:13Z
LOW,2009-02-24,11.45,11.54,10.94,11.16,42470174,15.61,15.73,14.91,15.21,31154500,2026-01-24T03:45:13Z
LOW,2009-02-25,11.27,11.62,11.07,11.41,40380670,15.37,15.84,15.09,15.55,29621600,2026-01-24T03:45:13Z
LOW,2009-02-26,11.68,11.96,11.31,11.44,32499522,15.92,16.31,15.42,15.59,23840400,2026-01-24T03:45:13Z
LOW,2009-02-27,11.62,11.96,11.38,11.41,22540331,15.84,16.3,15.51,15.56,16534700,2026-01-24T03:45:13Z
LOW,2009-03-02,10.78,11.66,10.74,11.34,32041350,14.7,15.9,14.64,15.46,23504400,2026-01-24T03:45:13Z
LOW,2009-03-03,10.37,11.07,10.25,10.93,36829898,14.14,15.09,13.97,14.9,27017100,2026-01-24T03:45:13Z
LOW,2009-03-04,10.39,10.53,10.21,10.5,26615843,14.16,14.36,13.92,14.31,19524300,2026-01-24T03:45:13Z
LOW,2009-03-05,9.84,10.4,9.7,10.24,27524741,13.42,14.18,13.22,13.96,20191100,2026-01-24T03:45:13Z
LOW,2009-03-06,9.82,10.14,9.65,10.12,29236777,13.39,13.83,13.16,13.79,21447000,2026-01-24T03:45:13Z
LOW,2009-03-09,10.04,10.39,9.54,9.68,32309971,13.68,14.16,13,13.2,23701300,2026-01-24T03:45:13Z
LOW,2009-03-10,10.73,10.95,10.13,10.18,29822323,14.63,14.92,13.81,13.88,21876500,2026-01-24T03:45:13Z
LOW,2009-03-11,11.08,11.24,10.76,10.93,25121908,15.1,15.33,14.67,14.9,18428500,2026-01-24T03:45:13Z
LOW,2009-03-12,11.45,11.51,10.86,11.1,19901935,15.61,15.69,14.81,15.13,14599300,2026-01-24T03:45:13Z
LOW,2009-03-13,11.66,11.67,11.15,11.65,21058889,15.89,15.91,15.2,15.88,15448000,2026-01-24T03:45:13Z
LOW,2009-03-16,11.34,11.91,11.31,11.74,18945721,15.46,16.24,15.42,16.01,13897900,2026-01-24T03:45:13Z
LOW,2009-03-17,12.05,12.06,11.39,11.55,23311026,16.42,16.44,15.53,15.74,17100100,2026-01-24T03:45:13Z
LOW,2009-03-18,12.61,12.84,11.76,11.98,33991619,17.19,17.5,16.03,16.33,24934900,2026-01-24T03:45:13Z
LOW,2009-03-19,12.92,13.14,12.57,12.6,38974701,17.61,17.92,17.13,17.17,28590300,2026-01-24T03:45:13Z
LOW,2009-03-20,12.49,13.01,12.24,12.99,25095277,17.03,17.74,16.68,17.71,18409000,2026-01-24T03:45:13Z
LOW,2009-03-23,13.25,13.26,12.46,12.72,24661501,18.06,18.07,16.98,17.34,18090700,2026-01-24T03:45:13Z
LOW,2009-03-24,13.09,13.49,13.09,13.1,22394941,17.85,18.39,17.84,17.86,16428100,2026-01-24T03:45:13Z
LOW,2009-03-25,13.54,13.97,13.13,13.23,35018868,18.46,19.04,17.9,18.04,25688600,2026-01-24T03:45:13Z
LOW,2009-03-26,14.03,14.28,13.67,13.7,30387765,19.12,19.47,18.63,18.68,22291300,2026-01-24T03:45:13Z
LOW,2009-03-27,13.8,14.08,13.57,13.84,19088776,18.81,19.19,18.5,18.87,14002800,2026-01-24T03:45:13Z
LOW,2009-03-30,13.53,13.64,13.17,13.46,19751733,18.45,18.6,17.95,18.35,14489100,2026-01-24T03:45:13Z
LOW,2009-03-31,13.39,13.57,12.98,13.48,23992530,18.25,18.5,17.69,18.38,17600000,2026-01-24T03:45:13Z
LOW,2009-04-01,13.56,13.65,12.95,13.15,18902459,18.48,18.61,17.65,17.93,13866100,2026-01-24T03:45:13Z
LOW,2009-04-02,14.19,14.61,13.76,13.76,25842784,19.34,19.92,18.76,18.76,18957300,2026-01-24T03:45:13Z
LOW,2009-04-03,14.03,14.33,13.86,14.15,18280262,19.12,19.53,18.9,19.29,13409700,2026-01-24T03:45:13Z
LOW,2009-04-06,14.23,14.33,13.82,13.91,20543324,19.4,19.53,18.84,18.96,15069800,2026-01-24T03:45:13Z
LOW,2009-04-07,13.65,14.08,13.55,14,15225558,18.61,19.2,18.47,19.08,11168900,2026-01-24T03:45:13Z
LOW,2009-04-08,14.27,14.27,13.83,13.83,19583457,19.45,19.45,18.85,18.85,14365700,2026-01-24T03:45:13Z
LOW,2009-04-09,14.91,15.13,14.44,14.58,32917008,20.32,20.62,19.68,19.87,24146700,2026-01-24T03:45:13Z
LOW,2009-04-13,14.88,14.99,14.67,14.76,14745211,20.28,20.43,20,20.12,10816500,2026-01-24T03:45:13Z
LOW,2009-04-14,14.55,14.78,14.38,14.63,16824929,19.83,20.15,19.61,19.94,12342100,2026-01-24T03:45:13Z
LOW,2009-04-15,14.31,14.57,14.12,14.57,24927057,19.43,19.78,19.17,19.78,18364300,2026-01-24T03:45:13Z
LOW,2009-04-16,14.83,14.92,14.18,14.38,24711786,20.13,20.25,19.24,19.52,18205700,2026-01-24T03:45:13Z
LOW,2009-04-17,15.27,15.38,14.98,15.04,25152984,20.73,20.87,20.34,20.42,18530700,2026-01-24T03:45:13Z
LOW,2009-04-20,14.53,15.1,14.48,14.98,15454194,19.72,20.49,19.66,20.33,11385400,2026-01-24T03:45:13Z
LOW,2009-04-21,15.14,15.19,14.32,14.51,26963153,20.55,20.62,19.44,19.7,19864300,2026-01-24T03:45:13Z
LOW,2009-04-22,15.4,16.08,14.9,14.9,36817087,20.9,21.83,20.23,20.23,27123800,2026-01-24T03:45:13Z
LOW,2009-04-23,15.01,15.63,14.76,15.35,24157867,20.37,21.22,20.03,20.84,17797600,2026-01-24T03:45:13Z
LOW,2009-04-24,15.54,15.77,14.99,15.1,20405884,21.09,21.4,20.35,20.5,15033400,2026-01-24T03:45:13Z
LOW,2009-04-27,15.33,15.57,15.1,15.44,14873262,20.81,21.13,20.49,20.96,10957400,2026-01-24T03:45:13Z
LOW,2009-04-28,15.59,15.77,15.06,15.17,17238972,21.16,21.41,20.44,20.59,12700300,2026-01-24T03:45:13Z
LOW,2009-04-29,15.66,16.16,15.54,15.73,20128908,21.26,21.94,21.09,21.35,14829400,2026-01-24T03:45:13Z
LOW,2009-04-30,15.84,16.27,15.29,15.79,17695574,21.5,22.09,20.75,21.44,13036700,2026-01-24T03:45:13Z
LOW,2009-05-01,15.36,16.02,15.18,15.87,15519748,20.85,21.75,20.6,21.54,11433700,2026-01-24T03:45:13Z
LOW,2009-05-04,15.49,15.73,15.29,15.54,22219231,21.02,21.35,20.76,21.1,16369400,2026-01-24T03:45:13Z
LOW,2009-05-05,15.49,15.55,15.32,15.45,12247629,21.02,21.11,20.8,20.97,9023100,2026-01-24T03:45:13Z
LOW,2009-05-06,15.36,15.6,14.91,15.54,16387785,20.85,21.18,20.24,21.1,12073200,2026-01-24T03:45:13Z
LOW,2009-05-07,15.01,15.56,14.89,15.54,23116224,20.37,21.12,20.21,21.1,17030200,2026-01-24T03:45:13Z
LOW,2009-05-08,14.59,15.1,14.23,14.96,35722416,19.8,20.5,19.31,20.3,26317500,2026-01-24T03:45:13Z
LOW,2009-05-11,14.02,14.23,13.98,14.09,27501865,19.03,19.32,18.97,19.12,20261200,2026-01-24T03:45:13Z
LOW,2009-05-12,14.17,14.25,13.83,14.12,21322113,19.23,19.34,18.77,19.17,15708400,2026-01-24T03:45:13Z
LOW,2009-05-13,13.94,14.09,13.68,13.91,23362000,18.92,19.13,18.57,18.88,17211200,2026-01-24T03:45:13Z
LOW,2009-05-14,13.9,14.34,13.87,13.94,22153610,18.87,19.46,18.82,18.92,16321000,2026-01-24T03:45:13Z
LOW,2009-05-15,13.59,14.08,13.48,13.99,30663990,18.45,19.11,18.3,18.99,22590800,2026-01-24T03:45:13Z
LOW,2009-05-18,14.69,15.21,14.14,14.96,73694609,19.94,20.65,19.19,20.31,54292300,2026-01-24T03:45:13Z
LOW,2009-05-19,14.77,15.02,14.35,14.61,35810705,20.05,20.39,19.48,19.83,26382400,2026-01-24T03:45:13Z
LOW,2009-05-20,14.53,15.21,14.38,14.79,28344859,19.72,20.64,19.52,20.08,20882200,2026-01-24T03:45:13Z
LOW,2009-05-21,14.22,14.57,14.03,14.29,19569707,19.3,19.78,19.05,19.4,14417400,2026-01-24T03:45:13Z
LOW,2009-05-22,14.27,14.47,14.06,14.26,15291119,19.37,19.64,19.09,19.35,11265300,2026-01-24T03:45:13Z
LOW,2009-05-26,14.76,15.01,14.14,14.14,21669654,20.04,20.38,19.19,19.19,15964500,2026-01-24T03:45:13Z
LOW,2009-05-27,14.46,14.97,14.39,14.94,17557568,19.63,20.32,19.53,20.28,12935000,2026-01-24T03:45:13Z
LOW,2009-05-28,14.01,14.68,13.82,14.6,26077778,19.02,19.93,18.76,19.82,19212000,2026-01-24T03:45:13Z
LOW,2009-05-29,14.01,14.25,13.69,14.14,24600201,19.01,19.34,18.58,19.19,18123400,2026-01-24T03:45:13Z
LOW,2009-06-01,14.87,15,14.17,14.17,24016331,20.18,20.36,19.23,19.23,17693300,2026-01-24T03:45:13Z
LOW,2009-06-02,15.17,15.29,14.59,14.79,16610070,20.59,20.76,19.81,20.08,12237000,2026-01-24T03:45:13Z
LOW,2009-06-03,14.96,15.23,14.76,15,15340986,20.3,20.67,20.03,20.36,11302000,2026-01-24T03:45:13Z
LOW,2009-06-04,14.8,15.03,14.48,14.97,14042788,20.09,20.4,19.65,20.32,10345600,2026-01-24T03:45:13Z
LOW,2009-06-05,14.76,15.04,14.52,14.98,15011642,20.04,20.41,19.71,20.34,11059400,2026-01-24T03:45:13Z
LOW,2009-06-08,14.82,15.01,14.46,14.79,15359471,20.11,20.37,19.63,20.07,11315600,2026-01-24T03:45:13Z
LOW,2009-06-09,15.07,15.26,14.8,14.85,22172180,20.46,20.71,20.09,20.16,16334700,2026-01-24T03:45:13Z
LOW,2009-06-10,15.01,15.46,14.79,15.42,19821489,20.37,20.99,20.08,20.93,14602900,2026-01-24T03:45:13Z
LOW,2009-06-11,14.7,15.13,14.67,14.99,18087017,19.95,20.54,19.91,20.35,13325100,2026-01-24T03:45:13Z
LOW,2009-06-12,14.62,14.68,14.4,14.63,15653563,19.85,19.93,19.54,19.86,11532300,2026-01-24T03:45:13Z
LOW,2009-06-15,14.48,14.56,14.37,14.48,13235842,19.66,19.76,19.5,19.66,9751100,2026-01-24T03:45:13Z
LOW,2009-06-16,14.07,14.62,14.02,14.58,17004910,19.1,19.85,19.03,19.79,12527900,2026-01-24T03:45:13Z
LOW,2009-06-17,14.01,14.27,13.67,14.01,26261837,19.02,19.37,18.55,19.02,19347600,2026-01-24T03:45:13Z
LOW,2009-06-18,13.56,14.09,13.56,14.03,27052778,18.41,19.13,18.4,19.05,19930300,2026-01-24T03:45:13Z
LOW,2009-06-19,13.84,13.96,13.65,13.67,22362501,18.78,18.95,18.53,18.55,16474900,2026-01-24T03:45:13Z
LOW,2009-06-22,13.75,14.02,13.28,13.7,18903240,18.66,19.03,18.03,18.6,13926400,2026-01-24T03:45:13Z
LOW,2009-06-23,13.49,13.81,13.4,13.77,16282357,18.31,18.74,18.19,18.69,11995500,2026-01-24T03:45:13Z
LOW,2009-06-24,13.39,13.67,13.28,13.56,23201298,18.18,18.55,18.02,18.41,17092900,2026-01-24T03:45:13Z
LOW,2009-06-25,13.9,14.01,13.35,13.36,18403201,18.87,19.01,18.12,18.14,13558000,2026-01-24T03:45:13Z
LOW,2009-06-26,14.16,14.45,13.82,13.87,27736914,19.22,19.62,18.76,18.83,20434400,2026-01-24T03:45:13Z
LOW,2009-06-29,14.34,14.55,14.13,14.24,17570494,19.47,19.75,19.18,19.33,12944500,2026-01-24T03:45:13Z
LOW,2009-06-30,14.3,14.48,14.01,14.32,15179889,19.41,19.65,19.02,19.44,11183300,2026-01-24T03:45:13Z
LOW,2009-07-01,14.37,14.54,14.25,14.35,11120513,19.51,19.73,19.34,19.48,8192700,2026-01-24T03:45:13Z
LOW,2009-07-02,13.72,14.31,13.64,14.18,18072844,18.62,19.43,18.51,19.24,13314600,2026-01-24T03:45:13Z
LOW,2009-07-06,13.9,14.03,13.64,13.7,16036494,18.87,19.05,18.52,18.6,11814400,2026-01-24T03:45:13Z
LOW,2009-07-07,13.73,13.91,13.68,13.89,13097778,18.63,18.88,18.57,18.86,9649400,2026-01-24T03:45:13Z
LOW,2009-07-08,13.89,13.96,13.58,13.72,29055891,18.85,18.95,18.43,18.63,21406100,2026-01-24T03:45:13Z
LOW,2009-07-09,13.96,14.07,13.72,13.98,15528201,18.95,19.1,18.62,18.98,11439900,2026-01-24T03:45:13Z
LOW,2009-07-10,13.89,14.06,13.78,13.85,12141629,18.85,19.08,18.7,18.8,8945000,2026-01-24T03:45:13Z
LOW,2009-07-13,14.19,14.23,13.77,13.88,20623612,19.26,19.31,18.69,18.84,15193800,2026-01-24T03:45:13Z
LOW,2009-07-14,14.42,14.47,14.09,14.18,13574230,19.57,19.64,19.12,19.25,10000400,2026-01-24T03:45:13Z
LOW,2009-07-15,14.82,14.85,14.4,14.57,14010339,20.03,20.06,19.46,19.68,10369400,2026-01-24T03:45:13Z
LOW,2009-07-16,14.88,14.94,14.54,14.77,14256928,20.1,20.19,19.65,19.95,10551900,2026-01-24T03:45:13Z
LOW,2009-07-17,15.11,15.22,14.88,14.9,21050029,20.42,20.56,20.1,20.13,15579600,2026-01-24T03:45:13Z
LOW,2009-07-20,15.36,15.37,15.1,15.16,11553448,20.75,20.76,20.4,20.49,8551000,2026-01-24T03:45:13Z
LOW,2009-07-21,15.22,15.43,14.96,15.37,12781953,20.56,20.85,20.22,20.77,9460200,2026-01-24T03:45:13Z
LOW,2009-07-22,15.36,15.52,15.11,15.14,12305213,20.75,20.97,20.41,20.45,9107400,2026-01-24T03:45:13Z
LOW,2009-07-23,16.02,16.21,15.21,15.36,24105394,21.65,21.9,20.55,20.75,17841000,2026-01-24T03:45:13Z
LOW,2009-07-24,16.28,16.33,15.8,15.91,14213048,22,22.06,21.35,21.5,10519400,2026-01-24T03:45:13Z
LOW,2009-07-27,15.75,16.28,15.56,16.08,16861001,21.28,22,21.02,21.72,12479200,2026-01-24T03:45:13Z
LOW,2009-07-28,15.99,16.02,15.61,15.68,10257727,21.61,21.64,21.09,21.18,7592000,2026-01-24T03:45:13Z
LOW,2009-07-29,16.02,16.28,15.84,15.92,9598245,21.64,22,21.4,21.51,7103900,2026-01-24T03:45:13Z
LOW,2009-07-30,16.39,16.7,16.09,16.09,15789291,22.15,22.57,21.74,21.74,11686000,2026-01-24T03:45:13Z
LOW,2009-07-31,16.62,16.79,16.36,16.39,13906171,22.46,22.68,22.1,22.14,10292300,2026-01-24T03:45:13Z
LOW,2009-08-03,16.83,16.88,16.51,16.81,13339671,22.74,22.8,22.31,22.71,9873000,2026-01-24T03:45:13Z
LOW,2009-08-04,16.73,16.99,16.67,16.8,17139430,22.61,22.95,22.52,22.7,12685300,2026-01-24T03:45:13Z
LOW,2009-08-05,16.63,16.9,16.46,16.74,12562208,22.47,22.84,22.24,22.62,9297600,2026-01-24T03:45:13Z
LOW,2009-08-06,16.82,17.02,16.59,16.68,13121869,22.73,23,22.41,22.54,9711800,2026-01-24T03:45:13Z
LOW,2009-08-07,17.65,17.83,16.88,16.95,17334079,23.85,24.09,22.81,22.9,12829400,2026-01-24T03:45:13Z
LOW,2009-08-10,17.27,17.58,17.02,17.56,13765931,23.33,23.75,23,23.73,10188500,2026-01-24T03:45:13Z
LOW,2009-08-11,17.22,17.36,17.02,17.25,11621285,23.26,23.45,22.99,23.31,8601200,2026-01-24T03:45:13Z
LOW,2009-08-12,16.91,17.38,16.82,17.19,21248237,22.85,23.48,22.73,23.23,15726300,2026-01-24T03:45:13Z
LOW,2009-08-13,17.25,17.29,16.6,16.97,18304354,23.31,23.36,22.43,22.93,13547500,2026-01-24T03:45:13Z
LOW,2009-08-14,16.9,17.33,16.7,17.23,15479732,22.83,23.41,22.57,23.28,11456900,2026-01-24T03:45:13Z
LOW,2009-08-17,15.15,16.5,14.99,15.12,55497867,20.47,22.29,20.25,20.43,41075200,2026-01-24T03:45:13Z
LOW,2009-08-18,14.8,15.3,14.71,15.27,56085521,19.99,20.67,19.87,20.63,41510300,2026-01-24T03:45:13Z
LOW,2009-08-19,14.97,15,14.57,14.68,40804804,20.22,20.27,19.69,19.84,30200600,2026-01-24T03:45:13Z
LOW,2009-08-20,15.09,15.15,14.91,15,24705229,20.39,20.47,20.14,20.27,18284900,2026-01-24T03:45:13Z
LOW,2009-08-21,15.66,15.71,15.16,15.19,24945451,21.16,21.22,20.48,20.52,18462700,2026-01-24T03:45:13Z
LOW,2009-08-24,15.34,15.85,15.29,15.67,18618734,20.72,21.42,20.66,21.17,13780200,2026-01-24T03:45:13Z
LOW,2009-08-25,15.59,15.72,15.4,15.64,47671778,21.07,21.24,20.81,21.13,35283000,2026-01-24T03:45:13Z
LOW,2009-08-26,15.98,16.25,15.48,15.5,23167437,21.59,21.96,20.91,20.94,17146800,2026-01-24T03:45:13Z
LOW,2009-08-27,16.06,16.21,15.81,16.03,17338572,21.7,21.9,21.36,21.66,12832700,2026-01-24T03:45:13Z
LOW,2009-08-28,16.06,16.25,15.79,16.14,14278410,21.7,21.95,21.34,21.81,10567800,2026-01-24T03:45:13Z
LOW,2009-08-31,15.91,15.99,15.74,15.95,11634106,21.5,21.61,21.27,21.55,8610700,2026-01-24T03:45:13Z
LOW,2009-09-01,15.44,15.99,15.29,15.73,20289691,20.86,21.61,20.66,21.26,15016900,2026-01-24T03:45:13Z
LOW,2009-09-02,15.44,15.51,15.21,15.4,14299348,20.86,20.96,20.55,20.81,10583300,2026-01-24T03:45:13Z
LOW,2009-09-03,15.77,15.78,15.39,15.45,12556307,21.31,21.32,20.8,20.87,9293200,2026-01-24T03:45:13Z
LOW,2009-09-04,16,16.02,15.71,15.82,11917719,21.62,21.65,21.23,21.37,8820600,2026-01-24T03:45:13Z
LOW,2009-09-08,16.11,16.23,16.03,16.2,14996271,21.77,21.93,21.66,21.89,11099100,2026-01-24T03:45:13Z
LOW,2009-09-09,16.08,16.15,15.94,16.11,14094929,21.72,21.82,21.54,21.76,10432000,2026-01-24T03:45:13Z
LOW,2009-09-10,16.18,16.24,16.01,16.12,13351825,21.86,21.94,21.63,21.78,9882000,2026-01-24T03:45:13Z
LOW,2009-09-11,15.86,16.25,15.79,16.23,14424977,21.43,21.95,21.34,21.93,10676300,2026-01-24T03:45:13Z
LOW,2009-09-14,15.81,15.88,15.62,15.73,11003595,21.36,21.46,21.1,21.26,8144000,2026-01-24T03:45:13Z
LOW,2009-09-15,15.7,15.93,15.45,15.88,23258174,21.21,21.52,20.88,21.45,17213900,2026-01-24T03:45:13Z
LOW,2009-09-16,15.99,16.09,15.73,15.78,16842019,21.6,21.74,21.25,21.32,12465200,2026-01-24T03:45:13Z
LOW,2009-09-17,16.03,16.26,15.91,16.05,18405413,21.66,21.97,21.5,21.69,13622300,2026-01-24T03:45:13Z
LOW,2009-09-18,16.26,16.33,16.08,16.09,18431667,21.97,22.06,21.72,21.74,13641700,2026-01-24T03:45:13Z
LOW,2009-09-21,16.25,16.56,15.99,16.16,17625042,21.95,22.37,21.6,21.84,13044700,2026-01-24T03:45:13Z
LOW,2009-09-22,15.59,16.15,15.49,16.07,32328931,21.07,21.82,20.93,21.71,23927400,2026-01-24T03:45:13Z
LOW,2009-09-23,15.93,16.33,15.73,15.86,32017546,21.53,22.06,21.25,21.43,23697000,2026-01-24T03:45:13Z
LOW,2009-09-24,15.83,16.09,15.78,15.99,22095829,21.39,21.74,21.32,21.6,16353600,2026-01-24T03:45:13Z
LOW,2009-09-25,15.58,15.71,15.46,15.61,19152072,21.05,21.22,20.89,21.09,14174900,2026-01-24T03:45:13Z
LOW,2009-09-28,15.73,15.9,15.58,15.62,11137077,21.25,21.48,21.05,21.11,8242800,2026-01-24T03:45:13Z
LOW,2009-09-29,15.7,15.9,15.67,15.73,11800342,21.21,21.49,21.17,21.26,8733700,2026-01-24T03:45:13Z
LOW,2009-09-30,15.5,15.8,15.37,15.76,16760025,20.94,21.35,20.76,21.29,12404500,2026-01-24T03:45:13Z
LOW,2009-10-01,15.07,15.58,15.07,15.58,23639862,20.36,21.05,20.36,21.05,17496400,2026-01-24T03:45:13Z
LOW,2009-10-02,14.82,14.96,14.76,14.88,26167884,20.03,20.21,19.94,20.1,19367500,2026-01-24T03:45:13Z
LOW,2009-10-05,15.14,15.22,14.85,14.99,21081788,20.46,20.57,20.07,20.26,15603100,2026-01-24T03:45:13Z
LOW,2009-10-06,15.31,15.45,15.07,15.28,25390685,20.68,20.87,20.36,20.65,18792300,2026-01-24T03:45:13Z
LOW,2009-10-07,14.95,15.34,14.91,15.24,20463065,20.2,20.73,20.15,20.59,15145200,2026-01-24T03:45:13Z
LOW,2009-10-08,15.38,15.51,15.17,15.32,21267081,20.78,20.95,20.5,20.7,15740300,2026-01-24T03:45:13Z
LOW,2009-10-09,15.5,15.51,15.19,15.37,23089640,20.94,20.95,20.52,20.77,17089200,2026-01-24T03:45:13Z
LOW,2009-10-12,15.55,15.8,15.51,15.58,13636098,21.01,21.35,20.96,21.05,10092400,2026-01-24T03:45:13Z
LOW,2009-10-13,15.88,15.95,15.42,15.56,24417874,21.45,21.55,20.84,21.02,18072300,2026-01-24T03:45:13Z
LOW,2009-10-14,16.15,16.34,16.1,16.1,23838458,21.73,21.99,21.66,21.66,17717800,2026-01-24T03:45:13Z
LOW,2009-10-15,16.09,16.17,15.85,16.09,15697164,21.65,21.75,21.33,21.65,11666800,2026-01-24T03:45:13Z
LOW,2009-10-16,15.88,16.02,15.72,16,15345558,21.36,21.55,21.15,21.53,11405500,2026-01-24T03:45:13Z
LOW,2009-10-19,16.17,16.21,15.85,15.88,15327084,21.76,21.81,21.33,21.36,11391700,2026-01-24T03:45:13Z
LOW,2009-10-20,15.9,16.28,15.85,16.22,14475720,21.39,21.9,21.33,21.82,10759000,2026-01-24T03:45:13Z
LOW,2009-10-21,15.43,16.12,15.43,15.86,38400153,20.76,21.69,20.76,21.34,28540600,2026-01-24T03:45:13Z
LOW,2009-10-22,15.73,15.78,15.24,15.44,25173953,21.17,21.23,20.5,20.77,18710300,2026-01-24T03:45:13Z
LOW,2009-10-23,15.39,15.84,15.35,15.73,23722081,20.71,21.31,20.65,21.17,17631200,2026-01-24T03:45:13Z
LOW,2009-10-26,15.12,15.56,15.07,15.41,22767882,20.34,20.94,20.28,20.74,16922000,2026-01-24T03:45:13Z
LOW,2009-10-27,14.81,15.18,14.78,15.13,28824687,19.93,20.42,19.88,20.36,21423700,2026-01-24T03:45:13Z
LOW,2009-10-28,14.49,14.92,14.49,14.86,23999617,19.5,20.07,19.49,19.99,17837500,2026-01-24T03:45:13Z
LOW,2009-10-29,14.85,14.94,14.52,14.72,19760958,19.98,20.1,19.53,19.8,14687200,2026-01-24T03:45:13Z
LOW,2009-10-30,14.55,14.94,14.46,14.87,26110150,19.57,20.1,19.46,20,19406100,2026-01-24T03:45:13Z
LOW,2009-11-02,14.55,14.87,14.37,14.57,17483781,19.58,20,19.34,19.6,12994700,2026-01-24T03:45:13Z
LOW,2009-11-03,14.46,14.72,14.23,14.52,23949327,19.45,19.8,19.15,19.53,17800200,2026-01-24T03:45:13Z
LOW,2009-11-04,14.5,14.79,14.37,14.52,18865527,19.51,19.9,19.34,19.53,14021700,2026-01-24T03:45:13Z
LOW,2009-11-05,14.92,15.01,14.58,14.6,16587158,20.07,20.19,19.62,19.64,12328300,2026-01-24T03:45:13Z
LOW,2009-11-06,15.56,15.65,15.03,15.03,36562222,20.94,21.06,20.22,20.22,27174600,2026-01-24T03:45:13Z
LOW,2009-11-09,15.79,15.83,15.53,15.63,19647428,21.25,21.3,20.89,21.03,14602800,2026-01-24T03:45:13Z
LOW,2009-11-10,15.62,15.97,15.56,15.76,20780330,21.01,21.49,20.94,21.2,15444800,2026-01-24T03:45:13Z
LOW,2009-11-11,15.83,15.95,15.62,15.75,25591859,21.3,21.46,21.01,21.19,19021000,2026-01-24T03:45:13Z
LOW,2009-11-12,15.96,16.12,15.79,15.79,23342067,21.47,21.69,21.25,21.25,17348800,2026-01-24T03:45:13Z
LOW,2009-11-13,16.24,16.3,15.9,16.07,23667312,21.85,21.93,21.4,21.62,17590500,2026-01-24T03:45:13Z
LOW,2009-11-16,16.16,16.52,16.05,16.26,34722834,21.74,22.23,21.59,21.88,25807500,2026-01-24T03:45:13Z
LOW,2009-11-17,15.96,16.12,15.53,16.05,21183998,21.48,21.69,20.9,21.6,15744800,2026-01-24T03:45:13Z
LOW,2009-11-18,16.05,16.14,15.79,15.87,18147784,21.59,21.72,21.25,21.35,13488200,2026-01-24T03:45:13Z
LOW,2009-11-19,15.97,16.05,15.73,15.97,17760265,21.49,21.6,21.16,21.49,13200200,2026-01-24T03:45:13Z
LOW,2009-11-20,15.87,16.06,15.72,15.9,16945643,21.35,21.61,21.15,21.39,12594700,2026-01-24T03:45:13Z
LOW,2009-11-23,16.26,16.37,15.96,15.96,21844747,21.88,22.03,21.47,21.47,16235900,2026-01-24T03:45:13Z
LOW,2009-11-24,16.36,16.43,16.23,16.31,18034857,22.01,22.1,21.84,21.95,13404300,2026-01-24T03:45:13Z
LOW,2009-11-25,16.46,16.53,16.28,16.38,10361100,22.15,22.24,21.91,22.04,7700800,2026-01-24T03:45:13Z
LOW,2009-11-27,16.32,16.5,15.94,16.03,7812795,21.96,22.2,21.45,21.57,5806800,2026-01-24T03:45:13Z
LOW,2009-11-30,16.21,16.45,16.02,16.31,14362892,21.81,22.14,21.55,21.95,10675100,2026-01-24T03:45:13Z
LOW,2009-12-01,16.78,16.86,16.37,16.42,23196354,22.58,22.69,22.02,22.09,17240500,2026-01-24T03:45:13Z
LOW,2009-12-02,16.83,16.95,16.69,16.69,14974557,22.65,22.8,22.45,22.46,11129700,2026-01-24T03:45:13Z
