ticker,tradeDate,clsPx,hiPx,loPx,open,stockVolume,unadjClsPx,unadjHiPx,unadjLoPx,unadjOpen,unadjStockVolume,updatedAt
LRCX,2006-01-03,3.12,3.14,3.02,3.07,34084639,36.69,36.92,35.44,36.09,2901700,2026-03-07T03:45:43Z
LRCX,2006-01-04,3.15,3.19,3.11,3.14,31973112,37.05,37.44,36.56,36.91,2721900,2026-03-07T03:45:43Z
LRCX,2006-01-05,3.21,3.25,3.17,3.17,25795089,37.74,38.22,37.26,37.27,2196000,2026-03-07T03:45:43Z
LRCX,2006-01-06,3.33,3.34,3.21,3.24,32736291,39.07,39.23,37.68,38,2786900,2026-03-07T03:45:43Z
LRCX,2006-01-09,3.36,3.39,3.3,3.32,30740579,39.46,39.8,38.78,38.99,2617000,2026-03-07T03:45:43Z
LRCX,2006-01-10,3.3,3.35,3.27,3.35,30598514,38.76,39.4,38.37,39.35,2604900,2026-03-07T03:45:43Z
LRCX,2006-01-11,3.38,3.4,3.24,3.28,31201984,39.65,39.92,38.09,38.56,2656300,2026-03-07T03:45:43Z
LRCX,2006-01-12,3.35,3.39,3.32,3.34,26893538,39.4,39.8,39.03,39.22,2289500,2026-03-07T03:45:43Z
LRCX,2006-01-13,3.26,3.31,3.23,3.3,30718217,38.29,38.87,37.9,38.75,2615100,2026-03-07T03:45:43Z
LRCX,2006-01-17,3.2,3.23,3.17,3.2,29118002,37.62,37.94,37.22,37.64,2478900,2026-03-07T03:45:43Z
LRCX,2006-01-18,3.26,3.27,3.15,3.19,48881435,38.32,38.45,36.94,37.44,4161300,2026-03-07T03:45:43Z
LRCX,2006-01-19,3.73,3.75,3.58,3.59,140511467,43.85,44,42.04,42.15,11961900,2026-03-07T03:45:43Z
LRCX,2006-01-20,3.58,3.7,3.58,3.69,45908134,42.02,43.49,42.02,43.35,3908200,2026-03-07T03:45:43Z
LRCX,2006-01-23,3.61,3.68,3.58,3.61,31559265,42.46,43.28,42.06,42.41,2686700,2026-03-07T03:45:43Z
LRCX,2006-01-24,3.76,3.79,3.61,3.65,37626135,44.21,44.54,42.39,42.87,3203200,2026-03-07T03:45:43Z
LRCX,2006-01-25,3.73,3.83,3.68,3.77,40057622,43.82,45,43.17,44.3,3410200,2026-03-07T03:45:43Z
LRCX,2006-01-26,3.87,3.87,3.75,3.78,42155075,45.45,45.45,43.99,44.35,3588700,2026-03-07T03:45:43Z
LRCX,2006-01-27,3.94,4.01,3.86,3.88,54917268,46.32,47.11,45.34,45.56,4675200,2026-03-07T03:45:43Z
LRCX,2006-01-30,3.99,4.01,3.95,3.96,30432629,46.86,47.1,46.35,46.55,2590800,2026-03-07T03:45:43Z
LRCX,2006-01-31,3.95,4,3.91,4,36880177,46.43,46.96,45.91,46.96,3139700,2026-03-07T03:45:43Z
LRCX,2006-02-01,3.99,4.04,3.93,3.94,25016691,46.89,47.45,46.17,46.23,2129700,2026-03-07T03:45:43Z
LRCX,2006-02-02,3.92,4.04,3.9,3.99,32523802,46.01,47.5,45.82,46.85,2768800,2026-03-07T03:45:43Z
LRCX,2006-02-03,3.94,4,3.87,3.92,20466136,46.23,47,45.5,46.06,1742300,2026-03-07T03:45:43Z
LRCX,2006-02-06,3.99,3.99,3.89,3.95,23769174,46.85,46.88,45.72,46.38,2023500,2026-03-07T03:45:43Z
LRCX,2006-02-07,3.95,4.01,3.88,4,19037342,46.35,47.1,45.59,47.02,1620700,2026-03-07T03:45:43Z
LRCX,2006-02-08,4.04,4.04,3.95,3.99,27893212,47.41,47.42,46.42,46.82,2374600,2026-03-07T03:45:43Z
LRCX,2006-02-09,4.01,4.13,4.01,4.07,70396824,47.08,48.54,47.08,47.84,5993000,2026-03-07T03:45:43Z
LRCX,2006-02-10,4.09,4.09,3.88,4,54172209,48.03,48.03,45.55,47.02,4611800,2026-03-07T03:45:43Z
LRCX,2006-02-13,3.95,4.09,3.94,4.08,22964229,46.45,48.01,46.25,47.95,1955000,2026-03-07T03:45:43Z
LRCX,2006-02-14,3.99,4,3.9,3.97,25723488,46.86,47.02,45.8,46.66,2189900,2026-03-07T03:45:43Z
LRCX,2006-02-15,4.06,4.07,3.92,3.97,35803238,47.74,47.82,46.09,46.67,3048000,2026-03-07T03:45:43Z
LRCX,2006-02-16,3.93,4.14,3.91,4.1,50890990,46.19,48.57,45.89,48.2,4332400,2026-03-07T03:45:43Z
LRCX,2006-02-17,3.8,3.94,3.78,3.93,48422320,44.62,46.27,44.41,46.12,4122300,2026-03-07T03:45:43Z
LRCX,2006-02-21,3.8,3.82,3.71,3.79,36384526,44.58,44.82,43.57,44.56,3097500,2026-03-07T03:45:43Z
LRCX,2006-02-22,3.76,3.82,3.65,3.82,41098257,44.13,44.81,42.9,44.81,3498800,2026-03-07T03:45:43Z
LRCX,2006-02-23,3.69,3.79,3.68,3.75,28374980,43.4,44.46,43.19,44.04,2415600,2026-03-07T03:45:43Z
LRCX,2006-02-24,3.72,3.79,3.69,3.7,29520238,43.75,44.5,43.31,43.46,2513100,2026-03-07T03:45:43Z
LRCX,2006-02-27,3.61,3.66,3.58,3.62,66674943,42.39,43.04,42,42.49,5676100,2026-03-07T03:45:43Z
LRCX,2006-02-28,3.67,3.67,3.58,3.6,43021297,43.1,43.1,42.05,42.27,3662500,2026-03-07T03:45:43Z
LRCX,2006-03-01,3.8,3.84,3.64,3.66,55011714,44.67,45.14,42.76,43,4683200,2026-03-07T03:45:43Z
LRCX,2006-03-02,3.83,3.87,3.77,3.8,30758026,44.99,45.45,44.24,44.64,2618500,2026-03-07T03:45:43Z
LRCX,2006-03-03,3.73,3.83,3.72,3.77,30052439,43.83,45.03,43.64,44.25,2558400,2026-03-07T03:45:43Z
LRCX,2006-03-06,3.67,3.77,3.66,3.74,20542458,43.13,44.33,42.98,43.88,1748800,2026-03-07T03:45:43Z
LRCX,2006-03-07,3.59,3.69,3.54,3.68,24649750,42.2,43.34,41.58,43.25,2098500,2026-03-07T03:45:43Z
LRCX,2006-03-08,3.56,3.62,3.49,3.59,34356226,41.8,42.5,40.95,42.17,2924800,2026-03-07T03:45:43Z
LRCX,2006-03-09,3.53,3.62,3.53,3.58,25715141,41.44,42.55,41.42,42,2189200,2026-03-07T03:45:43Z
LRCX,2006-03-10,3.49,3.55,3.45,3.54,21618234,40.96,41.74,40.57,41.54,1840400,2026-03-07T03:45:43Z
LRCX,2006-03-13,3.55,3.58,3.48,3.49,35663998,41.71,42.07,40.91,40.94,3036100,2026-03-07T03:45:43Z
LRCX,2006-03-14,3.72,3.74,3.54,3.55,40397921,43.64,43.94,41.57,41.64,3439100,2026-03-07T03:45:43Z
LRCX,2006-03-15,3.87,3.87,3.7,3.72,57774877,45.4,45.46,43.46,43.7,4918500,2026-03-07T03:45:43Z
LRCX,2006-03-16,3.65,3.87,3.65,3.87,47462405,42.9,45.49,42.9,45.45,4040500,2026-03-07T03:45:43Z
LRCX,2006-03-17,3.65,3.71,3.62,3.66,42754370,42.92,43.56,42.55,42.97,3639700,2026-03-07T03:45:43Z
LRCX,2006-03-20,3.67,3.73,3.62,3.67,20759742,43.09,43.82,42.54,43.05,1767300,2026-03-07T03:45:43Z
LRCX,2006-03-21,3.59,3.74,3.58,3.67,40206636,42.2,43.98,42.1,43.09,3422900,2026-03-07T03:45:43Z
LRCX,2006-03-22,3.59,3.61,3.51,3.54,34894154,42.13,42.42,41.17,41.55,2970600,2026-03-07T03:45:43Z
LRCX,2006-03-23,3.63,3.66,3.57,3.59,20506848,42.63,43.04,41.95,42.15,1745800,2026-03-07T03:45:43Z
LRCX,2006-03-24,3.72,3.72,3.63,3.64,18796765,43.67,43.69,42.67,42.81,1600200,2026-03-07T03:45:43Z
LRCX,2006-03-27,3.68,3.77,3.67,3.71,17529477,43.17,44.27,43.14,43.62,1492300,2026-03-07T03:45:43Z
LRCX,2006-03-28,3.58,3.68,3.55,3.67,26919725,42.02,43.17,41.72,43.09,2291700,2026-03-07T03:45:43Z
LRCX,2006-03-29,3.66,3.67,3.57,3.58,22440644,43.05,43.13,41.89,42.09,1910400,2026-03-07T03:45:43Z
LRCX,2006-03-30,3.67,3.73,3.64,3.67,17461325,43.13,43.86,42.77,43.09,1486500,2026-03-07T03:45:43Z
LRCX,2006-03-31,3.66,3.72,3.62,3.68,16180649,43,43.75,42.46,43.24,1377500,2026-03-07T03:45:43Z
LRCX,2006-04-03,3.69,3.75,3.64,3.67,38459769,43.29,44,42.7,43.13,3274100,2026-03-07T03:45:43Z
LRCX,2006-04-04,3.61,3.7,3.6,3.7,27044225,42.39,43.51,42.27,43.49,2302300,2026-03-07T03:45:43Z
LRCX,2006-04-05,3.74,3.77,3.62,3.63,27935479,43.98,44.23,42.5,42.61,2378200,2026-03-07T03:45:43Z
LRCX,2006-04-06,3.88,3.9,3.74,3.75,55423102,45.57,45.85,43.94,44.1,4718200,2026-03-07T03:45:43Z
LRCX,2006-04-07,3.85,3.94,3.81,3.87,42990627,45.28,46.29,44.78,45.5,3659900,2026-03-07T03:45:43Z
LRCX,2006-04-10,3.8,3.84,3.75,3.8,40955142,44.64,45.15,44.1,44.6,3486600,2026-03-07T03:45:43Z
LRCX,2006-04-11,3.81,3.83,3.76,3.8,33449781,44.79,44.99,44.2,44.67,2847600,2026-03-07T03:45:43Z
LRCX,2006-04-12,3.81,3.84,3.74,3.74,49662377,44.71,45.05,43.89,43.89,4227800,2026-03-07T03:45:43Z
LRCX,2006-04-13,3.98,4.07,3.93,3.94,100271937,46.77,47.78,46.19,46.3,8536300,2026-03-07T03:45:43Z
LRCX,2006-04-17,3.84,3.99,3.81,3.99,32188895,45.13,46.92,44.77,46.87,2740300,2026-03-07T03:45:43Z
LRCX,2006-04-18,3.98,4,3.84,3.86,32855039,46.75,46.97,45.15,45.34,2797000,2026-03-07T03:45:43Z
LRCX,2006-04-19,4.06,4.07,3.94,3.98,35352075,47.66,47.84,46.31,46.69,3009600,2026-03-07T03:45:43Z
LRCX,2006-04-20,4.07,4.1,3.99,4.01,43612349,47.78,48.19,46.83,47.1,3712800,2026-03-07T03:45:43Z
LRCX,2006-04-21,3.94,4.12,3.93,4.07,33974421,46.32,48.35,46.1,47.75,2892300,2026-03-07T03:45:43Z
LRCX,2006-04-24,4.01,4.03,3.9,3.95,32348354,47.13,47.38,45.8,46.41,2753900,2026-03-07T03:45:43Z
LRCX,2006-04-25,4.04,4.07,4.01,4.03,24303500,47.43,47.84,47.05,47.38,2069000,2026-03-07T03:45:43Z
LRCX,2006-04-26,4.06,4.09,4.01,4.04,22057782,47.73,48,47.15,47.47,1877800,2026-03-07T03:45:43Z
LRCX,2006-04-27,4.16,4.21,3.98,4.05,52355823,48.88,49.47,46.76,47.54,4457100,2026-03-07T03:45:43Z
LRCX,2006-04-28,4.16,4.18,4.11,4.15,32344296,48.88,49.14,48.22,48.75,2753500,2026-03-07T03:45:43Z
LRCX,2006-05-01,4.12,4.19,4.11,4.17,27221129,48.34,49.18,48.28,48.93,2317400,2026-03-07T03:45:43Z
LRCX,2006-05-02,4.13,4.18,4.09,4.13,17636172,48.54,49.15,48,48.46,1501400,2026-03-07T03:45:43Z
LRCX,2006-05-03,4.42,4.43,4.14,4.14,83337634,51.89,51.98,48.59,48.69,7094700,2026-03-07T03:45:43Z
LRCX,2006-05-04,4.51,4.56,4.4,4.41,64035270,52.97,53.53,51.7,51.84,5451400,2026-03-07T03:45:43Z
LRCX,2006-05-05,4.55,4.58,4.47,4.51,31421864,53.49,53.74,52.48,53.01,2675000,2026-03-07T03:45:43Z
LRCX,2006-05-08,4.42,4.56,4.41,4.53,29232639,51.96,53.54,51.77,53.17,2488600,2026-03-07T03:45:43Z
LRCX,2006-05-09,4.54,4.55,4.35,4.41,44880759,53.31,53.43,51.05,51.76,3820800,2026-03-07T03:45:43Z
LRCX,2006-05-10,4.41,4.54,4.41,4.54,39727642,51.83,53.3,51.75,53.3,3382100,2026-03-07T03:45:43Z
LRCX,2006-05-11,4.17,4.33,4.13,4.28,56712048,48.93,50.89,48.55,50.25,4828000,2026-03-07T03:45:43Z
LRCX,2006-05-12,4.16,4.23,4.11,4.14,40153386,48.84,49.65,48.32,48.6,3418300,2026-03-07T03:45:43Z
LRCX,2006-05-15,4.05,4.19,4,4.13,28124445,47.6,49.22,47.01,48.52,2394300,2026-03-07T03:45:43Z
LRCX,2006-05-16,4.13,4.13,4.04,4.05,29666864,48.48,48.54,47.45,47.55,2525600,2026-03-07T03:45:43Z
LRCX,2006-05-17,4.04,4.11,4,4.03,37419658,47.45,48.29,47,47.34,3185600,2026-03-07T03:45:43Z
LRCX,2006-05-18,3.97,4.15,3.97,4.05,25417361,46.64,48.78,46.58,47.51,2163800,2026-03-07T03:45:43Z
LRCX,2006-05-19,4.05,4.09,3.96,3.97,36460162,47.61,48,46.54,46.61,3103900,2026-03-07T03:45:43Z
LRCX,2006-05-22,3.98,4.03,3.89,4.02,34084918,46.77,47.3,45.72,47.19,2901700,2026-03-07T03:45:43Z
LRCX,2006-05-23,3.79,4.04,3.79,4.02,37156235,44.56,47.48,44.46,47.26,3163200,2026-03-07T03:45:43Z
LRCX,2006-05-24,3.9,3.94,3.76,3.79,47255925,45.77,46.3,44.2,44.52,4023000,2026-03-07T03:45:43Z
LRCX,2006-05-25,3.85,3.95,3.8,3.94,28642690,45.19,46.38,44.62,46.25,2438400,2026-03-07T03:45:43Z
LRCX,2006-05-26,3.84,3.87,3.79,3.85,19842429,45.14,45.47,44.5,45.25,1689200,2026-03-07T03:45:43Z
LRCX,2006-05-30,3.7,3.8,3.7,3.72,34256598,43.5,44.62,43.44,43.75,2916300,2026-03-07T03:45:43Z
LRCX,2006-05-31,3.81,3.82,3.7,3.76,35396200,44.79,44.83,43.5,44.17,3013300,2026-03-07T03:45:43Z
LRCX,2006-06-01,3.95,3.95,3.8,3.81,30754385,46.39,46.4,44.62,44.8,2618200,2026-03-07T03:45:43Z
LRCX,2006-06-02,3.85,4,3.79,3.97,28210419,45.19,46.97,44.56,46.65,2401600,2026-03-07T03:45:43Z
LRCX,2006-06-05,3.81,3.89,3.79,3.84,22066956,44.76,45.68,44.55,45.1,1878600,2026-03-07T03:45:43Z
LRCX,2006-06-06,3.83,3.84,3.75,3.8,32561474,44.94,45.14,44.04,44.64,2772000,2026-03-07T03:45:43Z
LRCX,2006-06-07,3.78,3.92,3.78,3.82,35800277,44.4,45.99,44.39,44.88,3047700,2026-03-07T03:45:43Z
LRCX,2006-06-08,3.69,3.8,3.6,3.77,58778949,43.39,44.59,42.33,44.24,5004000,2026-03-07T03:45:43Z
LRCX,2006-06-09,3.71,3.81,3.68,3.7,26232539,43.54,44.76,43.25,43.45,2233200,2026-03-07T03:45:43Z
LRCX,2006-06-12,3.55,3.72,3.54,3.69,24039479,41.67,43.75,41.54,43.37,2046500,2026-03-07T03:45:43Z
LRCX,2006-06-13,3.55,3.62,3.54,3.55,32164254,41.74,42.5,41.55,41.64,2738200,2026-03-07T03:45:43Z
LRCX,2006-06-14,3.68,3.77,3.56,3.56,59707014,43.23,44.25,41.81,41.81,5082900,2026-03-07T03:45:43Z
LRCX,2006-06-15,3.93,3.97,3.71,3.71,50745846,46.18,46.63,43.55,43.55,4320100,2026-03-07T03:45:43Z
LRCX,2006-06-16,3.84,3.93,3.81,3.91,31714250,45.05,46.14,44.77,45.92,2699900,2026-03-07T03:45:43Z
LRCX,2006-06-19,3.8,3.91,3.78,3.84,19064691,44.59,45.95,44.44,45.09,1623000,2026-03-07T03:45:43Z
LRCX,2006-06-20,3.78,3.87,3.75,3.8,16315868,44.37,45.46,44.01,44.65,1389000,2026-03-07T03:45:43Z
LRCX,2006-06-21,3.89,3.97,3.77,3.79,24732043,45.67,46.63,44.33,44.55,2105500,2026-03-07T03:45:43Z
LRCX,2006-06-22,3.84,3.97,3.8,3.88,21068482,45.11,46.63,44.64,45.56,1793600,2026-03-07T03:45:43Z
LRCX,2006-06-23,3.66,3.83,3.64,3.82,46960327,42.99,44.98,42.78,44.83,3997800,2026-03-07T03:45:43Z
LRCX,2006-06-26,3.73,3.75,3.66,3.67,20371821,43.84,44.04,42.98,43.09,1734300,2026-03-07T03:45:43Z
LRCX,2006-06-27,3.79,3.92,3.76,3.81,50282848,44.56,46.04,44.2,44.75,4280700,2026-03-07T03:45:43Z
LRCX,2006-06-28,3.84,3.85,3.76,3.82,21617073,45.15,45.22,44.15,44.9,1840300,2026-03-07T03:45:43Z
LRCX,2006-06-29,3.99,3.99,3.77,3.83,32653837,46.82,46.82,44.29,44.99,2779900,2026-03-07T03:45:43Z
LRCX,2006-06-30,3.98,4.04,3.92,4,23149147,46.72,47.4,46.09,47.01,1970700,2026-03-07T03:45:43Z
LRCX,2006-07-03,4.02,4.04,3.98,4.01,7772708,47.26,47.46,46.78,47.09,661700,2026-03-07T03:45:43Z
LRCX,2006-07-05,3.92,4.01,3.87,4.01,22043273,46.02,47.16,45.5,47.16,1876600,2026-03-07T03:45:43Z
LRCX,2006-07-06,3.88,3.96,3.86,3.93,25393313,45.61,46.46,45.34,46.19,2161800,2026-03-07T03:45:43Z
LRCX,2006-07-07,3.79,3.88,3.75,3.84,31890302,44.54,45.55,44.09,45.13,2714900,2026-03-07T03:45:43Z
LRCX,2006-07-10,3.62,3.89,3.6,3.81,45570535,42.5,45.69,42.25,44.79,3879500,2026-03-07T03:45:43Z
LRCX,2006-07-11,3.8,3.8,3.56,3.57,61093156,44.6,44.62,41.76,41.95,5201000,2026-03-07T03:45:43Z
LRCX,2006-07-12,3.63,3.8,3.57,3.79,40110489,42.69,44.67,41.94,44.54,3414700,2026-03-07T03:45:43Z
LRCX,2006-07-13,3.62,3.74,3.58,3.64,44139283,42.55,43.96,42.05,42.77,3757700,2026-03-07T03:45:43Z
LRCX,2006-07-14,3.63,3.67,3.54,3.63,32152721,42.68,43.08,41.57,42.65,2737200,2026-03-07T03:45:43Z
LRCX,2006-07-17,3.6,3.66,3.54,3.63,29286502,42.25,42.99,41.6,42.59,2493200,2026-03-07T03:45:43Z
LRCX,2006-07-18,3.61,3.67,3.46,3.58,32592220,42.45,43.13,40.59,42.1,2774600,2026-03-07T03:45:43Z
LRCX,2006-07-19,3.83,3.85,3.62,3.62,59248488,44.94,45.19,42.46,42.51,5043900,2026-03-07T03:45:43Z
LRCX,2006-07-20,3.35,3.69,3.29,3.68,148009831,39.34,43.3,38.66,43.21,12600400,2026-03-07T03:45:43Z
LRCX,2006-07-21,3.21,3.32,3.12,3.31,70652104,37.7,38.94,36.66,38.91,6014800,2026-03-07T03:45:43Z
LRCX,2006-07-24,3.32,3.38,3.22,3.22,52447870,38.97,39.74,37.85,37.86,4465000,2026-03-07T03:45:43Z
LRCX,2006-07-25,3.33,3.38,3.28,3.34,31324415,39.11,39.67,38.5,39.26,2666700,2026-03-07T03:45:43Z
LRCX,2006-07-26,3.27,3.33,3.24,3.33,45621658,38.4,39.14,38.06,39.14,3883900,2026-03-07T03:45:43Z
LRCX,2006-07-27,3.37,3.43,3.28,3.28,47369207,39.62,40.26,38.47,38.47,4032600,2026-03-07T03:45:43Z
LRCX,2006-07-28,3.5,3.53,3.38,3.4,43341205,41.08,41.47,39.72,39.89,3689700,2026-03-07T03:45:43Z
LRCX,2006-07-31,3.54,3.55,3.45,3.47,40585106,41.6,41.75,40.49,40.7,3455100,2026-03-07T03:45:43Z
LRCX,2006-08-01,3.36,3.5,3.34,3.5,32992431,39.5,41.15,39.21,41.09,2808700,2026-03-07T03:45:43Z
LRCX,2006-08-02,3.45,3.47,3.35,3.38,31397145,40.55,40.78,39.38,39.72,2672900,2026-03-07T03:45:43Z
LRCX,2006-08-03,3.52,3.57,3.39,3.42,29102358,41.36,41.9,39.8,40.2,2477500,2026-03-07T03:45:43Z
LRCX,2006-08-04,3.36,3.6,3.31,3.57,39954589,39.5,42.34,38.9,41.9,3401400,2026-03-07T03:45:43Z
LRCX,2006-08-07,3.37,3.4,3.32,3.37,30431277,39.53,39.96,38.95,39.59,2590700,2026-03-07T03:45:43Z
LRCX,2006-08-08,3.32,3.4,3.29,3.37,27103808,39.03,39.9,38.62,39.57,2307400,2026-03-07T03:45:43Z
LRCX,2006-08-09,3.39,3.47,3.35,3.36,35262241,39.78,40.78,39.35,39.5,3001900,2026-03-07T03:45:43Z
LRCX,2006-08-10,3.43,3.45,3.34,3.37,28212797,40.28,40.57,39.28,39.59,2401800,2026-03-07T03:45:43Z
LRCX,2006-08-11,3.32,3.41,3.29,3.4,23463939,39.04,40.01,38.61,39.99,1997500,2026-03-07T03:45:43Z
LRCX,2006-08-14,3.37,3.43,3.29,3.35,23046785,39.64,40.28,38.66,39.4,1962000,2026-03-07T03:45:43Z
LRCX,2006-08-15,3.5,3.53,3.41,3.44,26333108,41.17,41.41,40.05,40.38,2241800,2026-03-07T03:45:43Z
LRCX,2006-08-16,3.57,3.58,3.43,3.51,34475043,41.94,42,40.29,41.27,2934900,2026-03-07T03:45:43Z
LRCX,2006-08-17,3.51,3.6,3.49,3.55,32211036,41.19,42.25,41.02,41.7,2742200,2026-03-07T03:45:43Z
LRCX,2006-08-18,3.55,3.56,3.44,3.5,20651736,41.65,41.83,40.46,41.08,1758100,2026-03-07T03:45:43Z
LRCX,2006-08-21,3.47,3.53,3.45,3.45,22740152,40.73,41.46,40.49,40.56,1935900,2026-03-07T03:45:43Z
LRCX,2006-08-22,3.42,3.51,3.37,3.46,31082355,40.18,41.21,39.63,40.67,2646100,2026-03-07T03:45:43Z
LRCX,2006-08-23,3.46,3.49,3.38,3.44,22184752,40.6,40.99,39.65,40.35,1888600,2026-03-07T03:45:43Z
LRCX,2006-08-24,3.46,3.49,3.42,3.46,18470212,40.63,40.99,40.12,40.68,1572400,2026-03-07T03:45:43Z
LRCX,2006-08-25,3.39,3.5,3.38,3.44,24996871,39.8,41.11,39.74,40.35,2128000,2026-03-07T03:45:43Z
LRCX,2006-08-28,3.4,3.43,3.36,3.38,19905410,39.96,40.25,39.44,39.72,1694600,2026-03-07T03:45:43Z
LRCX,2006-08-29,3.42,3.45,3.39,3.42,44212024,40.17,40.5,39.81,40.16,3763800,2026-03-07T03:45:43Z
LRCX,2006-08-30,3.67,3.71,3.43,3.44,61657047,43.12,43.59,40.31,40.43,5249000,2026-03-07T03:45:43Z
LRCX,2006-08-31,3.64,3.7,3.6,3.67,37760082,42.73,43.5,42.29,43.1,3214600,2026-03-07T03:45:43Z
LRCX,2006-09-01,3.58,3.67,3.56,3.67,30550187,42.03,43.12,41.87,43.1,2600800,2026-03-07T03:45:43Z
LRCX,2006-09-05,3.58,3.6,3.48,3.59,32648646,42.1,42.24,40.91,42.16,2779400,2026-03-07T03:45:43Z
LRCX,2006-09-06,3.43,3.58,3.41,3.58,38408205,40.27,42.05,40.09,42.05,3269800,2026-03-07T03:45:43Z
LRCX,2006-09-07,3.38,3.45,3.34,3.43,51581691,39.7,40.48,39.17,40.26,4391200,2026-03-07T03:45:43Z
LRCX,2006-09-08,3.36,3.4,3.32,3.38,33091024,39.44,39.98,39.01,39.7,2817100,2026-03-07T03:45:43Z
LRCX,2006-09-11,3.35,3.39,3.31,3.32,39472163,39.35,39.87,38.9,39.04,3360300,2026-03-07T03:45:43Z
LRCX,2006-09-12,3.63,3.65,3.37,3.38,63513951,42.65,42.92,39.55,39.74,5407100,2026-03-07T03:45:43Z
LRCX,2006-09-13,3.61,3.67,3.57,3.61,41121333,42.37,43.1,41.98,42.4,3500700,2026-03-07T03:45:43Z
LRCX,2006-09-14,3.57,3.63,3.55,3.58,30846130,41.97,42.66,41.65,42.06,2626000,2026-03-07T03:45:43Z
LRCX,2006-09-15,3.54,3.67,3.51,3.6,49605842,41.57,43.16,41.24,42.3,4223000,2026-03-07T03:45:43Z
LRCX,2006-09-18,3.54,3.63,3.5,3.54,45165011,41.58,42.66,41.05,41.54,3845000,2026-03-07T03:45:43Z
LRCX,2006-09-19,3.52,3.59,3.46,3.56,35918972,41.38,42.18,40.62,41.79,3057800,2026-03-07T03:45:43Z
LRCX,2006-09-20,3.62,3.63,3.54,3.57,53062529,42.54,42.69,41.62,41.88,4517300,2026-03-07T03:45:43Z
LRCX,2006-09-21,3.5,3.64,3.5,3.64,39078475,41.14,42.79,41.1,42.79,3326800,2026-03-07T03:45:43Z
LRCX,2006-09-22,3.52,3.56,3.48,3.52,37374360,41.36,41.78,40.87,41.29,3181700,2026-03-07T03:45:43Z
LRCX,2006-09-25,3.83,3.86,3.58,3.64,78477881,45.04,45.28,42.06,42.72,6680900,2026-03-07T03:45:43Z
LRCX,2006-09-26,3.89,3.91,3.8,3.83,51677893,45.74,45.91,44.59,45,4399400,2026-03-07T03:45:43Z
LRCX,2006-09-27,3.86,3.91,3.81,3.87,49709087,45.31,45.91,44.7,45.46,4231800,2026-03-07T03:45:43Z
LRCX,2006-09-28,3.91,3.96,3.83,3.87,37312720,45.89,46.51,44.96,45.41,3176500,2026-03-07T03:45:43Z
LRCX,2006-09-29,3.86,3.93,3.84,3.91,25205782,45.33,46.11,45.15,45.9,2145800,2026-03-07T03:45:43Z
LRCX,2006-10-02,3.79,3.9,3.78,3.88,33972200,44.53,45.75,44.44,45.58,2892100,2026-03-07T03:45:43Z
LRCX,2006-10-03,3.82,3.83,3.72,3.77,42062642,44.89,44.94,43.68,44.31,3580900,2026-03-07T03:45:43Z
LRCX,2006-10-04,4,4.01,3.8,3.8,40902376,46.98,47.12,44.61,44.65,3482100,2026-03-07T03:45:43Z
LRCX,2006-10-05,4,4,3.94,4,29264351,46.99,47.02,46.24,46.98,2491300,2026-03-07T03:45:43Z
LRCX,2006-10-06,4.06,4.12,3.94,3.99,50382323,47.69,48.34,46.27,46.84,4289100,2026-03-07T03:45:43Z
LRCX,2006-10-09,4.05,4.14,4.04,4.07,48102748,47.6,48.68,47.5,47.85,4095100,2026-03-07T03:45:43Z
LRCX,2006-10-10,4,4.07,3.96,4.06,42871665,47.01,47.79,46.54,47.73,3649700,2026-03-07T03:45:43Z
LRCX,2006-10-11,4.1,4.18,3.98,3.98,128640682,48.12,49.1,46.71,46.77,10951300,2026-03-07T03:45:43Z
LRCX,2006-10-12,4.12,4.17,3.98,4.12,122184306,48.39,48.92,46.75,48.44,10401700,2026-03-07T03:45:43Z
LRCX,2006-10-13,4.4,4.42,4.08,4.08,108978293,51.66,51.97,47.9,47.9,9277500,2026-03-07T03:45:43Z
LRCX,2006-10-16,4.43,4.46,4.34,4.41,65650614,52.08,52.43,51.01,51.74,5589000,2026-03-07T03:45:43Z
LRCX,2006-10-17,4.34,4.37,4.26,4.36,59149651,50.94,51.38,49.99,51.19,5035500,2026-03-07T03:45:43Z
LRCX,2006-10-18,4.17,4.3,4.11,4.27,52169846,49.03,50.45,48.24,50.2,4441300,2026-03-07T03:45:43Z
LRCX,2006-10-19,4.24,4.25,4.12,4.15,39494868,49.78,49.97,48.41,48.79,3362300,2026-03-07T03:45:43Z
LRCX,2006-10-20,4.12,4.22,4.02,4.22,34823930,48.43,49.63,47.25,49.58,2964600,2026-03-07T03:45:43Z
LRCX,2006-10-23,4.24,4.29,4.13,4.13,46781202,49.82,50.44,48.45,48.5,3982600,2026-03-07T03:45:43Z
LRCX,2006-10-24,4.22,4.27,4.18,4.24,25239571,49.55,50.15,49.16,49.75,2148700,2026-03-07T03:45:43Z
LRCX,2006-10-25,4.34,4.37,4.23,4.23,41013797,51.01,51.35,49.68,49.72,3491600,2026-03-07T03:45:43Z
LRCX,2006-10-26,4.36,4.41,4.29,4.38,32516676,51.25,51.75,50.34,51.43,2768200,2026-03-07T03:45:43Z
LRCX,2006-10-27,4.15,4.36,4.14,4.36,38110539,48.74,51.22,48.58,51.2,3244400,2026-03-07T03:45:43Z
LRCX,2006-10-30,4.25,4.32,4.13,4.13,40892862,49.92,50.75,48.53,48.55,3481300,2026-03-07T03:45:43Z
LRCX,2006-10-31,4.21,4.28,4.17,4.28,33141296,49.45,50.28,48.97,50.28,2821400,2026-03-07T03:45:43Z
LRCX,2006-11-01,4.13,4.27,4.09,4.24,39297789,48.48,50.19,48.03,49.78,3345500,2026-03-07T03:45:43Z
LRCX,2006-11-02,4.11,4.19,4.06,4.09,29647075,48.29,49.25,47.65,48.06,2523900,2026-03-07T03:45:43Z
LRCX,2006-11-03,4.17,4.19,4.07,4.17,34671002,48.99,49.26,47.81,48.95,2951600,2026-03-07T03:45:43Z
LRCX,2006-11-06,4.23,4.3,4.17,4.17,26158526,49.64,50.47,49.01,49.01,2226900,2026-03-07T03:45:43Z
LRCX,2006-11-07,4.31,4.39,4.22,4.22,40433583,50.68,51.62,49.52,49.52,3442200,2026-03-07T03:45:43Z
LRCX,2006-11-08,4.27,4.35,4.25,4.29,34412595,50.14,51.11,49.89,50.36,2929600,2026-03-07T03:45:43Z
LRCX,2006-11-09,4.18,4.32,4.18,4.3,32984371,49.15,50.72,49.09,50.55,2808000,2026-03-07T03:45:43Z
LRCX,2006-11-10,4.27,4.27,4.17,4.19,24883788,50.1,50.12,49,49.25,2118400,2026-03-07T03:45:43Z
LRCX,2006-11-13,4.53,4.55,4.26,4.27,74023526,53.25,53.49,50.05,50.13,6301800,2026-03-07T03:45:43Z
LRCX,2006-11-14,4.69,4.7,4.41,4.5,83632470,55.04,55.18,51.85,52.81,7119700,2026-03-07T03:45:43Z
LRCX,2006-11-15,4.65,4.71,4.6,4.68,56463681,54.65,55.35,54,55,4806800,2026-03-07T03:45:43Z
LRCX,2006-11-16,4.63,4.66,4.51,4.65,56626603,54.43,54.69,52.93,54.67,4820700,2026-03-07T03:45:43Z
LRCX,2006-11-17,4.63,4.63,4.55,4.61,33061406,54.34,54.34,53.44,54.19,2814600,2026-03-07T03:45:43Z
LRCX,2006-11-20,4.82,4.86,4.6,4.63,54462153,56.6,57.05,54.05,54.43,4636500,2026-03-07T03:45:43Z
LRCX,2006-11-21,4.7,4.77,4.67,4.74,45042177,55.21,56,54.81,55.67,3834500,2026-03-07T03:45:43Z
LRCX,2006-11-22,4.75,4.77,4.67,4.73,22564999,55.75,56,54.87,55.51,1921000,2026-03-07T03:45:43Z
LRCX,2006-11-24,4.74,4.78,4.68,4.7,11915725,55.64,56.17,54.98,55.22,1014400,2026-03-07T03:45:43Z
LRCX,2006-11-27,4.52,4.72,4.51,4.71,41036333,53.08,55.48,53,55.33,3493500,2026-03-07T03:45:43Z
LRCX,2006-11-28,4.53,4.57,4.46,4.49,44932365,53.25,53.71,52.39,52.74,3825200,2026-03-07T03:45:43Z
LRCX,2006-11-29,4.48,4.61,4.39,4.6,53623222,52.66,54.14,51.62,53.99,4565000,2026-03-07T03:45:43Z
LRCX,2006-11-30,4.48,4.52,4.41,4.46,57056652,52.6,53.12,51.75,52.38,4857300,2026-03-07T03:45:43Z
LRCX,2006-12-01,4.39,4.5,4.3,4.44,55632012,51.59,52.89,50.55,52.19,4736000,2026-03-07T03:45:43Z
LRCX,2006-12-04,4.58,4.61,4.35,4.37,67856954,53.78,54.15,51.09,51.38,5776800,2026-03-07T03:45:43Z
LRCX,2006-12-05,4.58,4.65,4.55,4.59,40827173,53.78,54.58,53.44,53.92,3475700,2026-03-07T03:45:43Z
LRCX,2006-12-06,4.56,4.63,4.52,4.56,27721505,53.6,54.4,53.05,53.58,2360000,2026-03-07T03:45:43Z
LRCX,2006-12-07,4.52,4.62,4.48,4.57,36575478,53.13,54.29,52.61,53.67,3113700,2026-03-07T03:45:43Z
LRCX,2006-12-08,4.51,4.58,4.43,4.49,26918140,52.96,53.8,52.01,52.79,2291600,2026-03-07T03:45:43Z
LRCX,2006-12-11,4.52,4.6,4.48,4.52,19582569,53.1,54.02,52.61,53.08,1667100,2026-03-07T03:45:43Z
LRCX,2006-12-12,4.51,4.57,4.43,4.51,23748951,52.96,53.65,52.07,53,2021800,2026-03-07T03:45:43Z
LRCX,2006-12-13,4.41,4.55,4.39,4.54,34205577,51.77,53.47,51.58,53.34,2912000,2026-03-07T03:45:43Z
LRCX,2006-12-14,4.54,4.59,4.42,4.43,40816520,53.33,53.92,51.9,52.06,3474800,2026-03-07T03:45:43Z
LRCX,2006-12-15,4.54,4.61,4.49,4.56,41344400,53.34,54.14,52.71,53.58,3519700,2026-03-07T03:45:43Z
LRCX,2006-12-18,4.55,4.64,4.53,4.58,29549439,53.45,54.55,53.19,53.8,2515600,2026-03-07T03:45:43Z
LRCX,2006-12-19,4.37,4.51,4.34,4.51,47580453,51.29,52.95,50.97,52.94,4050600,2026-03-07T03:45:43Z
LRCX,2006-12-20,4.3,4.44,4.3,4.38,38647242,50.55,52.15,50.45,51.43,3290100,2026-03-07T03:45:43Z
LRCX,2006-12-21,4.26,4.35,4.22,4.31,31026350,50.05,51.06,49.58,50.6,2641300,2026-03-07T03:45:43Z
LRCX,2006-12-22,4.24,4.31,4.23,4.24,17943784,49.8,50.61,49.66,49.75,1527600,2026-03-07T03:45:43Z
LRCX,2006-12-26,4.27,4.3,4.23,4.23,11940332,50.14,50.49,49.65,49.68,1016500,2026-03-07T03:45:43Z
LRCX,2006-12-27,4.32,4.33,4.2,4.21,21228425,50.71,50.91,49.37,49.47,1807200,2026-03-07T03:45:43Z
LRCX,2006-12-28,4.36,4.38,4.29,4.33,24768941,51.22,51.39,50.38,50.87,2108600,2026-03-07T03:45:43Z
LRCX,2006-12-29,4.31,4.42,4.3,4.37,23237931,50.62,51.87,50.52,51.33,1978300,2026-03-07T03:45:43Z
LRCX,2007-01-03,4.21,4.38,4.14,4.34,52334380,49.46,51.48,48.62,50.95,4455300,2026-03-07T03:45:43Z
LRCX,2007-01-04,4.42,4.46,4.25,4.26,56344943,51.92,52.37,49.95,50.1,4796700,2026-03-07T03:45:43Z
LRCX,2007-01-05,4.41,4.41,4.3,4.39,37952773,51.85,51.85,50.55,51.57,3231000,2026-03-07T03:45:43Z
LRCX,2007-01-08,4.37,4.5,4.35,4.42,39450217,51.28,52.85,51.11,51.88,3358500,2026-03-07T03:45:43Z
LRCX,2007-01-09,4.36,4.41,4.29,4.41,41156613,51.18,51.85,50.38,51.85,3503700,2026-03-07T03:45:43Z
LRCX,2007-01-10,4.49,4.5,4.29,4.33,48892923,52.7,52.91,50.39,50.81,4162300,2026-03-07T03:45:43Z
LRCX,2007-01-11,4.55,4.59,4.48,4.48,38272849,53.5,53.95,52.6,52.6,3258200,2026-03-07T03:45:43Z
LRCX,2007-01-12,4.64,4.65,4.52,4.52,44627162,54.54,54.64,53.08,53.14,3799200,2026-03-07T03:45:43Z
LRCX,2007-01-16,4.53,4.64,4.48,4.58,42852075,53.25,54.44,52.6,53.82,3648100,2026-03-07T03:45:43Z
LRCX,2007-01-17,4.61,4.66,4.47,4.5,64600792,54.13,54.68,52.52,52.84,5499600,2026-03-07T03:45:43Z
LRCX,2007-01-18,3.93,4.17,3.91,4.13,216146765,46.22,48.94,45.89,48.55,18401000,2026-03-07T03:45:43Z
LRCX,2007-01-19,4.03,4.06,3.92,3.94,76719286,47.28,47.69,46.07,46.25,6531200,2026-03-07T03:45:43Z
LRCX,2007-01-22,3.99,4.06,3.98,4.06,53236026,46.9,47.72,46.75,47.68,4532100,2026-03-07T03:45:43Z
LRCX,2007-01-23,3.97,4.04,3.96,3.96,42508102,46.59,47.43,46.46,46.55,3618800,2026-03-07T03:45:43Z
LRCX,2007-01-24,4.09,4.1,3.98,3.98,36652839,48.02,48.16,46.8,46.8,3120300,2026-03-07T03:45:43Z
LRCX,2007-01-25,4.02,4.09,3.99,4.06,44582272,47.17,48,46.87,47.63,3795400,2026-03-07T03:45:43Z
LRCX,2007-01-26,4.03,4.13,4,4.02,51994618,47.39,48.48,47.01,47.24,4426400,2026-03-07T03:45:43Z
LRCX,2007-01-29,4,4.06,3.92,4.01,51460169,47.02,47.66,46,47.12,4380900,2026-03-07T03:45:43Z
LRCX,2007-01-30,3.95,4,3.92,4,43768180,46.37,47,46.03,47,3726100,2026-03-07T03:45:43Z
LRCX,2007-01-31,3.9,3.93,3.82,3.92,59851709,45.81,46.19,44.81,46,5095300,2026-03-07T03:45:43Z
LRCX,2007-02-01,3.86,3.93,3.84,3.9,52009547,45.3,46.12,45.05,45.84,4427700,2026-03-07T03:45:43Z
LRCX,2007-02-02,3.89,3.93,3.85,3.9,48793465,45.73,46.15,45.27,45.78,4153900,2026-03-07T03:45:43Z
LRCX,2007-02-05,3.95,3.97,3.87,3.93,54935035,46.4,46.6,45.5,46.17,4676700,2026-03-07T03:45:43Z
LRCX,2007-02-06,3.89,3.95,3.85,3.93,45022222,45.7,46.38,45.26,46.16,3832800,2026-03-07T03:45:43Z
LRCX,2007-02-07,3.94,4.01,3.9,3.94,41530206,46.25,47.08,45.8,46.25,3535500,2026-03-07T03:45:43Z
LRCX,2007-02-08,3.89,3.95,3.89,3.93,31256428,45.7,46.37,45.68,46.18,2660900,2026-03-07T03:45:43Z
LRCX,2007-02-09,3.75,3.94,3.72,3.9,87980067,44.01,46.22,43.66,45.85,7489800,2026-03-07T03:45:43Z
LRCX,2007-02-12,3.7,3.76,3.69,3.74,45828617,43.43,44.12,43.33,43.92,3901500,2026-03-07T03:45:43Z
LRCX,2007-02-13,3.75,3.76,3.71,3.72,39667319,44.05,44.21,43.55,43.75,3376900,2026-03-07T03:45:43Z
LRCX,2007-02-14,3.81,3.84,3.75,3.78,43536571,44.75,45.1,44.01,44.41,3706300,2026-03-07T03:45:43Z
LRCX,2007-02-15,3.84,3.88,3.8,3.8,32802503,45.14,45.58,44.61,44.61,2792500,2026-03-07T03:45:43Z
LRCX,2007-02-16,3.85,3.86,3.81,3.84,27235493,45.23,45.37,44.76,45.09,2318600,2026-03-07T03:45:43Z
LRCX,2007-02-20,3.76,3.79,3.72,3.77,44057746,44.12,44.49,43.64,44.29,3750700,2026-03-07T03:45:43Z
LRCX,2007-02-21,3.8,3.81,3.73,3.74,30516468,44.63,44.7,43.85,43.95,2597900,2026-03-07T03:45:43Z
LRCX,2007-02-22,3.83,3.89,3.79,3.83,33850088,44.96,45.7,44.51,45,2881700,2026-03-07T03:45:43Z
LRCX,2007-02-23,3.9,3.92,3.84,3.87,56492185,45.79,46.08,45.05,45.45,4809300,2026-03-07T03:45:43Z
LRCX,2007-02-26,3.96,4.06,3.94,4.03,51079394,46.53,47.7,46.29,47.38,4348500,2026-03-07T03:45:43Z
LRCX,2007-02-27,3.8,3.95,3.77,3.85,56284325,44.68,46.38,44.28,45.21,4791600,2026-03-07T03:45:43Z
LRCX,2007-02-28,3.8,3.87,3.77,3.83,41757453,44.66,45.4,44.27,44.99,3554900,2026-03-07T03:45:43Z
LRCX,2007-03-01,3.77,3.8,3.68,3.72,51651501,44.29,44.67,43.26,43.7,4397200,2026-03-07T03:45:43Z
LRCX,2007-03-02,3.7,3.79,3.7,3.76,33996998,43.5,44.56,43.43,44.15,2894200,2026-03-07T03:45:43Z
LRCX,2007-03-05,3.7,3.79,3.67,3.68,54828833,43.49,44.46,43.1,43.25,4667700,2026-03-07T03:45:43Z
LRCX,2007-03-06,3.72,3.75,3.7,3.73,40002853,43.75,44.1,43.46,43.8,3405500,2026-03-07T03:45:43Z
LRCX,2007-03-07,3.77,3.84,3.71,3.73,42670774,44.32,45.07,43.55,43.84,3632600,2026-03-07T03:45:43Z
LRCX,2007-03-08,3.85,3.93,3.84,3.86,41299555,45.19,46.16,45.13,45.3,3515900,2026-03-07T03:45:43Z
LRCX,2007-03-09,3.87,3.91,3.83,3.9,39426415,45.51,45.87,45.04,45.84,3356400,2026-03-07T03:45:43Z
LRCX,2007-03-12,3.94,3.95,3.87,3.88,32612186,46.27,46.4,45.47,45.55,2776300,2026-03-07T03:45:43Z
LRCX,2007-03-13,3.81,3.94,3.81,3.93,37792030,44.8,46.23,44.78,46.19,3217300,2026-03-07T03:45:43Z
LRCX,2007-03-14,3.87,3.88,3.77,3.81,36281765,45.45,45.61,44.33,44.75,3088700,2026-03-07T03:45:43Z
LRCX,2007-03-15,3.88,3.91,3.85,3.86,28038949,45.6,45.89,45.17,45.37,2387000,2026-03-07T03:45:43Z
LRCX,2007-03-16,3.88,3.89,3.81,3.87,38508549,45.54,45.74,44.76,45.42,3278300,2026-03-07T03:45:43Z
LRCX,2007-03-19,3.84,3.92,3.82,3.92,34872875,45.05,46,44.82,45.99,2968800,2026-03-07T03:45:43Z
LRCX,2007-03-20,3.89,3.89,3.81,3.84,27351852,45.68,45.68,44.75,45.06,2328500,2026-03-07T03:45:43Z
LRCX,2007-03-21,3.99,4.01,3.86,3.91,35870460,46.83,47.08,45.36,45.87,3053700,2026-03-07T03:45:43Z
LRCX,2007-03-22,3.97,4.01,3.95,4,24850902,46.69,47.06,46.43,46.99,2115600,2026-03-07T03:45:43Z
LRCX,2007-03-23,4.03,4.08,3.96,3.96,33307481,47.32,47.96,46.53,46.53,2835500,2026-03-07T03:45:43Z
LRCX,2007-03-26,4.09,4.1,4.02,4.05,34143833,48.08,48.16,47.24,47.53,2906700,2026-03-07T03:45:43Z
LRCX,2007-03-27,4.12,4.15,4.03,4.07,36167692,48.39,48.71,47.34,47.83,3079000,2026-03-07T03:45:43Z
LRCX,2007-03-28,4.1,4.17,4.08,4.09,42177466,48.18,49,47.9,48.08,3590600,2026-03-07T03:45:43Z
LRCX,2007-03-29,4.01,4.17,3.97,4.13,43182071,47.15,48.94,46.58,48.55,3676200,2026-03-07T03:45:43Z
LRCX,2007-03-30,4.03,4.08,3.99,4.03,38059007,47.34,47.94,46.9,47.35,3240000,2026-03-07T03:45:43Z
LRCX,2007-04-02,4.04,4.1,3.99,4.04,32489695,47.49,48.12,46.92,47.45,2765900,2026-03-07T03:45:43Z
LRCX,2007-04-03,4.08,4.11,3.99,4.06,36505456,47.93,48.29,46.91,47.65,3107800,2026-03-07T03:45:43Z
LRCX,2007-04-04,4.18,4.18,4.12,4.13,45713451,49.06,49.16,48.42,48.47,3891700,2026-03-07T03:45:43Z
LRCX,2007-04-05,4.21,4.21,4.16,4.18,24886181,49.4,49.49,48.9,49.05,2118600,2026-03-07T03:45:43Z
LRCX,2007-04-09,4.2,4.27,4.16,4.22,35009675,49.33,50.16,48.81,49.53,2980400,2026-03-07T03:45:43Z
LRCX,2007-04-10,4.3,4.32,4.17,4.2,48548332,50.51,50.73,48.97,49.3,4133000,2026-03-07T03:45:43Z
LRCX,2007-04-11,4.28,4.38,4.27,4.31,56432786,50.24,51.46,50.19,50.57,4804200,2026-03-07T03:45:43Z
LRCX,2007-04-12,4.34,4.42,4.33,4.34,99140826,50.98,51.89,50.82,50.98,8440000,2026-03-07T03:45:43Z
LRCX,2007-04-13,4.41,4.43,4.23,4.28,112807162,51.86,52.04,49.64,50.22,9603400,2026-03-07T03:45:43Z
LRCX,2007-04-16,4.46,4.46,4.37,4.46,41677065,52.39,52.4,51.27,52.34,3548000,2026-03-07T03:45:43Z
LRCX,2007-04-17,4.42,4.45,4.39,4.45,28568886,51.88,52.3,51.63,52.25,2432100,2026-03-07T03:45:43Z
LRCX,2007-04-18,4.48,4.54,4.41,4.41,37201498,52.68,53.29,51.76,51.8,3167000,2026-03-07T03:45:43Z
LRCX,2007-04-19,4.5,4.57,4.41,4.42,42627042,52.89,53.63,51.81,51.91,3628900,2026-03-07T03:45:43Z
LRCX,2007-04-20,4.49,4.56,4.48,4.55,38127980,52.77,53.59,52.61,53.46,3245900,2026-03-07T03:45:43Z
LRCX,2007-04-23,4.51,4.53,4.48,4.48,23600041,52.97,53.23,52.58,52.58,2009100,2026-03-07T03:45:43Z
LRCX,2007-04-24,4.55,4.57,4.5,4.54,35436737,53.41,53.67,52.86,53.34,3016800,2026-03-07T03:45:43Z
LRCX,2007-04-25,4.6,4.61,4.54,4.56,32327300,54.01,54.13,53.3,53.58,2752100,2026-03-07T03:45:43Z
LRCX,2007-04-26,4.67,4.68,4.57,4.58,35215887,54.91,54.94,53.7,53.8,2998000,2026-03-07T03:45:43Z
LRCX,2007-04-27,4.64,4.71,4.61,4.63,41924202,54.46,55.33,54.19,54.36,3569100,2026-03-07T03:45:43Z
LRCX,2007-04-30,4.58,4.72,4.57,4.62,40485352,53.78,55.5,53.66,54.3,3446600,2026-03-07T03:45:43Z
LRCX,2007-05-01,4.65,4.67,4.57,4.6,32386618,54.65,54.84,53.62,54.03,2757100,2026-03-07T03:45:43Z
LRCX,2007-05-02,4.63,4.7,4.62,4.65,33113513,54.41,55.15,54.32,54.6,2819000,2026-03-07T03:45:43Z
LRCX,2007-05-03,4.68,4.7,4.63,4.63,30195783,54.92,55.25,54.34,54.42,2570600,2026-03-07T03:45:43Z
LRCX,2007-05-04,4.74,4.77,4.67,4.68,35508785,55.7,56.04,54.89,54.92,3022900,2026-03-07T03:45:43Z
LRCX,2007-05-07,4.69,4.74,4.68,4.72,23027649,55.12,55.7,55,55.49,1960400,2026-03-07T03:45:43Z
LRCX,2007-05-08,4.61,4.66,4.58,4.66,39847912,54.12,54.77,53.77,54.75,3392300,2026-03-07T03:45:43Z
LRCX,2007-05-09,4.66,4.68,4.56,4.6,40277230,54.73,54.92,53.53,54.02,3428900,2026-03-07T03:45:43Z
LRCX,2007-05-10,4.51,4.64,4.5,4.63,47227101,52.97,54.5,52.84,54.36,4020500,2026-03-07T03:45:43Z
LRCX,2007-05-11,4.59,4.6,4.51,4.52,32440698,53.93,54.04,53.02,53.1,2761700,2026-03-07T03:45:43Z
LRCX,2007-05-14,4.57,4.63,4.54,4.61,26296727,53.68,54.37,53.28,54.18,2238700,2026-03-07T03:45:43Z
LRCX,2007-05-15,4.53,4.62,4.51,4.58,36571206,53.19,54.23,53.02,53.79,3113400,2026-03-07T03:45:43Z
LRCX,2007-05-16,4.4,4.46,4.33,4.42,62079199,51.68,52.38,50.89,51.9,5284900,2026-03-07T03:45:43Z
LRCX,2007-05-17,4.38,4.42,4.34,4.38,38351392,51.45,51.97,50.96,51.41,3264900,2026-03-07T03:45:43Z
LRCX,2007-05-18,4.4,4.41,4.33,4.39,35824127,51.67,51.8,50.8,51.56,3049800,2026-03-07T03:45:43Z
LRCX,2007-05-21,4.42,4.49,4.37,4.39,33728769,51.87,52.78,51.32,51.56,2871400,2026-03-07T03:45:43Z
LRCX,2007-05-22,4.37,4.43,4.34,4.41,46688973,51.35,52.04,51.03,51.76,3974700,2026-03-07T03:45:43Z
LRCX,2007-05-23,4.33,4.44,4.32,4.4,41895020,50.82,52.11,50.74,51.64,3566600,2026-03-07T03:45:43Z
LRCX,2007-05-24,4.46,4.53,4.32,4.32,95752945,52.44,53.23,50.69,50.71,8151600,2026-03-07T03:45:43Z
LRCX,2007-05-25,4.51,4.53,4.43,4.47,33612840,52.99,53.16,52.03,52.49,2861500,2026-03-07T03:45:43Z
LRCX,2007-05-29,4.53,4.57,4.48,4.51,32926733,53.26,53.69,52.58,52.99,2803100,2026-03-07T03:45:43Z
LRCX,2007-05-30,4.54,4.54,4.44,4.5,36991838,53.29,53.29,52.15,52.87,3149200,2026-03-07T03:45:43Z
LRCX,2007-05-31,4.57,4.61,4.53,4.53,45546829,53.72,54.17,53.19,53.24,3877500,2026-03-07T03:45:43Z
LRCX,2007-06-01,4.6,4.65,4.57,4.62,29170204,54.04,54.65,53.7,54.22,2483300,2026-03-07T03:45:43Z
LRCX,2007-06-04,4.65,4.68,4.56,4.59,31706491,54.65,54.94,53.53,53.9,2699200,2026-03-07T03:45:43Z
LRCX,2007-06-05,4.58,4.67,4.53,4.65,31937471,53.8,54.86,53.2,54.57,2718900,2026-03-07T03:45:43Z
LRCX,2007-06-06,4.48,4.58,4.47,4.55,23403612,52.59,53.79,52.46,53.45,1992400,2026-03-07T03:45:43Z
LRCX,2007-06-07,4.35,4.49,4.34,4.45,38998230,51.11,52.73,51,52.32,3320000,2026-03-07T03:45:43Z
LRCX,2007-06-08,4.44,4.45,4.33,4.35,28829267,52.18,52.32,50.83,51.04,2454300,2026-03-07T03:45:43Z
LRCX,2007-06-11,4.39,4.43,4.35,4.43,29063446,51.53,52.08,51.1,52.08,2474200,2026-03-07T03:45:43Z
LRCX,2007-06-12,4.43,4.51,4.34,4.36,51037922,51.98,52.95,50.95,51.21,4344900,2026-03-07T03:45:43Z
LRCX,2007-06-13,4.45,4.5,4.42,4.45,30044303,52.31,52.8,51.89,52.24,2557700,2026-03-07T03:45:43Z
LRCX,2007-06-14,4.54,4.57,4.46,4.47,26813608,53.35,53.68,52.34,52.5,2282700,2026-03-07T03:45:43Z
LRCX,2007-06-15,4.59,4.62,4.54,4.59,37592753,53.91,54.26,53.35,53.88,3200300,2026-03-07T03:45:43Z
LRCX,2007-06-18,4.56,4.63,4.56,4.6,19991211,53.62,54.43,53.61,54,1701900,2026-03-07T03:45:43Z
LRCX,2007-06-19,4.54,4.57,4.5,4.57,21291819,53.32,53.68,52.9,53.62,1812600,2026-03-07T03:45:43Z
LRCX,2007-06-20,4.5,4.58,4.48,4.54,27761755,52.85,53.82,52.61,53.28,2363400,2026-03-07T03:45:43Z
LRCX,2007-06-21,4.6,4.65,4.48,4.5,50810817,54,54.59,52.63,52.8,4325600,2026-03-07T03:45:43Z
LRCX,2007-06-22,4.52,4.65,4.52,4.59,34856924,53.11,54.58,53.07,53.9,2967400,2026-03-07T03:45:43Z
LRCX,2007-06-25,4.46,4.54,4.44,4.53,26914774,52.4,53.35,52.2,53.16,2291300,2026-03-07T03:45:43Z
LRCX,2007-06-26,4.37,4.5,4.34,4.49,42268201,51.3,52.8,51.03,52.7,3598400,2026-03-07T03:45:43Z
LRCX,2007-06-27,4.42,4.42,4.33,4.34,32193885,51.88,51.93,50.88,50.99,2740700,2026-03-07T03:45:43Z
LRCX,2007-06-28,4.35,4.39,4.33,4.35,40027645,51.08,51.57,50.81,51.07,3407600,2026-03-07T03:45:43Z
LRCX,2007-06-29,4.38,4.4,4.35,4.37,36842651,51.4,51.67,51.08,51.36,3136500,2026-03-07T03:45:43Z
LRCX,2007-07-02,4.4,4.48,4.38,4.4,24538198,51.67,52.65,51.43,51.7,2089000,2026-03-07T03:45:43Z
LRCX,2007-07-03,4.4,4.45,4.39,4.42,11915540,51.69,52.21,51.57,51.93,1014400,2026-03-07T03:45:43Z
LRCX,2007-07-05,4.41,4.43,4.35,4.4,16503729,51.79,52,51.15,51.66,1405000,2026-03-07T03:45:43Z
LRCX,2007-07-06,4.42,4.44,4.39,4.43,16211324,51.95,52.11,51.52,52,1380100,2026-03-07T03:45:43Z
LRCX,2007-07-09,4.43,4.49,4.38,4.44,20935833,52.07,52.75,51.48,52.18,1782300,2026-03-07T03:45:43Z
LRCX,2007-07-10,4.41,4.48,4.41,4.42,22445348,51.82,52.65,51.8,51.86,1910800,2026-03-07T03:45:43Z
LRCX,2007-07-11,4.43,4.44,4.36,4.38,22728563,52,52.19,51.2,51.42,1934900,2026-03-07T03:45:43Z
LRCX,2007-07-12,4.57,4.57,4.43,4.46,30127201,53.64,53.7,52.03,52.44,2564800,2026-03-07T03:45:43Z
LRCX,2007-07-13,4.62,4.64,4.55,4.57,28077690,54.31,54.48,53.45,53.69,2390300,2026-03-07T03:45:43Z
LRCX,2007-07-16,4.64,4.67,4.59,4.62,21869745,54.45,54.87,53.89,54.32,1861800,2026-03-07T03:45:43Z
LRCX,2007-07-17,5.11,5.18,4.67,4.67,143023085,59.98,60.82,54.8,54.85,12175800,2026-03-07T03:45:43Z
LRCX,2007-07-18,4.95,5,4.87,4.99,67902399,58.12,58.75,57.22,58.61,5780700,2026-03-07T03:45:43Z
LRCX,2007-07-19,5.02,5.04,4.95,5,27295207,59.02,59.25,58.17,58.71,2323700,2026-03-07T03:45:43Z
LRCX,2007-07-20,5.04,5.12,5,5.03,29769118,59.16,60.1,58.78,59.07,2534300,2026-03-07T03:45:43Z
LRCX,2007-07-23,5.02,5.11,4.98,5.09,20977917,58.92,60.03,58.51,59.73,1785900,2026-03-07T03:45:43Z
LRCX,2007-07-24,4.85,5,4.81,5,41118701,57,58.67,56.5,58.67,3500500,2026-03-07T03:45:43Z
LRCX,2007-07-25,4.97,5,4.77,4.89,55203779,58.4,58.74,56.02,57.46,4699600,2026-03-07T03:45:43Z
LRCX,2007-07-26,4.86,4.93,4.78,4.92,40545084,57.03,57.94,56.13,57.79,3451700,2026-03-07T03:45:43Z
LRCX,2007-07-27,4.84,4.97,4.84,4.88,30186417,56.87,58.35,56.86,57.3,2569800,2026-03-07T03:45:43Z
LRCX,2007-07-30,4.92,4.99,4.84,4.85,31413706,57.74,58.59,56.82,57,2674300,2026-03-07T03:45:43Z
LRCX,2007-07-31,4.92,5.1,4.92,5.03,50028548,57.84,59.9,57.83,59.04,4259000,2026-03-07T03:45:43Z
LRCX,2007-08-01,4.93,4.98,4.81,4.98,38228824,57.91,58.55,56.46,58.53,3254500,2026-03-07T03:45:43Z
LRCX,2007-08-02,4.87,4.98,4.84,4.97,30475056,57.23,58.46,56.79,58.33,2594400,2026-03-07T03:45:43Z
LRCX,2007-08-03,4.67,4.9,4.67,4.87,33377835,54.82,57.57,54.82,57.23,2841500,2026-03-07T03:45:43Z
LRCX,2007-08-06,4.89,4.9,4.67,4.7,41787183,57.47,57.55,54.82,55.25,3557400,2026-03-07T03:45:43Z
LRCX,2007-08-07,4.9,4.95,4.79,4.89,22979850,57.59,58.1,56.23,57.48,1956300,2026-03-07T03:45:43Z
LRCX,2007-08-08,4.99,5.09,4.91,4.95,40385431,58.63,59.79,57.72,58.15,3438100,2026-03-07T03:45:43Z
LRCX,2007-08-09,4.71,5.04,4.67,4.94,46958174,55.31,59.2,54.88,58,3997600,2026-03-07T03:45:43Z
LRCX,2007-08-10,4.69,4.73,4.48,4.67,43050218,55.04,55.54,52.65,54.82,3664900,2026-03-07T03:45:43Z
LRCX,2007-08-13,4.61,4.79,4.6,4.72,32309809,54.15,56.29,54.01,55.49,2750600,2026-03-07T03:45:43Z
LRCX,2007-08-14,4.51,4.69,4.5,4.6,26615131,53.02,55.06,52.89,54.05,2265800,2026-03-07T03:45:43Z
LRCX,2007-08-15,4.38,4.58,4.37,4.43,39713601,51.5,53.76,51.38,52,3380900,2026-03-07T03:45:43Z
LRCX,2007-08-16,4.45,4.49,4.3,4.35,42529797,52.33,52.75,50.5,51.12,3620600,2026-03-07T03:45:43Z
LRCX,2007-08-17,4.61,4.73,4.47,4.51,37448086,54.12,55.58,52.52,52.95,3188000,2026-03-07T03:45:43Z
LRCX,2007-08-20,4.62,4.64,4.54,4.6,17457849,54.3,54.48,53.31,54.03,1486200,2026-03-07T03:45:43Z
LRCX,2007-08-21,4.57,4.67,4.55,4.6,21563122,53.63,54.88,53.5,54.05,1835700,2026-03-07T03:45:43Z
LRCX,2007-08-22,4.64,4.67,4.52,4.61,19316086,54.53,54.88,53.07,54.12,1644400,2026-03-07T03:45:43Z
LRCX,2007-08-23,4.56,4.66,4.54,4.66,17010305,53.54,54.77,53.37,54.7,1448100,2026-03-07T03:45:43Z
LRCX,2007-08-24,4.64,4.64,4.54,4.6,15319906,54.55,54.55,53.29,53.99,1304200,2026-03-07T03:45:43Z
LRCX,2007-08-27,4.58,4.64,4.5,4.64,24870782,53.78,54.49,52.87,54.49,2117300,2026-03-07T03:45:43Z
LRCX,2007-08-28,4.47,4.58,4.45,4.51,27203820,52.5,53.78,52.28,53.04,2315900,2026-03-07T03:45:43Z
LRCX,2007-08-29,4.58,4.62,4.47,4.51,20225080,53.82,54.25,52.51,53,1721800,2026-03-07T03:45:43Z
LRCX,2007-08-30,4.48,4.57,4.47,4.55,20494007,52.57,53.72,52.45,53.46,1744700,2026-03-07T03:45:43Z
LRCX,2007-08-31,4.57,4.57,4.45,4.55,22738950,53.63,53.71,52.3,53.4,1935800,2026-03-07T03:45:43Z
LRCX,2007-09-04,4.63,4.68,4.54,4.54,20650426,54.41,54.91,53.31,53.37,1758000,2026-03-07T03:45:43Z
LRCX,2007-09-05,4.5,4.64,4.46,4.63,23414379,52.87,54.5,52.43,54.36,1993300,2026-03-07T03:45:43Z
LRCX,2007-09-06,4.58,4.59,4.5,4.53,16571897,53.76,53.88,52.84,53.2,1410800,2026-03-07T03:45:43Z
LRCX,2007-09-07,4.44,4.54,4.4,4.52,15900115,52.11,53.27,51.72,53.11,1353600,2026-03-07T03:45:43Z
LRCX,2007-09-10,4.45,4.53,4.4,4.48,24187443,52.31,53.19,51.67,52.61,2059100,2026-03-07T03:45:43Z
LRCX,2007-09-11,4.49,4.51,4.44,4.5,14418983,52.74,53.03,52.15,52.81,1227500,2026-03-07T03:45:43Z
LRCX,2007-09-12,4.26,4.5,4.26,4.48,35010781,50.03,52.8,49.98,52.67,2980500,2026-03-07T03:45:43Z
LRCX,2007-09-13,4.29,4.36,4.26,4.3,33884273,50.4,51.25,50,50.56,2884600,2026-03-07T03:45:43Z
LRCX,2007-09-14,4.29,4.32,4.21,4.26,27142874,50.38,50.72,49.48,50.1,2310700,2026-03-07T03:45:43Z
LRCX,2007-09-17,4.38,4.45,4.27,4.27,28957369,51.5,52.32,50.15,50.15,2465200,2026-03-07T03:45:43Z
LRCX,2007-09-18,4.53,4.55,4.38,4.4,18873171,53.26,53.45,51.49,51.66,1606700,2026-03-07T03:45:43Z
LRCX,2007-09-19,4.48,4.65,4.45,4.58,24173020,52.61,54.59,52.24,53.75,2057900,2026-03-07T03:45:43Z
LRCX,2007-09-20,4.52,4.53,4.4,4.41,22083359,53.04,53.16,51.65,51.8,1880000,2026-03-07T03:45:43Z
LRCX,2007-09-21,4.58,4.61,4.54,4.55,31180173,53.81,54.14,53.3,53.47,2654400,2026-03-07T03:45:43Z
LRCX,2007-09-24,4.55,4.6,4.51,4.6,20546938,53.45,54,52.98,54,1749200,2026-03-07T03:45:43Z
LRCX,2007-09-25,4.61,4.64,4.52,4.53,17913558,54.18,54.49,53.09,53.2,1525000,2026-03-07T03:45:43Z
LRCX,2007-09-26,4.52,4.68,4.5,4.62,28189573,53.15,54.96,52.9,54.24,2399800,2026-03-07T03:45:43Z
LRCX,2007-09-27,4.5,4.56,4.45,4.54,21096542,52.86,53.6,52.25,53.27,1796000,2026-03-07T03:45:43Z
LRCX,2007-09-28,4.53,4.59,4.5,4.51,21813330,53.26,53.89,52.86,52.93,1857000,2026-03-07T03:45:43Z
LRCX,2007-10-01,4.8,4.82,4.55,4.56,34720521,56.4,56.64,53.4,53.55,2955800,2026-03-07T03:45:43Z
LRCX,2007-10-02,4.77,4.81,4.72,4.81,20002092,56.07,56.5,55.39,56.5,1702800,2026-03-07T03:45:43Z
LRCX,2007-10-03,4.62,4.75,4.56,4.75,31629836,54.31,55.75,53.54,55.75,2692700,2026-03-07T03:45:43Z
LRCX,2007-10-04,4.54,4.65,4.49,4.62,25946720,53.35,54.6,52.75,54.3,2208900,2026-03-07T03:45:43Z
LRCX,2007-10-05,4.59,4.64,4.53,4.57,15479567,53.96,54.48,53.2,53.62,1317800,2026-03-07T03:45:43Z
LRCX,2007-10-08,4.63,4.68,4.56,4.6,13352164,54.44,54.99,53.56,54.05,1136700,2026-03-07T03:45:43Z
LRCX,2007-10-09,4.58,4.67,4.5,4.63,33427260,53.77,54.85,52.87,54.4,2845700,2026-03-07T03:45:43Z
LRCX,2007-10-10,4.68,4.71,4.53,4.57,44211447,55.01,55.27,53.18,53.67,3763800,2026-03-07T03:45:43Z
LRCX,2007-10-11,4.57,4.87,4.51,4.84,65718954,53.7,57.2,53.01,56.83,5594800,2026-03-07T03:45:43Z
LRCX,2007-10-12,4.66,4.76,4.62,4.62,29419146,54.7,55.88,54.23,54.23,2504500,2026-03-07T03:45:43Z
LRCX,2007-10-15,4.65,4.68,4.59,4.67,27368478,54.67,54.97,53.96,54.83,2329900,2026-03-07T03:45:43Z
LRCX,2007-10-16,4.75,4.77,4.62,4.64,37792354,55.74,56.04,54.25,54.44,3217300,2026-03-07T03:45:43Z
LRCX,2007-10-17,4.78,4.91,4.73,4.79,40604460,56.09,57.66,55.53,56.28,3456700,2026-03-07T03:45:43Z
LRCX,2007-10-18,4.73,4.74,4.65,4.72,23825240,55.51,55.66,54.62,55.49,2028300,2026-03-07T03:45:43Z
LRCX,2007-10-19,4.57,4.74,4.57,4.72,30267377,53.71,55.63,53.66,55.46,2576700,2026-03-07T03:45:43Z
LRCX,2007-10-22,4.62,4.69,4.53,4.57,18446917,54.3,55.13,53.25,53.62,1570400,2026-03-07T03:45:43Z
LRCX,2007-10-23,4.6,4.62,4.47,4.56,21997554,54.09,54.29,52.51,53.6,1872700,2026-03-07T03:45:43Z
LRCX,2007-10-24,4.54,4.6,4.43,4.54,24719466,53.32,54,52.09,53.35,2104400,2026-03-07T03:45:43Z
LRCX,2007-10-25,4.26,4.53,4.21,4.53,63849121,50.02,53.19,49.48,53.19,5435600,2026-03-07T03:45:43Z
LRCX,2007-10-26,4.16,4.27,4.1,4.27,50346593,48.91,50.17,48.2,50.15,4286100,2026-03-07T03:45:43Z
LRCX,2007-10-29,4.31,4.31,4.18,4.19,34638195,50.59,50.6,49.06,49.22,2948800,2026-03-07T03:45:43Z
LRCX,2007-10-30,4.26,4.37,4.25,4.26,31697852,50.02,51.28,49.97,50.1,2698500,2026-03-07T03:45:43Z
LRCX,2007-10-31,4.27,4.29,4.21,4.28,25856476,50.2,50.35,49.39,50.23,2201200,2026-03-07T03:45:43Z
LRCX,2007-11-01,4.16,4.27,4.16,4.25,26329994,48.84,50.18,48.84,49.88,2241500,2026-03-07T03:45:43Z
LRCX,2007-11-02,4.14,4.22,4.11,4.22,22300511,48.65,49.6,48.23,49.57,1898500,2026-03-07T03:45:43Z
LRCX,2007-11-05,4.1,4.14,4.03,4.1,27398649,48.13,48.6,47.36,48.2,2332500,2026-03-07T03:45:43Z
LRCX,2007-11-06,4.06,4.14,4.03,4.13,27145222,47.71,48.58,47.32,48.5,2310900,2026-03-07T03:45:43Z
LRCX,2007-11-07,3.97,4.1,3.97,4.02,28997320,46.59,48.1,46.57,47.23,2468600,2026-03-07T03:45:43Z
LRCX,2007-11-08,3.99,4.06,3.89,4,46827110,46.86,47.71,45.71,46.93,3986500,2026-03-07T03:45:43Z
LRCX,2007-11-09,4.02,4.07,3.91,3.94,34453377,47.19,47.82,45.88,46.3,2933100,2026-03-07T03:45:43Z
LRCX,2007-11-12,4,4.06,3.95,4.02,25834041,47.02,47.69,46.35,47.2,2199300,2026-03-07T03:45:43Z
LRCX,2007-11-13,4.08,4.11,4,4.01,32576653,47.9,48.29,47.02,47.1,2773300,2026-03-07T03:45:43Z
LRCX,2007-11-14,4.02,4.09,4.01,4.07,27971727,47.21,47.98,47.05,47.83,2381300,2026-03-07T03:45:43Z
LRCX,2007-11-15,4.01,4.05,3.94,3.96,35561419,47.12,47.6,46.25,46.51,3027400,2026-03-07T03:45:43Z
LRCX,2007-11-16,3.92,4.05,3.88,4.03,35349556,46,47.53,45.52,47.36,3009400,2026-03-07T03:45:43Z
LRCX,2007-11-19,3.87,3.93,3.83,3.92,20767986,45.41,46.2,45,45.99,1768000,2026-03-07T03:45:43Z
LRCX,2007-11-20,3.8,3.88,3.75,3.86,30704413,44.63,45.61,44,45.36,2613900,2026-03-07T03:45:43Z
LRCX,2007-11-21,3.79,3.86,3.75,3.8,19325150,44.5,45.35,44.07,44.6,1645200,2026-03-07T03:45:43Z
LRCX,2007-11-23,3.82,3.86,3.78,3.84,7917072,44.91,45.35,44.4,45.1,674000,2026-03-07T03:45:43Z
LRCX,2007-11-26,3.72,3.85,3.72,3.84,18353946,43.71,45.25,43.71,45.06,1562500,2026-03-07T03:45:43Z
LRCX,2007-11-27,3.78,3.81,3.7,3.72,20705826,44.4,44.7,43.43,43.66,1762700,2026-03-07T03:45:43Z
LRCX,2007-11-28,3.98,4.03,3.76,3.78,30529180,46.71,47.37,44.22,44.35,2599000,2026-03-07T03:45:43Z
LRCX,2007-11-29,4.03,4.09,3.94,4.02,21679274,47.35,48,46.3,47.19,1845600,2026-03-07T03:45:43Z
LRCX,2007-11-30,3.9,4.09,3.89,4.09,31052971,45.85,48,45.72,47.99,2643600,2026-03-07T03:45:43Z
LRCX,2007-12-03,3.89,3.95,3.87,3.89,16565957,45.69,46.38,45.44,45.71,1410300,2026-03-07T03:45:43Z
LRCX,2007-12-04,3.86,3.89,3.81,3.82,20990834,45.32,45.64,44.8,44.91,1787000,2026-03-07T03:45:43Z
LRCX,2007-12-05,3.88,3.94,3.85,3.89,27009936,45.58,46.29,45.18,45.66,2299400,2026-03-07T03:45:43Z
LRCX,2007-12-06,4.05,4.07,3.86,3.88,34865666,47.56,47.79,45.28,45.6,2968200,2026-03-07T03:45:43Z
LRCX,2007-12-07,4.02,4.08,4.01,4.05,19969140,47.2,47.95,47.04,47.54,1700000,2026-03-07T03:45:43Z
LRCX,2007-12-10,4.05,4.08,4.01,4.06,19211506,47.61,47.9,47.15,47.68,1635500,2026-03-07T03:45:43Z
LRCX,2007-12-11,3.84,4.07,3.83,4.06,39588006,45.13,47.75,45.01,47.71,3370200,2026-03-07T03:45:43Z
LRCX,2007-12-12,3.85,3.91,3.8,3.91,26491886,45.17,45.97,44.59,45.94,2255300,2026-03-07T03:45:43Z
LRCX,2007-12-13,3.79,3.84,3.74,3.82,19735140,44.56,45.15,43.87,44.87,1680100,2026-03-07T03:45:43Z
LRCX,2007-12-14,3.77,3.81,3.74,3.76,16967726,44.25,44.73,43.89,44.18,1444500,2026-03-07T03:45:43Z
LRCX,2007-12-17,3.76,3.85,3.76,3.77,21016664,44.17,45.27,44.17,44.3,1789200,2026-03-07T03:45:43Z
LRCX,2007-12-18,3.76,3.8,3.73,3.79,16480214,44.19,44.67,43.78,44.49,1403000,2026-03-07T03:45:43Z
LRCX,2007-12-19,3.65,3.78,3.65,3.75,23848936,42.91,44.34,42.91,44.06,2030300,2026-03-07T03:45:43Z
LRCX,2007-12-20,3.72,3.72,3.63,3.67,21553435,43.74,43.74,42.67,43.06,1834900,2026-03-07T03:45:43Z
LRCX,2007-12-21,3.78,3.81,3.74,3.8,30770377,44.42,44.7,43.87,44.59,2619500,2026-03-07T03:45:43Z
LRCX,2007-12-24,3.82,3.93,3.78,3.81,11728761,44.87,46.19,44.35,44.74,998500,2026-03-07T03:45:43Z
LRCX,2007-12-26,3.8,3.85,3.77,3.82,11248393,44.64,45.23,44.25,44.88,957600,2026-03-07T03:45:43Z
LRCX,2007-12-27,3.74,3.83,3.72,3.82,12058903,43.9,44.96,43.64,44.89,1026600,2026-03-07T03:45:43Z
LRCX,2007-12-28,3.71,3.78,3.67,3.78,13647027,43.53,44.44,43.1,44.44,1161800,2026-03-07T03:45:43Z
LRCX,2007-12-31,3.68,3.75,3.67,3.67,12621769,43.23,44.09,43.1,43.13,1074500,2026-03-07T03:45:43Z
LRCX,2008-01-02,3.63,3.73,3.58,3.66,27178798,42.63,43.8,42.05,42.96,2313800,2026-03-07T03:45:43Z
LRCX,2008-01-03,3.56,3.64,3.53,3.62,34763107,41.77,42.76,41.42,42.56,2959400,2026-03-07T03:45:43Z
LRCX,2008-01-04,3.41,3.52,3.36,3.51,32669097,40.02,41.32,39.47,41.28,2781200,2026-03-07T03:45:43Z
LRCX,2008-01-07,3.43,3.5,3.39,3.44,47096504,40.28,41.08,39.81,40.42,4009400,2026-03-07T03:45:43Z
LRCX,2008-01-08,3.26,3.54,3.26,3.41,43721606,38.31,41.57,38.31,40.05,3722100,2026-03-07T03:45:43Z
LRCX,2008-01-09,3.31,3.32,3.17,3.27,45906802,38.88,38.95,37.19,38.43,3908100,2026-03-07T03:45:43Z
LRCX,2008-01-10,3.31,3.34,3.23,3.26,26375314,38.83,39.26,37.91,38.34,2245400,2026-03-07T03:45:43Z
LRCX,2008-01-11,3.23,3.31,3.2,3.27,26930417,37.93,38.91,37.53,38.44,2292600,2026-03-07T03:45:43Z
LRCX,2008-01-14,3.37,3.4,3.26,3.26,27870571,39.53,39.92,38.23,38.23,2372700,2026-03-07T03:45:43Z
LRCX,2008-01-15,3.25,3.38,3.23,3.37,35593420,38.2,39.67,37.92,39.61,3030100,2026-03-07T03:45:43Z
LRCX,2008-01-16,3.46,3.55,3.2,3.25,66275073,40.67,41.68,37.63,38.12,5642100,2026-03-07T03:45:43Z
LRCX,2008-01-17,3.38,3.55,3.38,3.47,41709875,39.72,41.7,39.67,40.73,3550800,2026-03-07T03:45:43Z
LRCX,2008-01-18,3.54,3.58,3.36,3.41,49872522,41.59,42,39.51,40.02,4245700,2026-03-07T03:45:43Z
LRCX,2008-01-22,3.4,3.51,3.35,3.41,40023462,39.98,41.19,39.31,40.03,3407300,2026-03-07T03:45:43Z
LRCX,2008-01-23,3.45,3.46,3.2,3.29,47954863,40.49,40.67,37.55,38.64,4082500,2026-03-07T03:45:43Z
LRCX,2008-01-24,3.5,3.61,3.44,3.45,42667501,41.07,42.44,40.36,40.49,3632400,2026-03-07T03:45:43Z
LRCX,2008-01-25,3.35,3.7,3.35,3.64,54699686,39.36,43.49,39.33,42.74,4656700,2026-03-07T03:45:43Z
LRCX,2008-01-28,3.39,3.4,3.32,3.36,29368974,39.8,39.92,38.94,39.49,2500200,2026-03-07T03:45:43Z
LRCX,2008-01-29,3.42,3.43,3.26,3.42,22891514,40.16,40.29,38.33,40.15,1948800,2026-03-07T03:45:43Z
LRCX,2008-01-30,3.32,3.43,3.3,3.38,36842747,38.99,40.29,38.75,39.75,3136500,2026-03-07T03:45:43Z
LRCX,2008-01-31,3.27,3.36,3.23,3.27,38824621,38.39,39.43,37.98,38.39,3305200,2026-03-07T03:45:43Z
LRCX,2008-02-01,3.47,3.48,3.28,3.28,39831358,40.71,40.85,38.52,38.52,3390900,2026-03-07T03:45:43Z
LRCX,2008-02-04,3.39,3.5,3.38,3.44,20750175,39.83,41.16,39.7,40.35,1766500,2026-03-07T03:45:43Z
LRCX,2008-02-05,3.29,3.37,3.28,3.33,28195088,38.68,39.58,38.51,39.08,2400300,2026-03-07T03:45:43Z
LRCX,2008-02-06,3.23,3.36,3.23,3.31,39774835,37.96,39.52,37.9,38.82,3386100,2026-03-07T03:45:43Z
LRCX,2008-02-07,3.25,3.31,3.14,3.22,28564273,38.22,38.84,36.86,37.78,2431700,2026-03-07T03:45:43Z
LRCX,2008-02-08,3.28,3.3,3.2,3.22,29741908,38.52,38.72,37.58,37.78,2532000,2026-03-07T03:45:43Z
LRCX,2008-02-11,3.36,3.4,3.28,3.29,28922288,39.52,39.94,38.52,38.62,2462200,2026-03-07T03:45:43Z
LRCX,2008-02-12,3.23,3.39,3.22,3.38,37852408,37.89,39.82,37.77,39.7,3222400,2026-03-07T03:45:43Z
LRCX,2008-02-13,3.37,3.39,3.29,3.31,49656230,39.6,39.86,38.62,38.89,4227300,2026-03-07T03:45:43Z
LRCX,2008-02-14,3.3,3.39,3.29,3.38,27755880,38.78,39.79,38.6,39.7,2362900,2026-03-07T03:45:43Z
LRCX,2008-02-15,3.26,3.32,3.19,3.27,28526280,38.25,38.95,37.44,38.45,2428500,2026-03-07T03:45:43Z
LRCX,2008-02-19,3.3,3.38,3.28,3.37,30919171,38.74,39.75,38.5,39.63,2632200,2026-03-07T03:45:43Z
LRCX,2008-02-20,3.4,3.44,3.27,3.27,36564151,39.98,40.44,38.38,38.4,3112800,2026-03-07T03:45:43Z
LRCX,2008-02-21,3.4,3.55,3.39,3.42,31753956,39.94,41.69,39.82,40.18,2703300,2026-03-07T03:45:43Z
LRCX,2008-02-22,3.43,3.44,3.36,3.41,18035369,40.31,40.44,39.42,40.03,1535400,2026-03-07T03:45:43Z
LRCX,2008-02-25,3.48,3.51,3.39,3.43,25751684,40.82,41.25,39.8,40.31,2192300,2026-03-07T03:45:43Z
LRCX,2008-02-26,3.57,3.62,3.41,3.46,43590878,41.89,42.53,40.09,40.63,3711000,2026-03-07T03:45:43Z
LRCX,2008-02-27,3.65,3.67,3.56,3.61,34921196,42.91,43.07,41.79,42.37,2972900,2026-03-07T03:45:43Z
LRCX,2008-02-28,3.61,3.64,3.53,3.62,44863200,42.38,42.74,41.46,42.52,3819300,2026-03-07T03:45:43Z
LRCX,2008-02-29,3.43,3.6,3.41,3.57,35523781,40.24,42.31,40.09,41.92,3024200,2026-03-07T03:45:43Z
LRCX,2008-03-03,3.4,3.46,3.36,3.41,26280565,39.97,40.58,39.5,40.05,2237300,2026-03-07T03:45:43Z
LRCX,2008-03-04,3.4,3.4,3.28,3.36,27889379,39.92,39.95,38.51,39.41,2374300,2026-03-07T03:45:43Z
LRCX,2008-03-05,3.38,3.47,3.34,3.4,30897070,39.68,40.74,39.24,39.94,2630300,2026-03-07T03:45:43Z
LRCX,2008-03-06,3.22,3.4,3.21,3.37,30510266,37.88,39.98,37.75,39.59,2597400,2026-03-07T03:45:43Z
LRCX,2008-03-07,3.27,3.34,3.2,3.21,38174405,38.36,39.17,37.53,37.74,3249800,2026-03-07T03:45:43Z
LRCX,2008-03-10,3.18,3.28,3.18,3.27,18535837,37.39,38.54,37.36,38.41,1578000,2026-03-07T03:45:43Z
LRCX,2008-03-11,3.32,3.33,3.22,3.26,27588144,39,39.1,37.86,38.25,2348600,2026-03-07T03:45:43Z
LRCX,2008-03-12,3.28,3.34,3.23,3.32,36394467,38.53,39.17,37.9,39.04,3098300,2026-03-07T03:45:43Z
LRCX,2008-03-13,3.44,3.45,3.2,3.25,41715711,40.46,40.5,37.59,38.13,3551300,2026-03-07T03:45:43Z
LRCX,2008-03-14,3.28,3.48,3.27,3.46,30711013,38.54,40.85,38.41,40.67,2614500,2026-03-07T03:45:43Z
LRCX,2008-03-17,3.19,3.29,3.13,3.23,36762922,37.51,38.61,36.76,37.94,3129700,2026-03-07T03:45:43Z
LRCX,2008-03-18,3.3,3.32,3.21,3.25,39747916,38.78,38.97,37.72,38.2,3383800,2026-03-07T03:45:43Z
LRCX,2008-03-19,3.13,3.34,3.13,3.34,36250868,36.81,39.21,36.78,39.21,3086100,2026-03-07T03:45:43Z
LRCX,2008-03-20,3.14,3.16,3.08,3.12,37452080,36.9,37.15,36.15,36.69,3188400,2026-03-07T03:45:43Z
LRCX,2008-03-24,3.24,3.28,3.15,3.17,43932652,38.09,38.47,36.95,37.18,3740100,2026-03-07T03:45:43Z
LRCX,2008-03-25,3.26,3.28,3.21,3.23,15268050,38.25,38.57,37.72,37.95,1299800,2026-03-07T03:45:43Z
LRCX,2008-03-26,3.22,3.25,3.15,3.23,23854983,37.77,38.17,37.05,37.93,2030800,2026-03-07T03:45:43Z
LRCX,2008-03-27,3.2,3.27,3.2,3.24,28739007,37.59,38.41,37.54,38.03,2446600,2026-03-07T03:45:43Z
LRCX,2008-03-28,3.21,3.29,3.2,3.22,24343604,37.73,38.61,37.6,37.8,2072400,2026-03-07T03:45:43Z
LRCX,2008-03-31,3.25,3.28,3.2,3.2,20530754,38.22,38.51,37.55,37.55,1747800,2026-03-07T03:45:43Z
LRCX,2008-04-01,3.41,3.46,3.33,3.33,43678972,40,40.61,39.06,39.06,3718500,2026-03-07T03:45:43Z
LRCX,2008-04-02,3.48,3.49,3.4,3.4,30802045,40.93,40.98,39.94,39.94,2622200,2026-03-07T03:45:43Z
LRCX,2008-04-03,3.69,3.7,3.41,3.46,53682744,43.3,43.51,40.04,40.64,4570100,2026-03-07T03:45:43Z
LRCX,2008-04-04,3.73,3.78,3.64,3.7,50715035,43.76,44.34,42.76,43.4,4317500,2026-03-07T03:45:43Z
LRCX,2008-04-07,3.75,3.81,3.72,3.75,44431156,44.04,44.73,43.75,44,3782500,2026-03-07T03:45:43Z
LRCX,2008-04-08,3.58,3.68,3.56,3.68,61926105,42.01,43.2,41.78,43.2,5271900,2026-03-07T03:45:43Z
LRCX,2008-04-09,3.57,3.62,3.51,3.62,40817083,41.98,42.49,41.26,42.49,3474800,2026-03-07T03:45:43Z
LRCX,2008-04-10,3.71,3.72,3.54,3.58,39269593,43.55,43.67,41.61,42.09,3343100,2026-03-07T03:45:43Z
LRCX,2008-04-11,3.49,3.69,3.47,3.66,36502259,41,43.32,40.79,42.94,3107500,2026-03-07T03:45:43Z
LRCX,2008-04-14,3.5,3.54,3.44,3.48,28540567,41.08,41.59,40.39,40.9,2429700,2026-03-07T03:45:43Z
LRCX,2008-04-15,3.44,3.51,3.41,3.51,38265674,40.42,41.21,40.06,41.21,3257600,2026-03-07T03:45:43Z
LRCX,2008-04-16,3.66,3.68,3.48,3.48,42311602,42.96,43.27,40.84,40.91,3602100,2026-03-07T03:45:43Z
LRCX,2008-04-17,3.66,3.72,3.58,3.7,32280223,42.98,43.67,42,43.42,2748100,2026-03-07T03:45:43Z
LRCX,2008-04-18,3.65,3.72,3.57,3.72,61832316,42.85,43.67,41.96,43.67,5263900,2026-03-07T03:45:43Z
LRCX,2008-04-21,3.63,3.66,3.58,3.62,26308744,42.62,42.94,42.02,42.52,2239700,2026-03-07T03:45:43Z
LRCX,2008-04-22,3.45,3.57,3.38,3.54,45749599,40.52,41.92,39.69,41.6,3894700,2026-03-07T03:45:43Z
LRCX,2008-04-23,3.5,3.58,3.44,3.48,46069359,41.13,42.04,40.44,40.82,3922000,2026-03-07T03:45:43Z
LRCX,2008-04-24,3.68,3.75,3.38,3.39,93444553,43.23,43.99,39.75,39.8,7955000,2026-03-07T03:45:43Z
LRCX,2008-04-25,3.63,3.76,3.56,3.7,33460767,42.63,44.13,41.84,43.4,2848600,2026-03-07T03:45:43Z
LRCX,2008-04-28,3.59,3.62,3.56,3.6,28345564,42.21,42.48,41.8,42.28,2413100,2026-03-07T03:45:43Z
LRCX,2008-04-29,3.54,3.62,3.52,3.58,21308001,41.56,42.46,41.37,42.04,1814000,2026-03-07T03:45:43Z
LRCX,2008-04-30,3.48,3.57,3.47,3.56,32052494,40.84,41.88,40.73,41.78,2728700,2026-03-07T03:45:43Z
LRCX,2008-05-01,3.63,3.66,3.47,3.49,34216134,42.69,43.03,40.8,41,2912900,2026-03-07T03:45:43Z
LRCX,2008-05-02,3.64,3.72,3.6,3.68,25669499,42.75,43.7,42.3,43.21,2185300,2026-03-07T03:45:43Z
LRCX,2008-05-05,3.53,3.68,3.51,3.68,31693398,41.51,43.25,41.26,43.25,2698100,2026-03-07T03:45:43Z
LRCX,2008-05-06,3.53,3.55,3.45,3.51,38098772,41.49,41.68,40.55,41.19,3243400,2026-03-07T03:45:43Z
LRCX,2008-05-07,3.43,3.54,3.41,3.51,28415586,40.27,41.57,40.09,41.25,2419100,2026-03-07T03:45:43Z
LRCX,2008-05-08,3.41,3.44,3.35,3.42,40025426,40.11,40.46,39.32,40.16,3407400,2026-03-07T03:45:43Z
LRCX,2008-05-09,3.41,3.44,3.35,3.37,22884742,40.09,40.41,39.38,39.58,1948200,2026-03-07T03:45:43Z
LRCX,2008-05-12,3.43,3.43,3.32,3.38,42353357,40.34,40.34,39,39.72,3605600,2026-03-07T03:45:43Z
LRCX,2008-05-13,3.41,3.45,3.39,3.43,33813707,40.03,40.57,39.78,40.27,2878600,2026-03-07T03:45:43Z
LRCX,2008-05-14,3.55,3.6,3.42,3.44,57104415,41.74,42.29,40.18,40.39,4861400,2026-03-07T03:45:43Z
LRCX,2008-05-15,3.56,3.57,3.46,3.57,39725105,41.87,41.91,40.68,41.9,3381900,2026-03-07T03:45:43Z
LRCX,2008-05-16,3.57,3.59,3.51,3.58,31467445,41.91,42.12,41.21,42.07,2678900,2026-03-07T03:45:43Z
LRCX,2008-05-19,3.5,3.61,3.49,3.56,45010389,41.08,42.36,41.03,41.81,3831800,2026-03-07T03:45:43Z
LRCX,2008-05-20,3.41,3.53,3.38,3.51,45675859,40,41.48,39.7,41.2,3888500,2026-03-07T03:45:43Z
LRCX,2008-05-21,3.36,3.46,3.36,3.4,42932365,39.52,40.68,39.44,39.91,3654900,2026-03-07T03:45:43Z
LRCX,2008-05-22,3.35,3.43,3.35,3.36,37303196,39.36,40.34,39.3,39.46,3175700,2026-03-07T03:45:43Z
LRCX,2008-05-23,3.24,3.35,3.22,3.34,65384960,38.05,39.39,37.76,39.19,5566400,2026-03-07T03:45:43Z
LRCX,2008-05-27,3.45,3.46,3.33,3.35,79987556,40.54,40.6,39.09,39.31,6809400,2026-03-07T03:45:43Z
LRCX,2008-05-28,3.44,3.46,3.38,3.46,38144027,40.35,40.58,39.72,40.58,3247300,2026-03-07T03:45:43Z
LRCX,2008-05-29,3.43,3.48,3.42,3.44,29326413,40.32,40.93,40.13,40.45,2496600,2026-03-07T03:45:43Z
LRCX,2008-05-30,3.46,3.48,3.4,3.45,32538619,40.7,40.9,39.91,40.5,2770100,2026-03-07T03:45:43Z
LRCX,2008-06-02,3.45,3.5,3.39,3.46,30475003,40.51,41.08,39.87,40.59,2594400,2026-03-07T03:45:43Z
LRCX,2008-06-03,3.37,3.47,3.35,3.46,48246676,39.62,40.74,39.33,40.59,4107300,2026-03-07T03:45:43Z
LRCX,2008-06-04,3.38,3.45,3.36,3.37,34748778,39.68,40.53,39.5,39.63,2958200,2026-03-07T03:45:43Z
LRCX,2008-06-05,3.37,3.46,3.34,3.38,31615815,39.56,40.65,39.19,39.7,2691500,2026-03-07T03:45:43Z
LRCX,2008-06-06,3.3,3.38,3.3,3.35,36006558,38.72,39.65,38.72,39.29,3065300,2026-03-07T03:45:43Z
LRCX,2008-06-09,3.25,3.31,3.2,3.3,44652416,38.2,38.86,37.55,38.76,3801300,2026-03-07T03:45:43Z
LRCX,2008-06-10,3.14,3.21,3.12,3.21,49751197,36.85,37.75,36.65,37.72,4235400,2026-03-07T03:45:43Z
LRCX,2008-06-11,3.11,3.16,3.07,3.12,69059071,36.49,37.08,36,36.69,5879200,2026-03-07T03:45:43Z
LRCX,2008-06-12,3.11,3.17,3.09,3.13,32344186,36.58,37.22,36.34,36.77,2753500,2026-03-07T03:45:43Z
LRCX,2008-06-13,3.15,3.21,3.12,3.14,23950133,37.01,37.74,36.68,36.9,2038900,2026-03-07T03:45:43Z
LRCX,2008-06-16,3.25,3.27,3.11,3.11,48705449,38.21,38.42,36.51,36.51,4146400,2026-03-07T03:45:43Z
LRCX,2008-06-17,3.21,3.28,3.21,3.27,43595581,37.74,38.54,37.67,38.37,3711400,2026-03-07T03:45:43Z
LRCX,2008-06-18,3.13,3.23,3.12,3.23,23350843,36.79,37.89,36.67,37.89,1987900,2026-03-07T03:45:43Z
LRCX,2008-06-19,3.19,3.22,3.12,3.13,33255830,37.42,37.84,36.59,36.79,2831100,2026-03-07T03:45:43Z
LRCX,2008-06-20,3.12,3.18,3.08,3.15,35100705,36.69,37.37,36.23,36.98,2988200,2026-03-07T03:45:43Z
LRCX,2008-06-23,3.07,3.17,3.06,3.14,23370810,36.03,37.2,35.98,36.89,1989600,2026-03-07T03:45:43Z
LRCX,2008-06-24,3.28,3.34,3.2,3.21,93435919,38.53,39.2,37.6,37.67,7954300,2026-03-07T03:45:43Z
LRCX,2008-06-25,3.31,3.36,3.29,3.29,37277794,38.9,39.48,38.61,38.61,3173500,2026-03-07T03:45:43Z
LRCX,2008-06-26,3.11,3.27,3.1,3.27,39093120,36.57,38.45,36.4,38.36,3328100,2026-03-07T03:45:43Z
LRCX,2008-06-27,3.16,3.18,3.1,3.1,37209273,37.12,37.3,36.38,36.38,3167700,2026-03-07T03:45:43Z
LRCX,2008-06-30,3.08,3.2,3.07,3.14,33820658,36.15,37.58,36.09,36.89,2879200,2026-03-07T03:45:43Z
LRCX,2008-07-01,3.22,3.24,3.12,3.13,48793199,37.87,38,36.66,36.72,4153800,2026-03-07T03:45:43Z
LRCX,2008-07-02,3.1,3.23,3.09,3.2,38665993,36.46,37.97,36.29,37.57,3291700,2026-03-07T03:45:43Z
LRCX,2008-07-03,3.01,3.14,2.97,3.14,26744494,35.35,36.92,34.85,36.82,2276800,2026-03-07T03:45:43Z
LRCX,2008-07-07,3,3.09,2.92,3.02,44761120,35.25,36.24,34.27,35.5,3810600,2026-03-07T03:45:43Z
LRCX,2008-07-08,2.99,3.02,2.92,2.99,50126511,35.07,35.49,34.25,35.09,4267400,2026-03-07T03:45:43Z
LRCX,2008-07-09,2.87,3.06,2.86,2.96,44365299,33.75,35.95,33.55,34.81,3776900,2026-03-07T03:45:43Z
LRCX,2008-07-10,2.9,2.92,2.8,2.87,40627476,34.08,34.33,32.93,33.75,3458700,2026-03-07T03:45:43Z
LRCX,2008-07-11,2.77,2.82,2.68,2.82,49519394,32.5,33.13,31.53,33.07,4215700,2026-03-07T03:45:43Z
LRCX,2008-07-14,2.73,2.81,2.69,2.78,30073619,32.04,33.05,31.62,32.65,2560200,2026-03-07T03:45:43Z
LRCX,2008-07-15,2.74,2.79,2.67,2.72,57512864,32.18,32.73,31.33,32,4896100,2026-03-07T03:45:43Z
LRCX,2008-07-16,2.85,2.88,2.7,2.73,39437773,33.44,33.85,31.71,32.06,3357400,2026-03-07T03:45:43Z
LRCX,2008-07-17,2.87,2.89,2.79,2.86,26171587,33.72,33.91,32.74,33.6,2228000,2026-03-07T03:45:43Z
LRCX,2008-07-18,2.83,2.87,2.76,2.83,24008951,33.27,33.74,32.47,33.27,2043900,2026-03-07T03:45:43Z
LRCX,2008-07-21,2.93,2.99,2.86,2.87,41570697,34.45,35.07,33.6,33.66,3539000,2026-03-07T03:45:43Z
LRCX,2008-07-22,2.76,2.87,2.72,2.85,46357030,32.4,33.66,32,33.52,3946500,2026-03-07T03:45:43Z
LRCX,2008-07-23,2.81,2.87,2.74,2.77,36064089,33.01,33.75,32.22,32.58,3070200,2026-03-07T03:45:43Z
LRCX,2008-07-24,2.68,2.83,2.67,2.83,32746806,31.45,33.28,31.3,33.28,2787800,2026-03-07T03:45:43Z
LRCX,2008-07-25,2.67,2.69,2.62,2.68,30271619,31.31,31.54,30.77,31.44,2577100,2026-03-07T03:45:43Z
LRCX,2008-07-28,2.62,2.71,2.58,2.66,30177330,30.74,31.79,30.3,31.19,2569000,2026-03-07T03:45:43Z
LRCX,2008-07-29,2.69,2.71,2.58,2.64,53753388,31.59,31.77,30.35,31.04,4576100,2026-03-07T03:45:43Z
LRCX,2008-07-30,2.9,2.98,2.75,2.77,91560647,34.11,34.97,32.33,32.5,7794600,2026-03-07T03:45:43Z
LRCX,2008-07-31,2.8,2.93,2.79,2.86,63408395,32.89,34.36,32.79,33.55,5398100,2026-03-07T03:45:43Z
LRCX,2008-08-01,2.78,2.81,2.72,2.8,48214592,32.6,33.03,31.95,32.85,4104600,2026-03-07T03:45:43Z
LRCX,2008-08-04,2.81,2.86,2.79,2.83,28714750,32.96,33.58,32.75,33.24,2444500,2026-03-07T03:45:43Z
LRCX,2008-08-05,2.9,2.9,2.82,2.82,28520827,34.03,34.03,33.16,33.16,2428000,2026-03-07T03:45:43Z
LRCX,2008-08-06,3.07,3.07,2.9,2.93,52788467,36.06,36.06,34.07,34.36,4493900,2026-03-07T03:45:43Z
LRCX,2008-08-07,3.05,3.13,2.99,3.03,47220342,35.77,36.71,35.17,35.56,4020000,2026-03-07T03:45:43Z
LRCX,2008-08-08,3.16,3.19,3.01,3.02,49078991,37.08,37.52,35.41,35.52,4178200,2026-03-07T03:45:43Z
LRCX,2008-08-11,3.37,3.4,3.15,3.16,64565011,39.62,39.96,36.95,37.11,5496500,2026-03-07T03:45:43Z
LRCX,2008-08-12,3.37,3.43,3.33,3.33,45875415,39.55,40.24,39.15,39.15,3905500,2026-03-07T03:45:43Z
LRCX,2008-08-13,3.27,3.44,3.24,3.42,65932437,38.46,40.42,38,40.2,5613000,2026-03-07T03:45:43Z
LRCX,2008-08-14,3.28,3.33,3.23,3.33,34759261,38.47,39.11,37.95,39.11,2959100,2026-03-07T03:45:43Z
LRCX,2008-08-15,3.28,3.31,3.24,3.29,28219573,38.52,38.82,38.06,38.66,2402400,2026-03-07T03:45:43Z
LRCX,2008-08-18,3.2,3.32,3.16,3.28,30390565,37.59,38.96,37.11,38.56,2587200,2026-03-07T03:45:43Z
LRCX,2008-08-19,3.18,3.2,3.13,3.18,27204619,37.33,37.55,36.72,37.37,2316000,2026-03-07T03:45:43Z
LRCX,2008-08-20,3.19,3.27,3.16,3.19,22633095,37.51,38.35,37.08,37.47,1926800,2026-03-07T03:45:43Z
LRCX,2008-08-21,3.16,3.19,3.12,3.17,19291233,37.14,37.52,36.63,37.19,1642300,2026-03-07T03:45:43Z
LRCX,2008-08-22,3.26,3.28,3.2,3.22,20950176,38.3,38.53,37.61,37.83,1783500,2026-03-07T03:45:43Z
LRCX,2008-08-25,3.24,3.26,3.22,3.23,32974974,38.1,38.27,37.76,37.9,2807200,2026-03-07T03:45:43Z
LRCX,2008-08-26,3.18,3.25,3.17,3.25,36275755,37.34,38.2,37.19,38.13,3088200,2026-03-07T03:45:43Z
LRCX,2008-08-27,3.21,3.25,3.17,3.2,23958294,37.71,38.14,37.19,37.61,2039600,2026-03-07T03:45:43Z
LRCX,2008-08-28,3.25,3.25,3.18,3.22,24297495,38.19,38.22,37.35,37.84,2068500,2026-03-07T03:45:43Z
LRCX,2008-08-29,3.13,3.22,3.1,3.22,27838412,36.76,37.86,36.36,37.82,2369900,2026-03-07T03:45:43Z
LRCX,2008-09-02,3.06,3.23,3.06,3.2,34477052,35.99,37.96,35.9,37.59,2935100,2026-03-07T03:45:43Z
LRCX,2008-09-03,2.86,3.06,2.85,3.06,55831735,33.64,35.96,33.47,35.9,4753000,2026-03-07T03:45:43Z
LRCX,2008-09-04,2.73,2.86,2.71,2.81,71961851,32.05,33.6,31.83,32.97,6126300,2026-03-07T03:45:43Z
LRCX,2008-09-05,2.75,2.79,2.68,2.7,56664130,32.33,32.8,31.52,31.68,4823900,2026-03-07T03:45:43Z
LRCX,2008-09-08,2.72,2.86,2.66,2.83,47775552,31.96,33.54,31.25,33.21,4067200,2026-03-07T03:45:43Z
LRCX,2008-09-09,2.63,2.77,2.62,2.75,47980111,30.89,32.48,30.76,32.25,4084600,2026-03-07T03:45:43Z
LRCX,2008-09-10,2.74,2.75,2.65,2.66,78934017,32.23,32.35,31.14,31.25,6719800,2026-03-07T03:45:43Z
LRCX,2008-09-11,2.74,2.77,2.63,2.7,64411806,32.22,32.56,30.91,31.75,5483400,2026-03-07T03:45:43Z
LRCX,2008-09-12,2.72,2.77,2.68,2.74,39703359,31.98,32.49,31.43,32.17,3380000,2026-03-07T03:45:43Z
LRCX,2008-09-15,2.65,2.74,2.62,2.65,42834827,31.14,32.23,30.81,31.1,3646600,2026-03-07T03:45:43Z
LRCX,2008-09-16,2.68,2.72,2.59,2.6,50194805,31.46,31.89,30.36,30.49,4273100,2026-03-07T03:45:43Z
LRCX,2008-09-17,2.56,2.71,2.56,2.64,46540178,30.1,31.88,30.06,31,3962100,2026-03-07T03:45:43Z
LRCX,2008-09-18,2.76,2.8,2.55,2.62,54870700,32.43,32.88,30,30.75,4671200,2026-03-07T03:45:43Z
LRCX,2008-09-19,2.85,2.91,2.79,2.84,52653785,33.44,34.12,32.77,33.38,4482500,2026-03-07T03:45:43Z
LRCX,2008-09-22,2.68,2.84,2.68,2.83,22890324,31.43,33.37,31.43,33.18,1948700,2026-03-07T03:45:43Z
LRCX,2008-09-23,2.64,2.73,2.6,2.64,35171770,30.97,32.09,30.52,30.95,2994200,2026-03-07T03:45:43Z
LRCX,2008-09-24,2.65,2.76,2.62,2.62,36686773,31.18,32.47,30.8,30.8,3123200,2026-03-07T03:45:43Z
LRCX,2008-09-25,2.71,2.74,2.66,2.67,30682913,31.8,32.23,31.28,31.39,2612100,2026-03-07T03:45:43Z
LRCX,2008-09-26,2.73,2.74,2.6,2.64,22312271,32.07,32.17,30.5,30.98,1899500,2026-03-07T03:45:43Z
LRCX,2008-09-29,2.6,2.69,2.55,2.66,36702195,30.5,31.58,29.99,31.26,3124500,2026-03-07T03:45:43Z
LRCX,2008-09-30,2.68,2.72,2.56,2.64,43564220,31.49,31.98,30.07,31.01,3708700,2026-03-07T03:45:43Z
LRCX,2008-10-01,2.6,2.7,2.59,2.64,37926261,30.54,31.74,30.38,31.04,3228700,2026-03-07T03:45:43Z
LRCX,2008-10-02,2.43,2.57,2.42,2.56,53269273,28.49,30.15,28.47,30.11,4534900,2026-03-07T03:45:43Z
LRCX,2008-10-03,2.23,2.48,2.22,2.45,87623338,26.25,29.17,26.11,28.78,7459500,2026-03-07T03:45:43Z
LRCX,2008-10-06,2.19,2.21,2.04,2.2,76454744,25.75,26.01,23.98,25.84,6508600,2026-03-07T03:45:43Z
LRCX,2008-10-07,1.93,2.24,1.92,2.23,72041711,22.62,26.31,22.49,26.2,6133100,2026-03-07T03:45:43Z
LRCX,2008-10-08,1.96,2.05,1.84,1.87,63946832,23.06,24.02,21.55,21.98,5443800,2026-03-07T03:45:43Z
LRCX,2008-10-09,1.89,2.03,1.85,1.99,56549122,22.17,23.86,21.69,23.36,4814200,2026-03-07T03:45:43Z
LRCX,2008-10-10,1.95,2.06,1.74,1.92,81193468,22.86,24.16,20.38,22.52,6912100,2026-03-07T03:45:43Z
LRCX,2008-10-13,2.13,2.14,2.01,2.06,36524545,25.04,25.11,23.64,24.25,3109400,2026-03-07T03:45:43Z
LRCX,2008-10-14,1.98,2.2,1.98,2.14,58534102,23.26,25.89,23.2,25.11,4983200,2026-03-07T03:45:43Z
LRCX,2008-10-15,1.79,1.99,1.79,1.95,33097492,21,23.36,21,22.92,2817700,2026-03-07T03:45:43Z
LRCX,2008-10-16,1.86,1.88,1.68,1.82,67041930,21.87,22.04,19.71,21.33,5707300,2026-03-07T03:45:43Z
LRCX,2008-10-17,1.8,1.87,1.79,1.81,31658856,21.12,22,20.98,21.22,2695200,2026-03-07T03:45:43Z
LRCX,2008-10-20,1.9,1.91,1.82,1.85,34953956,22.35,22.46,21.39,21.72,2975700,2026-03-07T03:45:43Z
LRCX,2008-10-21,1.77,1.9,1.76,1.86,35464811,20.79,22.36,20.66,21.85,3019200,2026-03-07T03:45:43Z
LRCX,2008-10-22,1.64,1.76,1.61,1.71,44649092,19.21,20.7,18.87,20.08,3801100,2026-03-07T03:45:43Z
LRCX,2008-10-23,1.61,1.72,1.54,1.58,79680900,18.91,20.19,18.12,18.59,6783200,2026-03-07T03:45:43Z
LRCX,2008-10-24,1.64,1.68,1.49,1.5,53204056,19.23,19.73,17.55,17.57,4529400,2026-03-07T03:45:43Z
LRCX,2008-10-27,1.66,1.74,1.57,1.59,49340328,19.52,20.46,18.48,18.7,4200500,2026-03-07T03:45:43Z
LRCX,2008-10-28,1.77,1.78,1.61,1.71,62515840,20.83,20.9,18.96,20.07,5322100,2026-03-07T03:45:43Z
LRCX,2008-10-29,1.71,1.8,1.68,1.78,37480486,20.03,21.09,19.71,20.95,3190800,2026-03-07T03:45:43Z
LRCX,2008-10-30,1.79,1.81,1.7,1.73,31949930,21.02,21.2,20.01,20.36,2720000,2026-03-07T03:45:43Z
LRCX,2008-10-31,1.9,1.95,1.75,1.78,43495986,22.36,22.94,20.55,20.89,3702800,2026-03-07T03:45:43Z
LRCX,2008-11-03,1.95,2,1.92,1.95,30081119,22.91,23.47,22.55,22.85,2560900,2026-03-07T03:45:43Z
LRCX,2008-11-04,2.11,2.15,1.94,1.99,60397358,24.77,25.21,22.79,23.35,5141700,2026-03-07T03:45:43Z
LRCX,2008-11-05,1.96,2.1,1.96,2.09,34762309,23.03,24.71,23,24.49,2959400,2026-03-07T03:45:43Z
LRCX,2008-11-06,1.77,1.99,1.77,1.95,32156871,20.84,23.34,20.74,22.87,2737500,2026-03-07T03:45:43Z
LRCX,2008-11-07,1.79,1.85,1.75,1.8,26133203,21.04,21.69,20.51,21.17,2224800,2026-03-07T03:45:43Z
LRCX,2008-11-10,1.7,1.86,1.69,1.86,18542143,19.94,21.9,19.79,21.81,1578500,2026-03-07T03:45:43Z
LRCX,2008-11-11,1.65,1.72,1.6,1.68,30561759,19.34,20.18,18.76,19.77,2601700,2026-03-07T03:45:43Z
LRCX,2008-11-12,1.54,1.66,1.53,1.64,50472770,18.04,19.53,17.92,19.3,4296900,2026-03-07T03:45:43Z
LRCX,2008-11-13,1.67,1.67,1.42,1.54,70924381,19.56,19.57,16.68,18.03,6038000,2026-03-07T03:45:43Z
LRCX,2008-11-14,1.53,1.64,1.49,1.62,47552805,17.99,19.26,17.46,19.07,4048200,2026-03-07T03:45:43Z
LRCX,2008-11-17,1.43,1.55,1.43,1.52,35404343,16.82,18.18,16.79,17.87,3014000,2026-03-07T03:45:43Z
LRCX,2008-11-18,1.4,1.47,1.34,1.43,39655441,16.5,17.26,15.7,16.78,3376000,2026-03-07T03:45:43Z
LRCX,2008-11-19,1.28,1.44,1.27,1.4,29552467,15,16.87,14.96,16.45,2515900,2026-03-07T03:45:43Z
LRCX,2008-11-20,1.32,1.46,1.25,1.27,56231160,15.47,17.18,14.72,14.97,4787100,2026-03-07T03:45:43Z
LRCX,2008-11-21,1.52,1.52,1.31,1.35,70254498,17.82,17.88,15.34,15.81,5980700,2026-03-07T03:45:43Z
LRCX,2008-11-24,1.64,1.67,1.53,1.54,49221177,19.31,19.57,17.96,18.07,4190300,2026-03-07T03:45:43Z
LRCX,2008-11-25,1.62,1.66,1.56,1.66,41677970,19.04,19.55,18.33,19.45,3548100,2026-03-07T03:45:43Z
LRCX,2008-11-26,1.78,1.79,1.58,1.6,34559754,20.94,21,18.58,18.81,2942200,2026-03-07T03:45:43Z
LRCX,2008-11-28,1.72,1.78,1.69,1.76,10010141,20.2,20.88,19.9,20.67,852200,2026-03-07T03:45:43Z
LRCX,2008-12-01,1.62,1.69,1.62,1.67,25035907,19.07,19.89,19.07,19.57,2131400,2026-03-07T03:45:43Z
LRCX,2008-12-02,1.63,1.67,1.58,1.62,26919721,19.1,19.65,18.53,19.01,2291700,2026-03-07T03:45:43Z
LRCX,2008-12-03,1.73,1.74,1.58,1.59,27210489,20.36,20.43,18.51,18.68,2316500,2026-03-07T03:45:43Z
LRCX,2008-12-04,1.65,1.78,1.62,1.7,22601974,19.38,20.87,18.99,19.96,1924200,2026-03-07T03:45:43Z
LRCX,2008-12-05,1.73,1.74,1.58,1.63,26851722,20.31,20.38,18.52,19.09,2285900,2026-03-07T03:45:43Z
LRCX,2008-12-08,1.72,1.75,1.68,1.73,36131418,20.2,20.59,19.71,20.35,3076000,2026-03-07T03:45:43Z
LRCX,2008-12-09,1.83,1.96,1.66,1.7,61925555,21.45,22.97,19.55,19.93,5271900,2026-03-07T03:45:43Z
LRCX,2008-12-10,1.86,1.9,1.79,1.85,30769491,21.8,22.31,21.05,21.7,2619500,2026-03-07T03:45:43Z
LRCX,2008-12-11,1.78,1.89,1.76,1.83,22243162,20.87,22.17,20.65,21.51,1893600,2026-03-07T03:45:43Z
LRCX,2008-12-12,1.96,1.99,1.76,1.76,41774773,23.02,23.32,20.66,20.69,3556300,2026-03-07T03:45:43Z
LRCX,2008-12-15,1.82,1.96,1.79,1.96,50658387,21.43,23.01,21.02,23.01,4312700,2026-03-07T03:45:43Z
LRCX,2008-12-16,1.91,1.92,1.83,1.85,48238436,22.47,22.52,21.44,21.77,4106600,2026-03-07T03:45:43Z
LRCX,2008-12-17,1.95,2,1.86,1.89,38003780,22.9,23.44,21.87,22.18,3235300,2026-03-07T03:45:43Z
LRCX,2008-12-18,1.87,1.98,1.83,1.95,33304326,21.91,23.2,21.46,22.94,2835200,2026-03-07T03:45:43Z
LRCX,2008-12-19,1.88,1.98,1.83,1.9,48919637,22.06,23.2,21.52,22.3,4164600,2026-03-07T03:45:43Z
LRCX,2008-12-22,1.82,1.88,1.77,1.88,27291417,21.43,22.06,20.83,22.06,2323400,2026-03-07T03:45:43Z
LRCX,2008-12-23,1.77,1.84,1.73,1.83,25180815,20.79,21.56,20.37,21.47,2143700,2026-03-07T03:45:43Z
LRCX,2008-12-24,1.78,1.78,1.76,1.77,8976671,20.87,20.95,20.69,20.77,764200,2026-03-07T03:45:43Z
LRCX,2008-12-26,1.78,1.79,1.76,1.79,9004863,20.87,21.01,20.62,21.01,766600,2026-03-07T03:45:43Z
LRCX,2008-12-29,1.77,1.8,1.74,1.79,18079422,20.78,21.08,20.49,21.04,1539100,2026-03-07T03:45:43Z
LRCX,2008-12-30,1.85,1.87,1.77,1.78,29806210,21.76,22,20.77,20.85,2537500,2026-03-07T03:45:43Z
LRCX,2008-12-31,1.81,1.86,1.79,1.85,28418362,21.28,21.79,21.03,21.7,2419300,2026-03-07T03:45:43Z
LRCX,2009-01-02,1.88,1.89,1.76,1.83,30785286,22.04,22.18,20.65,21.47,2620800,2026-03-07T03:45:43Z
LRCX,2009-01-05,1.87,1.9,1.83,1.84,22318908,21.99,22.34,21.44,21.62,1900000,2026-03-07T03:45:43Z
LRCX,2009-01-06,1.99,2.02,1.86,1.9,36823685,23.36,23.68,21.8,22.36,3134900,2026-03-07T03:45:43Z
LRCX,2009-01-07,1.93,1.96,1.86,1.96,30430249,22.66,23.07,21.9,22.98,2590600,2026-03-07T03:45:43Z
LRCX,2009-01-08,1.99,2,1.89,1.93,30405040,23.35,23.48,22.24,22.61,2588400,2026-03-07T03:45:43Z
LRCX,2009-01-09,2,2.01,1.93,2,36045232,23.5,23.59,22.61,23.43,3068600,2026-03-07T03:45:43Z
LRCX,2009-01-12,1.9,1.99,1.86,1.99,37316973,22.28,23.42,21.89,23.35,3176800,2026-03-07T03:45:43Z
LRCX,2009-01-13,1.84,1.93,1.81,1.87,39787734,21.63,22.69,21.2,21.93,3387200,2026-03-07T03:45:43Z
LRCX,2009-01-14,1.74,1.83,1.73,1.8,28516525,20.45,21.5,20.33,21.17,2427600,2026-03-07T03:45:43Z
LRCX,2009-01-15,1.8,1.83,1.68,1.73,49199960,21.13,21.5,19.75,20.34,4188400,2026-03-07T03:45:43Z
LRCX,2009-01-16,1.89,1.91,1.8,1.85,42607416,22.17,22.46,21.15,21.75,3627300,2026-03-07T03:45:43Z
LRCX,2009-01-20,1.78,1.9,1.78,1.86,38730604,20.89,22.36,20.89,21.9,3297200,2026-03-07T03:45:43Z
LRCX,2009-01-21,1.8,1.82,1.71,1.8,37469850,21.19,21.4,20.08,21.15,3189800,2026-03-07T03:45:43Z
LRCX,2009-01-22,1.75,1.82,1.7,1.76,35292529,20.56,21.39,19.95,20.69,3004500,2026-03-07T03:45:43Z
LRCX,2009-01-23,1.87,1.9,1.72,1.73,46015461,21.91,22.34,20.22,20.32,3917300,2026-03-07T03:45:43Z
LRCX,2009-01-26,1.85,1.92,1.82,1.86,33721292,21.78,22.57,21.43,21.85,2870800,2026-03-07T03:45:43Z
LRCX,2009-01-27,1.91,1.94,1.84,1.85,21277093,22.42,22.75,21.6,21.7,1811400,2026-03-07T03:45:43Z
LRCX,2009-01-28,2.03,2.07,1.93,1.96,47717744,23.89,24.28,22.67,22.96,4062300,2026-03-07T03:45:43Z
LRCX,2009-01-29,1.8,1.9,1.72,1.85,106679326,21.1,22.33,20.15,21.72,9081900,2026-03-07T03:45:43Z
LRCX,2009-01-30,1.72,1.84,1.7,1.8,51205714,20.21,21.58,20,21.12,4359200,2026-03-07T03:45:43Z
LRCX,2009-02-02,1.68,1.75,1.62,1.7,64347044,19.68,20.5,19.06,20,5478000,2026-03-07T03:45:43Z
LRCX,2009-02-03,1.69,1.7,1.63,1.68,50611097,19.85,19.96,19.09,19.77,4308700,2026-03-07T03:45:43Z
LRCX,2009-02-04,1.71,1.76,1.67,1.7,39173263,20.07,20.71,19.56,20,3334900,2026-03-07T03:45:43Z
LRCX,2009-02-05,1.78,1.81,1.65,1.66,40262412,20.91,21.2,19.32,19.44,3427600,2026-03-07T03:45:43Z
LRCX,2009-02-06,1.85,1.86,1.77,1.81,30647284,21.78,21.83,20.78,21.24,2609100,2026-03-07T03:45:43Z
LRCX,2009-02-09,1.84,1.88,1.81,1.85,21473680,21.57,22.13,21.21,21.67,1828100,2026-03-07T03:45:43Z
LRCX,2009-02-10,1.78,1.92,1.76,1.82,44278455,20.86,22.49,20.69,21.34,3769400,2026-03-07T03:45:43Z
LRCX,2009-02-11,1.73,1.8,1.7,1.8,34308665,20.37,21.12,19.98,21.12,2920700,2026-03-07T03:45:43Z
LRCX,2009-02-12,1.78,1.81,1.69,1.72,52759657,20.86,21.23,19.86,20.16,4491400,2026-03-07T03:45:43Z
LRCX,2009-02-13,1.85,1.88,1.78,1.78,41451216,21.69,22.03,20.85,20.85,3528800,2026-03-07T03:45:43Z
LRCX,2009-02-17,1.7,1.79,1.69,1.75,31689134,19.98,21.01,19.88,20.58,2697700,2026-03-07T03:45:43Z
LRCX,2009-02-18,1.69,1.73,1.64,1.71,38101259,19.84,20.34,19.28,20.06,3243600,2026-03-07T03:45:43Z
LRCX,2009-02-19,1.62,1.71,1.62,1.71,30032654,19.03,20.11,19.02,20.05,2556800,2026-03-07T03:45:43Z
LRCX,2009-02-20,1.67,1.71,1.58,1.62,43512189,19.59,20.04,18.58,19.08,3704200,2026-03-07T03:45:43Z
LRCX,2009-02-23,1.58,1.69,1.57,1.67,38181912,18.56,19.8,18.43,19.57,3250400,2026-03-07T03:45:43Z
LRCX,2009-02-24,1.67,1.68,1.58,1.58,41735043,19.63,19.75,18.56,18.56,3552900,2026-03-07T03:45:43Z
LRCX,2009-02-25,1.74,1.79,1.62,1.67,66054692,20.47,21.07,19.07,19.56,5623200,2026-03-07T03:45:43Z
LRCX,2009-02-26,1.72,1.85,1.7,1.79,52193599,20.21,21.68,19.99,20.99,4443300,2026-03-07T03:45:43Z
LRCX,2009-02-27,1.67,1.74,1.65,1.68,52362820,19.56,20.38,19.4,19.76,4457800,2026-03-07T03:45:43Z
LRCX,2009-03-02,1.57,1.67,1.56,1.65,37395620,18.42,19.65,18.32,19.32,3183500,2026-03-07T03:45:43Z
LRCX,2009-03-03,1.6,1.63,1.55,1.58,47355668,18.81,19.12,18.24,18.52,4031400,2026-03-07T03:45:43Z
LRCX,2009-03-04,1.68,1.74,1.62,1.64,44727355,19.75,20.38,19.01,19.2,3807600,2026-03-07T03:45:43Z
LRCX,2009-03-05,1.64,1.71,1.63,1.64,25760782,19.32,20.06,19.13,19.3,2193000,2026-03-07T03:45:43Z
LRCX,2009-03-06,1.64,1.68,1.59,1.67,47844413,19.29,19.68,18.65,19.58,4073100,2026-03-07T03:45:43Z
LRCX,2009-03-09,1.63,1.71,1.61,1.64,40683429,19.16,20.09,18.88,19.24,3463400,2026-03-07T03:45:43Z
LRCX,2009-03-10,1.73,1.75,1.63,1.63,38428284,20.36,20.5,19.19,19.19,3271500,2026-03-07T03:45:43Z
LRCX,2009-03-11,1.79,1.8,1.7,1.73,40276819,21,21.19,20,20.28,3428900,2026-03-07T03:45:43Z
LRCX,2009-03-12,1.9,1.92,1.76,1.79,47830223,22.26,22.49,20.69,21.02,4071800,2026-03-07T03:45:43Z
LRCX,2009-03-13,1.99,2.02,1.88,1.91,56775108,23.35,23.69,22.1,22.39,4833300,2026-03-07T03:45:43Z
LRCX,2009-03-16,1.92,2.04,1.9,2.02,53657492,22.57,23.9,22.36,23.7,4567900,2026-03-07T03:45:43Z
LRCX,2009-03-17,1.98,1.98,1.9,1.93,31411839,23.22,23.22,22.26,22.66,2674200,2026-03-07T03:45:43Z
LRCX,2009-03-18,2.08,2.09,1.94,1.96,58346402,24.45,24.49,22.79,23.05,4967200,2026-03-07T03:45:43Z
LRCX,2009-03-19,2.09,2.13,2.04,2.07,53329816,24.5,24.99,23.92,24.35,4540000,2026-03-07T03:45:43Z
LRCX,2009-03-20,1.98,2.14,1.94,2.04,57320632,23.24,25.18,22.79,24.01,4879900,2026-03-07T03:45:43Z
LRCX,2009-03-23,2.13,2.13,2.01,2.02,45284970,25,25,23.57,23.7,3855200,2026-03-07T03:45:43Z
LRCX,2009-03-24,2.06,2.11,2.02,2.1,44589341,24.16,24.75,23.71,24.67,3796000,2026-03-07T03:45:43Z
LRCX,2009-03-25,2.03,2.15,1.98,2.08,46705082,23.86,25.29,23.23,24.39,3976000,2026-03-07T03:45:43Z
LRCX,2009-03-26,2.17,2.17,2.03,2.08,61770299,25.47,25.47,23.86,24.4,5258600,2026-03-07T03:45:43Z
LRCX,2009-03-27,2.05,2.1,2.02,2.05,38208138,24.03,24.62,23.74,24.09,3252700,2026-03-07T03:45:43Z
LRCX,2009-03-30,1.91,1.99,1.87,1.99,44826953,22.38,23.4,22.01,23.37,3816100,2026-03-07T03:45:43Z
LRCX,2009-03-31,1.94,1.99,1.92,1.93,43829665,22.77,23.39,22.51,22.66,3731200,2026-03-07T03:45:43Z
LRCX,2009-04-01,1.99,2.01,1.89,1.91,28422353,23.43,23.64,22.17,22.41,2419600,2026-03-07T03:45:43Z
LRCX,2009-04-02,2.09,2.13,2.03,2.04,36184820,24.55,25.08,23.82,23.93,3080500,2026-03-07T03:45:43Z
LRCX,2009-04-03,2.18,2.2,2.06,2.09,34806522,25.65,25.8,24.18,24.57,2963100,2026-03-07T03:45:43Z
LRCX,2009-04-06,2.12,2.17,2.08,2.17,29436455,24.9,25.49,24.39,25.49,2506000,2026-03-07T03:45:43Z
LRCX,2009-04-07,2,2.08,1.98,2.07,32453994,23.51,24.46,23.23,24.35,2762800,2026-03-07T03:45:43Z
LRCX,2009-04-08,2.05,2.05,1.98,2.04,28625340,24.07,24.12,23.25,23.99,2436900,2026-03-07T03:45:43Z
LRCX,2009-04-09,2.18,2.21,2.07,2.07,43907754,25.56,25.96,24.28,24.28,3738000,2026-03-07T03:45:43Z
LRCX,2009-04-13,2.15,2.19,2.1,2.15,46987894,25.3,25.71,24.66,25.29,4000100,2026-03-07T03:45:43Z
LRCX,2009-04-14,2.22,2.34,2.1,2.21,104634573,26.04,27.44,24.67,25.9,8907600,2026-03-07T03:45:43Z
LRCX,2009-04-15,2.18,2.18,2.1,2.18,40870311,25.62,25.66,24.62,25.58,3479400,2026-03-07T03:45:43Z
LRCX,2009-04-16,2.29,2.3,2.17,2.22,34197022,26.88,27.03,25.53,26.13,2911200,2026-03-07T03:45:43Z
LRCX,2009-04-17,2.37,2.39,2.24,2.28,41425445,27.81,28.07,26.27,26.83,3526600,2026-03-07T03:45:43Z
LRCX,2009-04-20,2.21,2.31,2.19,2.31,40175887,25.91,27.16,25.72,27.14,3420300,2026-03-07T03:45:43Z
LRCX,2009-04-21,2.16,2.25,2.1,2.18,57506994,25.33,26.48,24.68,25.61,4895700,2026-03-07T03:45:43Z
LRCX,2009-04-22,2.2,2.29,2.12,2.15,54484940,25.8,26.89,24.9,25.25,4638400,2026-03-07T03:45:43Z
LRCX,2009-04-23,2.11,2.18,2.04,2.17,63971705,24.82,25.63,23.91,25.46,5446100,2026-03-07T03:45:43Z
LRCX,2009-04-24,2.19,2.21,2.08,2.09,44579843,25.69,25.91,24.42,24.57,3795100,2026-03-07T03:45:43Z
LRCX,2009-04-27,2.3,2.34,2.15,2.17,77231798,27,27.48,25.3,25.44,6575000,2026-03-07T03:45:43Z
LRCX,2009-04-28,2.25,2.32,2.2,2.27,43328939,26.42,27.19,25.83,26.69,3688700,2026-03-07T03:45:43Z
LRCX,2009-04-29,2.27,2.32,2.21,2.26,29273712,26.72,27.25,25.92,26.51,2492100,2026-03-07T03:45:43Z
LRCX,2009-04-30,2.37,2.43,2.28,2.31,39972882,27.88,28.55,26.75,27.09,3403000,2026-03-07T03:45:43Z
LRCX,2009-05-01,2.34,2.39,2.31,2.38,27398348,27.47,28.08,27.1,27.99,2332500,2026-03-07T03:45:43Z
LRCX,2009-05-04,2.46,2.49,2.33,2.36,46445803,28.9,29.23,27.4,27.7,3954000,2026-03-07T03:45:43Z
LRCX,2009-05-05,2.35,2.48,2.34,2.48,43364142,27.64,29.13,27.47,29.13,3691600,2026-03-07T03:45:43Z
LRCX,2009-05-06,2.38,2.39,2.29,2.37,36957416,27.99,28.06,26.9,27.8,3146200,2026-03-07T03:45:43Z
LRCX,2009-05-07,2.28,2.41,2.24,2.39,40664701,26.73,28.3,26.34,28.11,3461900,2026-03-07T03:45:43Z
LRCX,2009-05-08,2.18,2.31,2.13,2.3,61052841,25.6,27.18,24.97,27.05,5197600,2026-03-07T03:45:43Z
LRCX,2009-05-11,2.2,2.23,2.11,2.12,34489337,25.83,26.21,24.8,24.94,2936200,2026-03-07T03:45:43Z
LRCX,2009-05-12,2.14,2.25,2.09,2.23,37769143,25.19,26.47,24.53,26.19,3215400,2026-03-07T03:45:43Z
LRCX,2009-05-13,2.07,2.15,2.06,2.13,28012410,24.31,25.21,24.18,25,2384800,2026-03-07T03:45:43Z
LRCX,2009-05-14,2.1,2.15,2.09,2.09,30770633,24.64,25.3,24.52,24.52,2619500,2026-03-07T03:45:43Z
LRCX,2009-05-15,2.08,2.13,2.06,2.09,18447549,24.39,25.06,24.23,24.6,1570500,2026-03-07T03:45:43Z
LRCX,2009-05-18,2.19,2.19,2.09,2.14,25927912,25.72,25.76,24.56,25.15,2207300,2026-03-07T03:45:43Z
LRCX,2009-05-19,2.23,2.27,2.14,2.15,32790858,26.22,26.63,25.15,25.3,2791600,2026-03-07T03:45:43Z
LRCX,2009-05-20,2.21,2.3,2.2,2.27,27380229,26,27.07,25.82,26.61,2330900,2026-03-07T03:45:43Z
LRCX,2009-05-21,2.16,2.23,2.13,2.2,40976444,25.41,26.17,24.96,25.82,3488400,2026-03-07T03:45:43Z
LRCX,2009-05-22,2.09,2.17,2.08,2.17,36476038,24.51,25.48,24.47,25.45,3105300,2026-03-07T03:45:43Z
LRCX,2009-05-26,2.17,2.2,2.06,2.06,37322291,25.49,25.89,24.14,24.17,3177300,2026-03-07T03:45:43Z
LRCX,2009-05-27,2.18,2.25,2.13,2.16,26633679,25.6,26.42,25.03,25.34,2267400,2026-03-07T03:45:43Z
LRCX,2009-05-28,2.21,2.23,2.13,2.23,35939959,25.98,26.24,25.05,26.24,3059600,2026-03-07T03:45:43Z
LRCX,2009-05-29,2.23,2.23,2.15,2.21,26482488,26.19,26.21,25.32,25.93,2254500,2026-03-07T03:45:43Z
LRCX,2009-06-01,2.41,2.43,2.24,2.31,38841556,28.36,28.51,26.29,27.1,3306600,2026-03-07T03:45:43Z
LRCX,2009-06-02,2.33,2.4,2.31,2.39,22329671,27.37,28.24,27.14,28.12,1901000,2026-03-07T03:45:43Z
LRCX,2009-06-03,2.26,2.31,2.24,2.31,34556974,26.54,27.17,26.28,27.17,2941900,2026-03-07T03:45:43Z
LRCX,2009-06-04,2.3,2.33,2.25,2.25,27119812,27,27.34,26.45,26.45,2308800,2026-03-07T03:45:43Z
LRCX,2009-06-05,2.19,2.27,2.17,2.25,55593408,25.68,26.62,25.5,26.44,4732800,2026-03-07T03:45:43Z
LRCX,2009-06-08,2.16,2.19,2.12,2.16,25298976,25.4,25.7,24.86,25.36,2153700,2026-03-07T03:45:43Z
LRCX,2009-06-09,2.24,2.27,2.18,2.18,27442467,26.37,26.67,25.64,25.66,2336200,2026-03-07T03:45:43Z
LRCX,2009-06-10,2.22,2.28,2.2,2.27,32149513,26.08,26.72,25.8,26.64,2736900,2026-03-07T03:45:43Z
LRCX,2009-06-11,2.19,2.26,2.18,2.24,26117091,25.76,26.54,25.59,26.3,2223400,2026-03-07T03:45:43Z
LRCX,2009-06-12,2.18,2.22,2.11,2.22,23385867,25.64,26.02,24.81,26.02,1990900,2026-03-07T03:45:43Z
LRCX,2009-06-15,2.11,2.16,2.06,2.14,30627272,24.76,25.34,24.23,25.15,2607400,2026-03-07T03:45:43Z
LRCX,2009-06-16,2.06,2.14,2.05,2.14,26184591,24.19,25.15,24.1,25.14,2229100,2026-03-07T03:45:43Z
LRCX,2009-06-17,2.1,2.12,2,2.11,34797467,24.66,24.92,23.43,24.82,2962300,2026-03-07T03:45:43Z
LRCX,2009-06-18,2.08,2.12,2.06,2.1,19727970,24.45,24.87,24.18,24.66,1679500,2026-03-07T03:45:43Z
LRCX,2009-06-19,2.09,2.13,2.08,2.12,27160086,24.57,24.98,24.4,24.84,2312200,2026-03-07T03:45:43Z
LRCX,2009-06-22,2.05,2.11,2.05,2.08,33886607,24.05,24.76,24.05,24.38,2884800,2026-03-07T03:45:43Z
LRCX,2009-06-23,2.01,2.06,2,2.06,39163336,23.65,24.24,23.5,24.24,3334100,2026-03-07T03:45:43Z
LRCX,2009-06-24,2.06,2.08,2,2,33420650,24.23,24.47,23.51,23.52,2845100,2026-03-07T03:45:43Z
LRCX,2009-06-25,2.11,2.11,2.03,2.06,23908944,24.75,24.8,23.8,24.18,2035400,2026-03-07T03:45:43Z
LRCX,2009-06-26,2.11,2.16,2.09,2.09,18174296,24.77,25.33,24.49,24.56,1547200,2026-03-07T03:45:43Z
LRCX,2009-06-29,2.17,2.17,2.08,2.08,32565596,25.44,25.49,24.43,24.44,2772300,2026-03-07T03:45:43Z
LRCX,2009-06-30,2.21,2.22,2.16,2.18,46809164,26,26.05,25.33,25.6,3984900,2026-03-07T03:45:43Z
LRCX,2009-07-01,2.24,2.29,2.23,2.25,55610807,26.35,26.91,26.17,26.44,4734200,2026-03-07T03:45:43Z
LRCX,2009-07-02,2.29,2.31,2.21,2.24,61230985,26.95,27.16,25.94,26.25,5212700,2026-03-07T03:45:43Z
LRCX,2009-07-06,2.33,2.37,2.28,2.31,53608896,27.39,27.83,26.76,27.17,4563900,2026-03-07T03:45:43Z
LRCX,2009-07-07,2.23,2.37,2.23,2.32,45035160,26.22,27.79,26.2,27.19,3834000,2026-03-07T03:45:43Z
LRCX,2009-07-08,2.22,2.28,2.17,2.25,34198180,26.1,26.72,25.51,26.42,2911300,2026-03-07T03:45:43Z
LRCX,2009-07-09,2.27,2.31,2.25,2.26,39750734,26.69,27.09,26.38,26.52,3384100,2026-03-07T03:45:43Z
LRCX,2009-07-10,2.24,2.31,2.2,2.26,42209160,26.28,27.11,25.88,26.52,3593400,2026-03-07T03:45:43Z
LRCX,2009-07-13,2.36,2.36,2.21,2.25,44165776,27.75,27.76,25.92,26.46,3759900,2026-03-07T03:45:43Z
LRCX,2009-07-14,2.41,2.43,2.36,2.37,41442522,28.33,28.57,27.73,27.8,3528100,2026-03-07T03:45:43Z
LRCX,2009-07-15,2.5,2.52,2.44,2.45,65141596,29.32,29.58,28.65,28.73,5545700,2026-03-07T03:45:43Z
LRCX,2009-07-16,2.54,2.55,2.47,2.49,31479261,29.87,30,28.98,29.2,2679900,2026-03-07T03:45:43Z
LRCX,2009-07-17,2.57,2.57,2.48,2.53,27238099,30.21,30.24,29.13,29.73,2318800,2026-03-07T03:45:43Z
LRCX,2009-07-20,2.6,2.62,2.56,2.56,18976639,30.54,30.74,30.01,30.01,1615500,2026-03-07T03:45:43Z
LRCX,2009-07-21,2.62,2.62,2.55,2.6,28393152,30.78,30.78,29.96,30.55,2417200,2026-03-07T03:45:43Z
LRCX,2009-07-22,2.68,2.71,2.58,2.61,29997535,31.46,31.85,30.35,30.65,2553700,2026-03-07T03:45:43Z
LRCX,2009-07-23,2.76,2.77,2.64,2.71,27375463,32.45,32.5,31.04,31.77,2330500,2026-03-07T03:45:43Z
LRCX,2009-07-24,2.73,2.75,2.68,2.73,27464676,32.02,32.3,31.5,32.04,2338100,2026-03-07T03:45:43Z
LRCX,2009-07-27,2.8,2.8,2.71,2.72,24846046,32.89,32.89,31.77,31.94,2115200,2026-03-07T03:45:43Z
LRCX,2009-07-28,2.76,2.82,2.73,2.77,32733122,32.47,33.17,32.12,32.54,2786600,2026-03-07T03:45:43Z
LRCX,2009-07-29,2.74,2.77,2.7,2.76,32518274,32.16,32.49,31.69,32.41,2768300,2026-03-07T03:45:43Z
LRCX,2009-07-30,2.54,2.86,2.52,2.82,84225791,29.84,33.57,29.59,33.17,7170200,2026-03-07T03:45:43Z
LRCX,2009-07-31,2.56,2.63,2.54,2.56,47520901,30.06,30.91,29.86,30.04,4045600,2026-03-07T03:45:43Z
LRCX,2009-08-03,2.6,2.63,2.57,2.61,32510503,30.57,30.91,30.14,30.6,2767700,2026-03-07T03:45:43Z
LRCX,2009-08-04,2.57,2.6,2.55,2.58,30129459,30.16,30.49,29.98,30.31,2565000,2026-03-07T03:45:43Z
LRCX,2009-08-05,2.55,2.6,2.53,2.56,31438213,29.91,30.58,29.76,30.1,2676400,2026-03-07T03:45:43Z
LRCX,2009-08-06,2.52,2.59,2.5,2.55,20321440,29.6,30.39,29.35,29.92,1730000,2026-03-07T03:45:43Z
LRCX,2009-08-07,2.5,2.57,2.49,2.56,27128805,29.41,30.2,29.3,30.05,2309500,2026-03-07T03:45:43Z
LRCX,2009-08-10,2.47,2.52,2.44,2.5,20355234,28.97,29.63,28.6,29.35,1732900,2026-03-07T03:45:43Z
LRCX,2009-08-11,2.42,2.5,2.41,2.47,27271141,28.4,29.36,28.35,28.95,2321600,2026-03-07T03:45:43Z
LRCX,2009-08-12,2.54,2.56,2.42,2.42,41807811,29.83,30.05,28.47,28.47,3559200,2026-03-07T03:45:43Z
LRCX,2009-08-13,2.58,2.58,2.5,2.55,30454482,30.31,30.34,29.41,29.93,2592600,2026-03-07T03:45:43Z
LRCX,2009-08-14,2.48,2.56,2.46,2.55,27622992,29.17,30.12,28.88,29.97,2351600,2026-03-07T03:45:43Z
LRCX,2009-08-17,2.41,2.45,2.39,2.44,22264101,28.29,28.78,28.05,28.61,1895400,2026-03-07T03:45:43Z
LRCX,2009-08-18,2.47,2.48,2.42,2.42,24169873,29.06,29.07,28.4,28.42,2057600,2026-03-07T03:45:43Z
LRCX,2009-08-19,2.49,2.5,2.42,2.43,19334785,29.27,29.35,28.48,28.54,1646000,2026-03-07T03:45:43Z
LRCX,2009-08-20,2.5,2.53,2.48,2.49,17349751,29.41,29.72,29.17,29.21,1477000,2026-03-07T03:45:43Z
LRCX,2009-08-21,2.55,2.56,2.47,2.53,15177625,29.95,30.05,29.03,29.68,1292100,2026-03-07T03:45:43Z
LRCX,2009-08-24,2.51,2.59,2.5,2.55,17655252,29.51,30.4,29.39,29.95,1503000,2026-03-07T03:45:43Z
LRCX,2009-08-25,2.55,2.57,2.5,2.51,18873411,29.92,30.13,29.37,29.52,1606700,2026-03-07T03:45:43Z
LRCX,2009-08-26,2.61,2.62,2.51,2.51,26877067,30.67,30.79,29.5,29.5,2288100,2026-03-07T03:45:43Z
LRCX,2009-08-27,2.61,2.62,2.54,2.58,17711620,30.64,30.73,29.84,30.31,1507800,2026-03-07T03:45:43Z
LRCX,2009-08-28,2.67,2.72,2.63,2.65,23367113,31.33,31.91,30.87,31.08,1989300,2026-03-07T03:45:43Z
LRCX,2009-08-31,2.61,2.68,2.61,2.68,23815258,30.7,31.5,30.6,31.5,2027400,2026-03-07T03:45:43Z
LRCX,2009-09-01,2.56,2.7,2.56,2.61,30996866,30.11,31.67,30.04,30.6,2638800,2026-03-07T03:45:43Z
LRCX,2009-09-02,2.57,2.6,2.54,2.56,20456317,30.16,30.5,29.79,30.1,1741500,2026-03-07T03:45:43Z
LRCX,2009-09-03,2.61,2.61,2.54,2.57,16710493,30.65,30.71,29.88,30.22,1422600,2026-03-07T03:45:43Z
LRCX,2009-09-04,2.69,2.69,2.64,2.66,28406086,31.54,31.54,30.96,31.25,2418300,2026-03-07T03:45:43Z
LRCX,2009-09-08,2.74,2.77,2.7,2.75,32338069,32.23,32.57,31.72,32.29,2753000,2026-03-07T03:45:43Z
LRCX,2009-09-09,2.85,2.86,2.72,2.75,44150477,33.44,33.59,31.95,32.29,3758600,2026-03-07T03:45:43Z
LRCX,2009-09-10,2.98,2.98,2.84,2.84,47428198,34.99,35.05,33.3,33.32,4037700,2026-03-07T03:45:43Z
LRCX,2009-09-11,2.96,2.98,2.91,2.98,36987122,34.76,35.05,34.16,34.98,3148800,2026-03-07T03:45:43Z
LRCX,2009-09-14,3,3.01,2.92,2.92,40250404,35.21,35.39,34.31,34.35,3426600,2026-03-07T03:45:43Z
LRCX,2009-09-15,2.92,3.01,2.91,2.98,44618703,34.35,35.39,34.16,35.04,3798500,2026-03-07T03:45:43Z
LRCX,2009-09-16,2.91,2.95,2.88,2.95,30234401,34.22,34.69,33.85,34.69,2573900,2026-03-07T03:45:43Z
LRCX,2009-09-17,2.81,2.94,2.81,2.91,28750775,33.05,34.54,33.05,34.16,2447600,2026-03-07T03:45:43Z
LRCX,2009-09-18,2.9,2.92,2.84,2.84,26878698,34.07,34.34,33.3,33.32,2288200,2026-03-07T03:45:43Z
LRCX,2009-09-21,2.9,2.94,2.87,2.89,18511209,34.04,34.53,33.72,33.99,1575900,2026-03-07T03:45:43Z
LRCX,2009-09-22,2.96,2.97,2.89,2.91,17819283,34.72,34.88,33.97,34.22,1517000,2026-03-07T03:45:43Z
LRCX,2009-09-23,2.93,3.02,2.93,2.99,22658890,34.43,35.44,34.42,35.06,1929000,2026-03-07T03:45:43Z
LRCX,2009-09-24,2.89,2.95,2.83,2.94,24877709,33.98,34.67,33.28,34.54,2117900,2026-03-07T03:45:43Z
LRCX,2009-09-25,2.87,2.91,2.85,2.89,16145543,33.75,34.17,33.47,33.95,1374500,2026-03-07T03:45:43Z
LRCX,2009-09-28,2.91,2.97,2.87,2.89,19145691,34.24,34.83,33.72,33.94,1629900,2026-03-07T03:45:43Z
LRCX,2009-09-29,2.86,2.93,2.85,2.91,14559647,33.57,34.46,33.49,34.17,1239500,2026-03-07T03:45:43Z
LRCX,2009-09-30,2.91,2.96,2.86,2.87,36457617,34.16,34.73,33.59,33.73,3103700,2026-03-07T03:45:43Z
LRCX,2009-10-01,2.8,2.92,2.78,2.89,30893615,32.86,34.3,32.66,33.92,2630000,2026-03-07T03:45:43Z
LRCX,2009-10-02,2.77,2.81,2.74,2.77,22715231,32.5,33.06,32.17,32.58,1933800,2026-03-07T03:45:43Z
LRCX,2009-10-05,2.85,2.87,2.76,2.76,36464070,33.43,33.75,32.36,32.36,3104300,2026-03-07T03:45:43Z
LRCX,2009-10-06,2.93,2.97,2.85,2.86,26237220,34.36,34.84,33.5,33.64,2233600,2026-03-07T03:45:43Z
LRCX,2009-10-07,2.9,2.92,2.87,2.91,33161984,34.07,34.27,33.74,34.2,2823100,2026-03-07T03:45:43Z
LRCX,2009-10-08,2.95,2.96,2.86,2.94,34944774,34.61,34.8,33.59,34.56,2974900,2026-03-07T03:45:43Z
LRCX,2009-10-09,3.08,3.1,2.99,3,50241241,36.19,36.38,35.15,35.23,4277100,2026-03-07T03:45:43Z
LRCX,2009-10-12,3.23,3.24,3.1,3.11,70743094,37.91,38.04,36.38,36.55,6022400,2026-03-07T03:45:43Z
LRCX,2009-10-13,3.23,3.28,3.21,3.28,89308519,37.92,38.51,37.68,38.51,7603000,2026-03-07T03:45:43Z
LRCX,2009-10-14,3.22,3.24,3.15,3.24,77021426,37.83,38,36.95,38,6556900,2026-03-07T03:45:43Z
LRCX,2009-10-15,3.18,3.19,3.11,3.16,41077233,37.41,37.45,36.58,37.09,3497000,2026-03-07T03:45:43Z
LRCX,2009-10-16,3.1,3.18,3.05,3.17,43228339,36.46,37.33,35.8,37.22,3680100,2026-03-07T03:45:43Z
LRCX,2009-10-19,3.13,3.17,3.08,3.1,29253956,36.82,37.23,36.15,36.42,2490400,2026-03-07T03:45:43Z
LRCX,2009-10-20,3.15,3.22,3.1,3.14,34940855,37,37.81,36.38,36.84,2974600,2026-03-07T03:45:43Z
LRCX,2009-10-21,3.05,3.17,3.05,3.13,47547060,35.85,37.19,35.84,36.72,4047800,2026-03-07T03:45:43Z
LRCX,2009-10-22,3.16,3.19,3.08,3.14,61544370,37.1,37.46,36.19,36.86,5239400,2026-03-07T03:45:43Z
LRCX,2009-10-23,3.09,3.19,3.07,3.18,32494724,36.33,37.42,36.05,37.29,2766300,2026-03-07T03:45:43Z
LRCX,2009-10-26,3.05,3.15,3.02,3.11,24808783,35.84,36.95,35.52,36.58,2112000,2026-03-07T03:45:43Z
LRCX,2009-10-27,2.95,3.11,2.94,3.07,27793531,34.65,36.57,34.51,36.11,2366100,2026-03-07T03:45:43Z
LRCX,2009-10-28,2.85,2.97,2.84,2.96,33894040,33.47,34.9,33.4,34.74,2885500,2026-03-07T03:45:43Z
LRCX,2009-10-29,2.99,2.99,2.86,2.87,39797534,35.14,35.17,33.59,33.75,3388000,2026-03-07T03:45:43Z
LRCX,2009-10-30,2.87,2.97,2.87,2.96,46547367,33.72,34.83,33.65,34.78,3962600,2026-03-07T03:45:43Z
LRCX,2009-11-02,2.9,2.94,2.83,2.89,32966930,34.03,34.52,33.21,33.93,2806500,2026-03-07T03:45:43Z
LRCX,2009-11-03,2.83,2.86,2.79,2.86,27727910,33.25,33.61,32.74,33.61,2360500,2026-03-07T03:45:43Z
LRCX,2009-11-04,2.83,2.9,2.83,2.85,18162355,33.3,34.08,33.25,33.44,1546200,2026-03-07T03:45:43Z
LRCX,2009-11-05,2.9,2.93,2.86,2.87,21443537,34.09,34.4,33.57,33.74,1825500,2026-03-07T03:45:43Z
LRCX,2009-11-06,2.91,2.96,2.85,2.89,16092692,34.14,34.73,33.49,33.91,1370000,2026-03-07T03:45:43Z
LRCX,2009-11-09,2.96,2.98,2.92,2.92,20825261,34.8,34.99,34.29,34.29,1772900,2026-03-07T03:45:43Z
LRCX,2009-11-10,2.97,3.03,2.95,2.97,24697335,34.83,35.6,34.65,34.93,2102500,2026-03-07T03:45:43Z
LRCX,2009-11-11,3.03,3.08,2.99,2.99,14607912,35.62,36.13,35.16,35.17,1243600,2026-03-07T03:45:43Z
LRCX,2009-11-12,2.99,3.07,2.99,3.03,12313997,35.18,36.09,35.12,35.56,1048300,2026-03-07T03:45:43Z
LRCX,2009-11-13,3.03,3.07,2.99,2.99,20682291,35.55,36.02,35.06,35.15,1760700,2026-03-07T03:45:43Z
LRCX,2009-11-16,3.09,3.1,3.04,3.05,14812473,36.27,36.4,35.74,35.82,1261000,2026-03-07T03:45:43Z
LRCX,2009-11-17,3.13,3.13,3.06,3.09,20672949,36.76,36.78,35.94,36.28,1759900,2026-03-07T03:45:43Z
LRCX,2009-11-18,3.03,3.13,3.03,3.12,20656187,35.64,36.76,35.59,36.67,1758500,2026-03-07T03:45:43Z
LRCX,2009-11-19,2.92,2.99,2.9,2.99,20757373,34.3,35.09,34.09,35.09,1767100,2026-03-07T03:45:43Z
LRCX,2009-11-20,2.9,2.94,2.89,2.9,21210521,34.02,34.49,33.89,34.01,1805700,2026-03-07T03:45:43Z
LRCX,2009-11-23,2.96,3.01,2.94,2.94,17003218,34.75,35.37,34.48,34.55,1447500,2026-03-07T03:45:43Z
LRCX,2009-11-24,2.95,2.98,2.92,2.96,16336845,34.66,35.01,34.31,34.8,1390800,2026-03-07T03:45:43Z
LRCX,2009-11-25,2.98,3,2.96,2.97,11101446,34.95,35.18,34.74,34.85,945100,2026-03-07T03:45:43Z
LRCX,2009-11-27,2.94,2.97,2.86,2.89,6679045,34.49,34.84,33.57,33.99,568600,2026-03-07T03:45:43Z
LRCX,2009-11-30,2.89,2.93,2.86,2.92,15924883,33.99,34.38,33.55,34.29,1355700,2026-03-07T03:45:43Z
LRCX,2009-12-01,2.98,3,2.9,2.9,28626954,34.95,35.21,34.06,34.06,2437100,2026-03-07T03:45:43Z
LRCX,2009-12-02,3.13,3.16,2.96,2.96,44137464,36.81,37.06,34.72,34.76,3757500,2026-03-07T03:45:43Z
LRCX,2009-12-03,3.22,3.25,3.14,3.15,49762140,37.79,38.17,36.85,36.98,4236300,2026-03-07T03:45:43Z
LRCX,2009-12-04,3.25,3.29,3.19,3.25,35636887,38.2,38.6,37.46,38.17,3033800,2026-03-07T03:45:43Z
LRCX,2009-12-07,3.25,3.28,3.21,3.26,23745450,38.23,38.52,37.74,38.32,2021500,2026-03-07T03:45:43Z
LRCX,2009-12-08,3.29,3.31,3.2,3.24,23265376,38.61,38.86,37.57,38.05,1980600,2026-03-07T03:45:43Z
LRCX,2009-12-09,3.27,3.29,3.24,3.28,19177411,38.43,38.59,38,38.55,1632600,2026-03-07T03:45:43Z
LRCX,2009-12-10,3.29,3.34,3.27,3.28,16149015,38.6,39.2,38.46,38.53,1374800,2026-03-07T03:45:43Z
LRCX,2009-12-11,3.24,3.33,3.22,3.29,23369743,38.04,39.15,37.86,38.69,1989500,2026-03-07T03:45:43Z
LRCX,2009-12-14,3.31,3.32,3.24,3.27,17149780,38.93,38.99,38.08,38.46,1460000,2026-03-07T03:45:43Z
LRCX,2009-12-15,3.31,3.33,3.27,3.33,12835497,38.9,39.08,38.43,39.08,1092700,2026-03-07T03:45:43Z
LRCX,2009-12-16,3.32,3.37,3.3,3.32,18407894,39.03,39.58,38.8,38.94,1567100,2026-03-07T03:45:43Z
LRCX,2009-12-17,3.24,3.32,3.24,3.32,15645243,38.08,38.94,38.06,38.94,1331900,2026-03-07T03:45:43Z
LRCX,2009-12-18,3.24,3.28,3.22,3.25,35773522,38.03,38.55,37.87,38.2,3045500,2026-03-07T03:45:43Z
LRCX,2009-12-21,3.33,3.36,3.26,3.26,15126956,39.16,39.43,38.24,38.24,1287800,2026-03-07T03:45:43Z
LRCX,2009-12-22,3.31,3.39,3.31,3.34,14923807,38.89,39.8,38.84,39.25,1270500,2026-03-07T03:45:43Z
LRCX,2009-12-23,3.3,3.34,3.29,3.31,15530052,38.72,39.21,38.65,38.91,1322100,2026-03-07T03:45:43Z
LRCX,2009-12-24,3.31,3.32,3.3,3.32,2963620,38.91,38.98,38.7,38.98,252300,2026-03-07T03:45:43Z
LRCX,2009-12-28,3.27,3.33,3.26,3.32,10810185,38.44,39.08,38.24,38.94,920300,2026-03-07T03:45:43Z
LRCX,2009-12-29,3.3,3.3,3.25,3.29,16099573,38.81,38.81,38.19,38.6,1370600,2026-03-07T03:45:43Z
LRCX,2009-12-30,3.36,3.37,3.3,3.3,12705018,39.48,39.54,38.74,38.74,1081600,2026-03-07T03:45:43Z
LRCX,2009-12-31,3.34,3.37,3.34,3.37,9428959,39.21,39.63,39.21,39.61,802700,2026-03-07T03:45:43Z
LRCX,2010-01-04,3.4,3.44,3.36,3.38,21811247,39.88,40.45,39.52,39.7,1856800,2026-03-07T03:45:43Z
LRCX,2010-01-05,3.37,3.39,3.33,3.39,17187316,39.61,39.8,39.09,39.79,1463200,2026-03-07T03:45:43Z
LRCX,2010-01-06,3.36,3.42,3.35,3.38,25352807,39.43,40.13,39.34,39.7,2158300,2026-03-07T03:45:43Z
LRCX,2010-01-07,3.35,3.38,3.31,3.34,16953649,39.36,39.75,38.92,39.25,1443300,2026-03-07T03:45:43Z
LRCX,2010-01-08,3.44,3.46,3.33,3.35,23751184,40.35,40.58,39.11,39.33,2022000,2026-03-07T03:45:43Z
LRCX,2010-01-11,3.53,3.54,3.47,3.48,41018874,41.43,41.56,40.71,40.91,3492000,2026-03-07T03:45:43Z
LRCX,2010-01-12,3.3,3.48,3.29,3.48,42372020,38.74,40.92,38.65,40.82,3607200,2026-03-07T03:45:43Z
LRCX,2010-01-13,3.31,3.33,3.21,3.32,34140229,38.86,39.16,37.68,39,2906400,2026-03-07T03:45:43Z
LRCX,2010-01-14,3.26,3.31,3.24,3.29,26169262,38.34,38.92,38,38.67,2227800,2026-03-07T03:45:43Z
LRCX,2010-01-15,3.13,3.28,3.12,3.28,32399716,36.82,38.49,36.63,38.47,2758200,2026-03-07T03:45:43Z
LRCX,2010-01-19,3.15,3.17,3.12,3.15,26907533,37.04,37.27,36.68,36.94,2290700,2026-03-07T03:45:43Z
LRCX,2010-01-20,3.15,3.16,3.06,3.12,27303343,37,37.13,35.94,36.6,2324400,2026-03-07T03:45:43Z
LRCX,2010-01-21,3.11,3.23,3.1,3.14,25392059,36.49,37.97,36.39,36.9,2161700,2026-03-07T03:45:43Z
LRCX,2010-01-22,2.92,3.12,2.92,3.07,37968962,34.29,36.59,34.28,36,3232400,2026-03-07T03:45:43Z
