ticker,tradeDate,clsPx,hiPx,loPx,open,stockVolume,unadjClsPx,unadjHiPx,unadjLoPx,unadjOpen,unadjStockVolume,updatedAt
MA,2006-05-25,4.17,4.18,3.65,3.66,435595342,46,46.05,40.2,40.3,39524600,2026-01-13T03:44:31Z
MA,2006-05-26,4.08,4.24,4,4.2,113562648,44.93,46.74,44.11,46.3,10304300,2026-01-13T03:44:31Z
MA,2006-05-30,3.99,4.08,3.89,4.08,54992286,44,44.98,42.85,44.97,4989800,2026-01-13T03:44:31Z
MA,2006-05-31,4.08,4.12,4.02,4.02,33013162,44.94,45.36,44.35,44.35,2995500,2026-01-13T03:44:31Z
MA,2006-06-01,4.31,4.36,4.07,4.08,68683350,47.51,48.1,44.9,44.93,6232100,2026-01-13T03:44:31Z
MA,2006-06-02,4.26,4.42,4.25,4.4,41056321,46.99,48.7,46.79,48.5,3725300,2026-01-13T03:44:31Z
MA,2006-06-05,4.46,4.47,4.26,4.27,40954843,49.15,49.25,47,47.05,3716100,2026-01-13T03:44:31Z
MA,2006-06-06,4.38,4.59,4.34,4.54,54051785,48.3,50.63,47.8,49.98,4904500,2026-01-13T03:44:31Z
MA,2006-06-07,4.32,4.39,4.24,4.38,27557549,47.6,48.4,46.75,48.33,2500500,2026-01-13T03:44:31Z
MA,2006-06-08,4.33,4.33,4.13,4.32,37952277,47.72,47.72,45.5,47.6,3443700,2026-01-13T03:44:31Z
MA,2006-06-09,4.34,4.43,4.33,4.43,14737144,47.78,48.8,47.68,48.8,1337200,2026-01-13T03:44:31Z
MA,2006-06-12,4.26,4.38,4.2,4.36,16030955,46.95,48.25,46.3,48,1454600,2026-01-13T03:44:31Z
MA,2006-06-13,4.13,4.3,4.11,4.19,18422623,45.5,47.35,45.3,46.2,1671600,2026-01-13T03:44:31Z
MA,2006-06-14,4.09,4.12,4.03,4.07,17601649,45.12,45.45,44.44,44.9,1597100,2026-01-13T03:44:31Z
MA,2006-06-15,4.17,4.18,4.09,4.12,18184705,45.95,46.12,45.13,45.4,1650000,2026-01-13T03:44:31Z
MA,2006-06-16,4.08,4.17,4.08,4.13,13533551,45.02,46,45,45.5,1228000,2026-01-13T03:44:31Z
MA,2006-06-19,4.02,4.12,4,4.12,12680536,44.34,45.45,44.1,45.45,1150600,2026-01-13T03:44:31Z
MA,2006-06-20,3.99,4.08,3.94,4.06,26221116,44.02,45,43.47,44.74,2379200,2026-01-13T03:44:31Z
MA,2006-06-21,4.11,4.16,3.99,3.99,19906916,45.3,45.88,44,44.02,1806300,2026-01-13T03:44:31Z
MA,2006-06-22,4.23,4.26,4.16,4.21,14368048,46.6,46.95,45.88,46.4,1303700,2026-01-13T03:44:31Z
MA,2006-06-23,4.26,4.35,4.25,4.26,12797432,46.95,47.93,46.87,46.99,1161200,2026-01-13T03:44:31Z
MA,2006-06-26,4.31,4.31,4.21,4.26,9439385,47.5,47.5,46.43,46.95,856500,2026-01-13T03:44:31Z
MA,2006-06-27,4.29,4.36,4.29,4.31,10829017,47.31,48.03,47.25,47.5,982600,2026-01-13T03:44:31Z
MA,2006-06-28,4.26,4.3,4.22,4.25,9649888,46.96,47.4,46.5,46.85,875600,2026-01-13T03:44:31Z
MA,2006-06-29,4.36,4.36,4.26,4.26,15948201,48,48.09,46.95,46.95,1447100,2026-01-13T03:44:31Z
MA,2006-06-30,4.36,4.36,4.23,4.32,28614410,48,48,46.6,47.65,2596400,2026-01-13T03:44:31Z
MA,2006-07-03,4.29,4.36,4.25,4.35,7746672,47.3,48,46.81,47.9,702900,2026-01-13T03:44:31Z
MA,2006-07-05,4.32,4.34,4.24,4.3,14620213,47.6,47.84,46.71,47.4,1326600,2026-01-13T03:44:31Z
MA,2006-07-06,4.25,4.3,4.25,4.29,8923574,46.8,47.35,46.79,47.25,809700,2026-01-13T03:44:31Z
MA,2006-07-07,4.18,4.25,4.15,4.24,9235461,46.12,46.85,45.75,46.75,838000,2026-01-13T03:44:31Z
MA,2006-07-10,4.22,4.23,4.18,4.19,5486267,46.49,46.57,46.12,46.2,497800,2026-01-13T03:44:31Z
MA,2006-07-11,4.21,4.22,4.11,4.22,8903882,46.35,46.49,45.3,46.49,807900,2026-01-13T03:44:31Z
MA,2006-07-12,4.13,4.21,4.13,4.21,8455144,45.55,46.4,45.54,46.4,767200,2026-01-13T03:44:31Z
MA,2006-07-13,4.06,4.1,4.02,4.1,18322447,44.72,45.18,44.3,45.18,1662500,2026-01-13T03:44:31Z
MA,2006-07-14,3.99,4.05,3.98,4.05,10649435,43.95,44.68,43.9,44.62,966300,2026-01-13T03:44:31Z
MA,2006-07-17,3.99,4.01,3.97,3.98,7117310,43.99,44.17,43.75,43.91,645800,2026-01-13T03:44:31Z
MA,2006-07-18,3.98,4,3.96,3.99,13757529,43.9,44.1,43.67,43.99,1248300,2026-01-13T03:44:31Z
MA,2006-07-19,4.11,4.12,3.97,3.98,17455819,45.28,45.45,43.8,43.91,1583900,2026-01-13T03:44:31Z
MA,2006-07-20,4.13,4.15,4.09,4.12,9730248,45.55,45.78,45.1,45.4,882900,2026-01-13T03:44:31Z
MA,2006-07-21,4.11,4.13,4.06,4.13,9379790,45.28,45.55,44.77,45.55,851100,2026-01-13T03:44:31Z
MA,2006-07-24,4.08,4.13,4.08,4.12,5529254,45,45.53,44.99,45.45,501700,2026-01-13T03:44:31Z
MA,2006-07-25,4.18,4.21,4.1,4.1,7604505,46.08,46.4,45.16,45.2,690000,2026-01-13T03:44:31Z
MA,2006-07-26,4.24,4.34,4.16,4.19,11393377,46.68,47.85,45.8,46.14,1033800,2026-01-13T03:44:31Z
MA,2006-07-27,4.22,4.28,4.22,4.25,6622413,46.52,47.17,46.52,46.9,600900,2026-01-13T03:44:31Z
MA,2006-07-28,4.2,4.25,4.2,4.22,4781978,46.3,46.8,46.26,46.51,433900,2026-01-13T03:44:31Z
MA,2006-07-31,4.16,4.21,4.16,4.2,5087237,45.87,46.41,45.86,46.3,461600,2026-01-13T03:44:31Z
MA,2006-08-01,4.08,4.17,4.06,4.17,8159976,45,45.92,44.7,45.92,740400,2026-01-13T03:44:31Z
MA,2006-08-02,4.54,4.54,4.29,4.35,58823588,50.02,50.05,47.31,47.99,5337400,2026-01-13T03:44:31Z
MA,2006-08-03,4.54,4.56,4.41,4.46,23904475,49.99,50.24,48.65,49.13,2169000,2026-01-13T03:44:31Z
MA,2006-08-04,4.54,4.67,4.54,4.56,15667212,50.05,51.5,49.99,50.3,1421600,2026-01-13T03:44:31Z
MA,2006-08-07,4.64,4.66,4.56,4.58,7624332,51.1,51.3,50.25,50.5,691800,2026-01-13T03:44:31Z
MA,2006-08-08,4.77,4.78,4.63,4.64,15509804,52.57,52.67,51.05,51.1,1407300,2026-01-13T03:44:31Z
MA,2006-08-09,4.8,4.95,4.72,4.81,16577754,52.85,54.5,52,53,1504200,2026-01-13T03:44:31Z
MA,2006-08-10,4.86,4.89,4.73,4.74,9615650,53.56,53.91,52.1,52.2,872500,2026-01-13T03:44:31Z
MA,2006-08-11,4.87,4.94,4.83,4.85,10004866,53.68,54.45,53.25,53.5,907800,2026-01-13T03:44:31Z
MA,2006-08-14,4.92,4.95,4.86,4.88,6958667,54.23,54.54,53.52,53.75,631400,2026-01-13T03:44:31Z
MA,2006-08-15,4.94,4.98,4.92,4.96,9429562,54.49,54.93,54.26,54.7,855600,2026-01-13T03:44:31Z
MA,2006-08-16,4.92,5.03,4.91,4.96,16910398,54.27,55.43,54.16,54.65,1534400,2026-01-13T03:44:31Z
MA,2006-08-17,4.85,4.92,4.83,4.92,11260015,53.46,54.24,53.19,54.2,1021700,2026-01-13T03:44:31Z
MA,2006-08-18,4.85,4.87,4.76,4.82,10296776,53.45,53.65,52.46,53.1,934300,2026-01-13T03:44:31Z
MA,2006-08-21,4.92,5.04,4.79,4.84,13761722,54.26,55.55,52.8,53.3,1248700,2026-01-13T03:44:31Z
MA,2006-08-22,5.01,5.04,4.92,4.92,10757472,55.23,55.5,54.2,54.2,976100,2026-01-13T03:44:31Z
MA,2006-08-23,4.95,5.06,4.95,5.03,11504772,54.6,55.75,54.54,55.48,1043900,2026-01-13T03:44:31Z
MA,2006-08-24,5.05,5.07,4.97,4.98,5973324,55.65,55.85,54.82,54.9,542000,2026-01-13T03:44:31Z
MA,2006-08-25,4.99,5.07,4.98,5.06,8834385,55,55.85,54.93,55.75,801600,2026-01-13T03:44:31Z
MA,2006-08-28,4.99,5.03,4.97,4.98,4130660,55.02,55.45,54.77,54.85,374800,2026-01-13T03:44:31Z
MA,2006-08-29,5.02,5.05,5,5.01,3542100,55.35,55.65,55.16,55.25,321400,2026-01-13T03:44:31Z
MA,2006-08-30,5.01,5.06,5.01,5.03,6393227,55.25,55.78,55.17,55.48,580100,2026-01-13T03:44:31Z
MA,2006-08-31,5.07,5.1,5.01,5.01,7739949,55.9,56.17,55.25,55.25,702300,2026-01-13T03:44:31Z
MA,2006-09-01,5.13,5.22,5.08,5.08,22657693,56.55,57.5,55.97,55.97,2055900,2026-01-13T03:44:31Z
MA,2006-09-05,5.16,5.19,5.1,5.16,5089432,56.85,57.24,56.25,56.9,461800,2026-01-13T03:44:31Z
MA,2006-09-06,5.34,5.34,5.13,5.16,17361147,58.88,58.88,56.57,56.9,1575300,2026-01-13T03:44:31Z
MA,2006-09-07,5.46,5.52,5.31,5.31,29259333,60.12,60.87,58.5,58.51,2654900,2026-01-13T03:44:31Z
MA,2006-09-08,5.42,5.56,5.38,5.54,16726472,59.75,61.25,59.29,61,1517700,2026-01-13T03:44:31Z
MA,2006-09-11,5.61,5.62,5.41,5.42,18805993,61.87,61.99,59.6,59.75,1706400,2026-01-13T03:44:31Z
MA,2006-09-12,5.63,5.64,5.53,5.53,18730181,62.1,62.15,60.99,60.99,1699500,2026-01-13T03:44:31Z
MA,2006-09-13,5.57,5.65,5.53,5.63,13616312,61.35,62.3,60.9,62,1235500,2026-01-13T03:44:31Z
MA,2006-09-14,5.7,5.74,5.51,5.52,14338080,62.79,63.25,60.7,60.85,1301000,2026-01-13T03:44:31Z
MA,2006-09-15,5.9,5.92,5.7,5.7,21286735,64.97,65.2,62.79,62.79,1931500,2026-01-13T03:44:31Z
MA,2006-09-18,5.91,6.13,5.83,5.96,26070922,65.12,67.55,64.3,65.74,2365600,2026-01-13T03:44:31Z
MA,2006-09-19,5.88,6,5.83,5.9,19030783,64.84,66.15,64.3,65,1726800,2026-01-13T03:44:31Z
MA,2006-09-20,6.04,6.05,5.85,5.91,14850729,66.55,66.7,64.5,65.1,1347500,2026-01-13T03:44:31Z
MA,2006-09-21,6.27,6.32,6.08,6.13,32030984,69.05,69.6,67.01,67.53,2906400,2026-01-13T03:44:31Z
MA,2006-09-22,5.98,6.31,5.91,6.26,32924771,65.93,69.5,65.08,69,2987500,2026-01-13T03:44:31Z
MA,2006-09-25,5.84,5.96,5.64,5.92,39319555,64.4,65.7,62.2,65.25,3567700,2026-01-13T03:44:31Z
MA,2006-09-26,5.99,6.11,5.7,5.75,44084861,66,67.33,62.76,63.4,4000100,2026-01-13T03:44:31Z
MA,2006-09-27,6.16,6.16,5.94,6.08,21641660,67.84,67.9,65.45,67,1963700,2026-01-13T03:44:31Z
MA,2006-09-28,6.23,6.25,6.14,6.14,14764636,68.65,68.91,67.65,67.65,1339700,2026-01-13T03:44:31Z
MA,2006-09-29,6.38,6.39,6.13,6.21,22120140,70.35,70.45,67.56,68.47,2007100,2026-01-13T03:44:31Z
MA,2006-10-02,6.35,6.38,6.32,6.38,19168768,69.96,70.35,69.66,70.35,1739300,2026-01-13T03:44:31Z
MA,2006-10-03,6.32,6.43,6.21,6.21,18441366,69.68,70.9,68.4,68.4,1673300,2026-01-13T03:44:31Z
MA,2006-10-04,6.32,6.39,6.24,6.35,15074358,69.62,70.41,68.75,70,1367800,2026-01-13T03:44:31Z
MA,2006-10-05,6.6,6.62,6.27,6.34,28356449,72.59,72.9,69.01,69.78,2576300,2026-01-13T03:44:31Z
MA,2006-10-06,6.83,6.89,6.54,6.58,38974491,75.15,75.85,72.01,72.4,3541000,2026-01-13T03:44:31Z
MA,2006-10-09,6.61,6.65,6.45,6.53,40824663,72.8,73.23,70.95,71.9,3709100,2026-01-13T03:44:31Z
MA,2006-10-10,6.53,6.66,6.41,6.46,29459403,71.91,73.25,70.5,71.15,2676500,2026-01-13T03:44:31Z
MA,2006-10-11,6.31,6.45,6.2,6.45,39055774,69.5,71,68.28,70.95,3548400,2026-01-13T03:44:31Z
MA,2006-10-12,6.4,6.43,6.24,6.28,16638862,70.41,70.82,68.72,69.1,1511700,2026-01-13T03:44:31Z
MA,2006-10-13,6.37,6.51,6.34,6.45,12460566,70.09,71.7,69.82,71,1132100,2026-01-13T03:44:31Z
MA,2006-10-16,6.48,6.51,6.35,6.36,9688056,71.3,71.71,69.85,70,880200,2026-01-13T03:44:31Z
MA,2006-10-17,6.31,6.47,6.29,6.46,10857999,69.5,71.2,69.27,71.1,986500,2026-01-13T03:44:31Z
MA,2006-10-18,6.4,6.47,6.32,6.32,9423858,70.45,71.18,69.54,69.61,856200,2026-01-13T03:44:31Z
MA,2006-10-19,6.57,6.62,6.34,6.4,14811608,72.33,72.9,69.75,70.45,1345700,2026-01-13T03:44:31Z
MA,2006-10-20,6.47,6.62,6.45,6.61,5793930,71.22,72.85,71,72.8,526400,2026-01-13T03:44:31Z
MA,2006-10-23,6.38,6.51,6.34,6.48,8132819,70.25,71.62,69.8,71.35,738900,2026-01-13T03:44:31Z
MA,2006-10-24,6.47,6.5,6.35,6.37,9368884,71.2,71.5,69.92,70.15,851200,2026-01-13T03:44:31Z
MA,2006-10-25,6.43,6.47,6.41,6.47,12491510,70.75,71.25,70.5,71.25,1134900,2026-01-13T03:44:31Z
MA,2006-10-26,6.56,6.72,6.35,6.44,23281162,72.2,74,69.89,70.85,2115200,2026-01-13T03:44:31Z
MA,2006-10-27,6.6,6.63,6.27,6.45,29433091,72.64,73,69,71,2674100,2026-01-13T03:44:31Z
MA,2006-10-30,6.59,6.69,6.52,6.6,19229605,72.54,73.6,71.75,72.62,1747100,2026-01-13T03:44:31Z
MA,2006-10-31,6.73,6.93,6.54,6.61,39557862,74.1,76.25,71.94,72.7,3594000,2026-01-13T03:44:31Z
MA,2006-11-01,7.73,7.95,7.43,7.43,155508918,85.07,87.5,81.75,81.75,14128700,2026-01-13T03:44:31Z
MA,2006-11-02,7.96,8,7.5,7.62,68843513,87.6,88.08,82.5,83.82,6254700,2026-01-13T03:44:31Z
MA,2006-11-03,8.13,8.15,7.88,7.96,46764277,89.51,89.75,86.77,87.66,4248700,2026-01-13T03:44:31Z
MA,2006-11-06,8.75,8.83,8.18,8.18,107635826,96.3,97.14,89.99,90,9779100,2026-01-13T03:44:31Z
MA,2006-11-07,8.4,8.74,8.39,8.7,78834122,92.5,96.17,92.4,95.74,7162400,2026-01-13T03:44:31Z
MA,2006-11-08,8.04,8.36,8,8.36,70652054,88.44,92,88.05,92,6419000,2026-01-13T03:44:31Z
MA,2006-11-09,8.01,8.39,8.01,8.29,69335618,88.2,92.35,88.2,91.3,6299400,2026-01-13T03:44:31Z
MA,2006-11-10,8.1,8.22,7.97,8.05,31302878,89.2,90.5,87.76,88.64,2844000,2026-01-13T03:44:31Z
MA,2006-11-13,8.77,8.9,8.48,8.51,125669088,96.55,97.99,93.29,93.71,11417600,2026-01-13T03:44:31Z
MA,2006-11-14,8.65,8.84,8.58,8.79,42407606,95.2,97.24,94.39,96.8,3852900,2026-01-13T03:44:31Z
MA,2006-11-15,8.66,9.05,8.63,8.65,62306454,95.3,99.65,95,95.21,5660800,2026-01-13T03:44:31Z
MA,2006-11-16,8.59,8.83,8.53,8.74,39235567,94.52,97.2,93.9,96.25,3564700,2026-01-13T03:44:31Z
MA,2006-11-17,8.61,8.67,8.36,8.48,31398551,94.79,95.38,92.06,93.35,2852700,2026-01-13T03:44:31Z
MA,2006-11-20,8.74,8.74,8.52,8.54,25209523,96.19,96.21,93.72,93.98,2290400,2026-01-13T03:44:31Z
MA,2006-11-21,9.14,9.16,8.77,8.81,65505184,100.6,100.83,96.5,96.99,5951400,2026-01-13T03:44:31Z
MA,2006-11-22,9.38,9.44,9.16,9.24,46946668,103.26,103.93,100.82,101.75,4265300,2026-01-13T03:44:31Z
MA,2006-11-24,9.58,9.62,9.13,9.26,23943861,105.48,105.85,100.5,101.9,2175400,2026-01-13T03:44:31Z
MA,2006-11-27,8.99,9.87,8.99,9.63,81125003,98.99,108.6,98.99,106,7370500,2026-01-13T03:44:31Z
MA,2006-11-28,9.15,9.18,8.68,8.86,67817901,100.75,101,95.5,97.5,6161500,2026-01-13T03:44:31Z
MA,2006-11-29,9.01,9.33,8.8,9.3,53928380,99.2,102.68,96.85,102.38,4899600,2026-01-13T03:44:31Z
MA,2006-11-30,9.24,9.27,8.77,9.02,45435506,101.75,102.02,96.52,99.27,4128000,2026-01-13T03:44:31Z
MA,2006-12-01,9.19,9.31,9,9.29,38755580,101.17,102.45,99.09,102.22,3521100,2026-01-13T03:44:31Z
MA,2006-12-04,9.09,9.22,9.02,9.18,22319247,100.08,101.49,99.25,101,2027800,2026-01-13T03:44:31Z
MA,2006-12-05,9.02,9.29,8.99,9.09,23407781,99.25,102.25,99,100,2126700,2026-01-13T03:44:31Z
MA,2006-12-06,9.01,9.27,8.95,9.19,33106803,99.13,102,98.5,101.19,3007900,2026-01-13T03:44:31Z
MA,2006-12-07,9.06,9.17,8.96,9.02,23953888,99.68,100.93,98.62,99.3,2176300,2026-01-13T03:44:31Z
MA,2006-12-08,9.09,9.16,8.99,9.06,17583129,100.1,100.8,98.93,99.68,1597500,2026-01-13T03:44:31Z
MA,2006-12-11,9,9.29,8.99,9.1,33132389,99.1,102.24,98.94,100.1,3010200,2026-01-13T03:44:31Z
MA,2006-12-12,8.7,9,8.56,8.97,51336034,95.75,99.1,94.27,98.71,4664100,2026-01-13T03:44:31Z
MA,2006-12-13,8.7,8.87,8.63,8.81,20816883,95.77,97.65,95.03,96.98,1891300,2026-01-13T03:44:31Z
MA,2006-12-14,8.69,8.77,8.61,8.7,26538005,95.6,96.48,94.8,95.77,2411100,2026-01-13T03:44:31Z
MA,2006-12-15,8.74,8.75,8.66,8.75,16053132,96.19,96.33,95.35,96.32,1458500,2026-01-13T03:44:31Z
MA,2006-12-18,8.44,8.72,8.41,8.72,28684606,92.9,96,92.55,96,2606100,2026-01-13T03:44:31Z
MA,2006-12-19,8.85,8.86,8.22,8.4,35181639,97.4,97.52,90.5,92.45,3196400,2026-01-13T03:44:31Z
MA,2006-12-20,8.86,9.04,8.74,8.85,31054128,97.51,99.45,96.25,97.4,2821400,2026-01-13T03:44:31Z
MA,2006-12-21,8.7,8.75,8.53,8.71,34228685,95.71,96.35,93.89,95.81,3109800,2026-01-13T03:44:31Z
MA,2006-12-22,8.75,8.81,8.65,8.7,14522171,96.35,97,95.18,95.7,1319400,2026-01-13T03:44:31Z
MA,2006-12-26,8.64,8.79,8.57,8.77,11256456,95.14,96.75,94.38,96.5,1022700,2026-01-13T03:44:31Z
MA,2006-12-27,9.03,9.04,8.59,8.62,21998939,99.37,99.49,94.5,94.9,1998700,2026-01-13T03:44:31Z
MA,2006-12-28,8.99,9.07,8.86,9.07,24641765,98.96,99.79,97.56,99.79,2238800,2026-01-13T03:44:31Z
MA,2006-12-29,8.95,9.05,8.93,8.98,11982975,98.49,99.62,98.26,98.8,1088700,2026-01-13T03:44:31Z
MA,2007-01-03,8.76,9.06,8.69,9.04,28936647,96.41,99.68,95.63,99.55,2629000,2026-01-13T03:44:31Z
MA,2007-01-04,9.19,9.25,8.66,8.8,29772957,101.14,101.85,95.3,96.9,2705000,2026-01-13T03:44:31Z
MA,2007-01-05,9.18,9.29,8.99,9.18,32617186,101.06,102.2,99,100.99,2963400,2026-01-13T03:44:31Z
MA,2007-01-08,9.18,9.29,8.99,8.99,17621721,101.08,102.25,99,99.01,1601000,2026-01-13T03:44:31Z
MA,2007-01-09,9.61,9.61,9.14,9.19,40671856,105.74,105.75,100.6,101.1,3695200,2026-01-13T03:44:31Z
MA,2007-01-10,9.52,9.68,9.37,9.6,38599241,104.74,106.5,103,105.62,3509900,2026-01-13T03:44:31Z
MA,2007-01-11,9.59,9.82,9.41,9.57,41431072,105.5,108.03,103.54,105.2,3767400,2026-01-13T03:44:31Z
MA,2007-01-12,9.57,9.75,9.53,9.62,20051440,105.25,107.25,104.85,105.75,1823300,2026-01-13T03:44:31Z
MA,2007-01-16,9.64,9.77,9.51,9.57,19825994,106,107.47,104.63,105.3,1802800,2026-01-13T03:44:31Z
MA,2007-01-17,9.92,10.02,9.62,9.73,50481806,109.04,110.22,105.77,107,4590400,2026-01-13T03:44:31Z
MA,2007-01-18,9.32,10,9.26,10,47070441,102.49,109.99,101.8,109.95,4280200,2026-01-13T03:44:31Z
MA,2007-01-19,9.55,9.58,9.28,9.32,33026084,105.03,105.35,102,102.5,3003100,2026-01-13T03:44:31Z
MA,2007-01-22,9.79,9.82,9.5,9.64,23130689,107.61,108,104.5,105.99,2103300,2026-01-13T03:44:31Z
MA,2007-01-23,9.86,9.92,9.73,9.88,23549556,108.41,109.14,107.02,108.71,2141400,2026-01-13T03:44:31Z
MA,2007-01-24,10.13,10.28,9.88,9.9,34798678,111.42,113.08,108.7,108.9,3164300,2026-01-13T03:44:31Z
MA,2007-01-25,9.81,10.21,9.73,10.21,23958646,107.87,112.28,106.97,112.25,2178600,2026-01-13T03:44:31Z
MA,2007-01-26,9.87,9.99,9.68,9.93,19246330,108.52,109.88,106.5,109.19,1750100,2026-01-13T03:44:31Z
MA,2007-01-29,9.98,10.09,9.88,9.91,13312249,109.74,111,108.7,109,1210500,2026-01-13T03:44:31Z
MA,2007-01-30,10.07,10.15,9.93,9.97,12657834,110.75,111.61,109.24,109.64,1151000,2026-01-13T03:44:31Z
MA,2007-01-31,10.14,10.2,10.07,10.1,15026708,111.55,112.17,110.75,111.05,1366400,2026-01-13T03:44:31Z
MA,2007-02-01,10.18,10.27,10.15,10.2,17598881,111.92,112.98,111.61,112.14,1600300,2026-01-13T03:44:31Z
MA,2007-02-02,10.09,10.25,10.06,10.23,12419188,110.96,112.7,110.6,112.49,1129300,2026-01-13T03:44:31Z
MA,2007-02-05,10.03,10.09,9.99,10.05,10898310,110.25,110.95,109.89,110.5,991000,2026-01-13T03:44:31Z
MA,2007-02-06,10.05,10.14,9.99,10.07,11680195,110.55,111.54,109.9,110.74,1062100,2026-01-13T03:44:31Z
MA,2007-02-07,10.18,10.24,10.03,10.05,23239549,111.9,112.63,110.33,110.5,2113200,2026-01-13T03:44:31Z
MA,2007-02-08,10.43,10.5,10.1,10.18,41316735,114.74,115.43,111.05,112,3757000,2026-01-13T03:44:31Z
MA,2007-02-09,9.42,10.74,9.06,10.73,310269914,103.6,118.07,99.63,118.03,28213300,2026-01-13T03:44:31Z
MA,2007-02-12,9.28,9.34,8.97,9.27,90374504,102.08,102.75,98.61,101.97,8217900,2026-01-13T03:44:31Z
MA,2007-02-13,9.52,9.55,9.35,9.44,80519007,104.69,105.04,102.86,103.8,7321700,2026-01-13T03:44:31Z
MA,2007-02-14,9.82,9.89,9.47,9.48,53892327,108.02,108.82,104.1,104.21,4900500,2026-01-13T03:44:31Z
MA,2007-02-15,9.82,9.89,9.74,9.82,38504963,108.04,108.8,107.09,108,3501300,2026-01-13T03:44:31Z
MA,2007-02-16,9.85,9.92,9.64,9.82,22512550,108.32,109.12,106.05,108.01,2047100,2026-01-13T03:44:31Z
MA,2007-02-20,9.8,9.87,9.69,9.85,21779106,107.82,108.5,106.54,108.32,1980400,2026-01-13T03:44:31Z
MA,2007-02-21,9.76,9.93,9.61,9.79,22725993,107.29,109.25,105.66,107.65,2066500,2026-01-13T03:44:31Z
MA,2007-02-22,9.63,9.91,9.56,9.81,23937914,105.9,109,105.11,107.9,2176700,2026-01-13T03:44:31Z
MA,2007-02-23,9.51,9.69,9.43,9.63,33474673,104.57,106.57,103.72,105.9,3043900,2026-01-13T03:44:31Z
MA,2007-02-26,9.46,9.64,9.41,9.53,12833879,104.06,106,103.5,104.82,1167000,2026-01-13T03:44:31Z
MA,2007-02-27,9.37,9.63,9.09,9.25,56351477,103,105.9,99.99,101.75,5124100,2026-01-13T03:44:31Z
MA,2007-02-28,9.75,9.76,9.28,9.37,38933856,107.18,107.3,102.01,103,3540300,2026-01-13T03:44:31Z
MA,2007-03-01,9.67,9.81,9.3,9.57,41971192,106.29,107.9,102.31,105.27,3816500,2026-01-13T03:44:31Z
MA,2007-03-02,9.37,9.78,9.35,9.58,19820415,103.06,107.5,102.81,105.4,1802300,2026-01-13T03:44:31Z
MA,2007-03-05,9.18,9.47,9.18,9.2,32927073,100.94,104.2,100.9,101.15,2994100,2026-01-13T03:44:31Z
MA,2007-03-06,9.46,9.52,9.31,9.35,35154909,103.99,104.71,102.44,102.78,3196700,2026-01-13T03:44:31Z
MA,2007-03-07,9.07,9.47,9.04,9.46,56586483,99.72,104.1,99.4,103.99,5145500,2026-01-13T03:44:31Z
MA,2007-03-08,9.34,9.4,9.03,9.2,69577810,102.76,103.4,99.28,101.2,6326800,2026-01-13T03:44:31Z
MA,2007-03-09,9.31,9.48,9.16,9.43,38101404,102.36,104.25,100.75,103.7,3464600,2026-01-13T03:44:31Z
MA,2007-03-12,9.39,9.41,9.22,9.28,22933692,103.25,103.5,101.39,102.01,2085400,2026-01-13T03:44:31Z
MA,2007-03-13,9.44,9.55,9.25,9.32,50891298,103.86,105.03,101.7,102.51,4627600,2026-01-13T03:44:31Z
MA,2007-03-14,9.59,9.66,9.31,9.43,38874211,105.5,106.2,102.35,103.71,3534900,2026-01-13T03:44:31Z
MA,2007-03-15,9.57,9.65,9.51,9.59,21564697,105.26,106.15,104.53,105.5,1960900,2026-01-13T03:44:31Z
MA,2007-03-16,9.57,9.63,9.52,9.58,17333852,105.27,105.93,104.74,105.34,1576200,2026-01-13T03:44:31Z
MA,2007-03-19,9.72,9.78,9.6,9.6,25425649,106.89,107.57,105.52,105.52,2312000,2026-01-13T03:44:31Z
MA,2007-03-20,9.77,9.81,9.68,9.73,17823354,107.49,107.91,106.4,107,1620700,2026-01-13T03:44:31Z
MA,2007-03-21,10.07,10.21,9.71,9.75,41883244,110.7,112.32,106.76,107.26,3808500,2026-01-13T03:44:31Z
MA,2007-03-22,9.96,10.09,9.91,10.09,14572455,109.57,111,109,111,1325100,2026-01-13T03:44:31Z
MA,2007-03-23,9.99,10,9.91,9.96,6980003,109.86,110,109.02,109.5,634700,2026-01-13T03:44:31Z
MA,2007-03-26,9.86,9.93,9.78,9.88,18742773,108.48,109.25,107.56,108.7,1704300,2026-01-13T03:44:31Z
MA,2007-03-27,9.75,9.85,9.69,9.85,16173718,107.25,108.36,106.54,108.36,1470700,2026-01-13T03:44:31Z
MA,2007-03-28,9.7,9.81,9.62,9.69,16253947,106.68,107.93,105.8,106.6,1478000,2026-01-13T03:44:31Z
MA,2007-03-29,9.75,9.79,9.62,9.77,8638412,107.19,107.68,105.75,107.4,785500,2026-01-13T03:44:31Z
MA,2007-03-30,9.66,9.82,9.62,9.76,8332613,106.24,108,105.84,107.35,757700,2026-01-13T03:44:31Z
MA,2007-04-02,9.73,9.8,9.63,9.74,19373991,106.96,107.82,105.93,107.1,1761700,2026-01-13T03:44:31Z
MA,2007-04-03,9.87,9.95,9.83,9.89,16933616,108.53,109.4,108.11,108.75,1539800,2026-01-13T03:44:31Z
MA,2007-04-04,9.76,9.92,9.68,9.91,21306262,107.21,108.95,106.25,108.89,1940100,2026-01-13T03:44:31Z
MA,2007-04-05,9.84,9.87,9.78,9.79,6104946,108.01,108.34,107.4,107.55,555900,2026-01-13T03:44:31Z
MA,2007-04-09,9.87,9.91,9.76,9.87,6724301,108.34,108.79,107.2,108.4,612300,2026-01-13T03:44:31Z
MA,2007-04-10,10.02,10.14,9.81,9.92,29135539,110.01,111.4,107.77,108.9,2653000,2026-01-13T03:44:31Z
MA,2007-04-11,10,10.06,9.93,10.02,12117647,109.81,110.51,109,110.01,1103400,2026-01-13T03:44:31Z
MA,2007-04-12,10,10.04,9.91,9.98,8523215,109.82,110.22,108.85,109.56,776100,2026-01-13T03:44:31Z
MA,2007-04-13,9.96,10.11,9.91,10.01,8358445,109.4,111.05,108.88,109.95,761100,2026-01-13T03:44:31Z
MA,2007-04-16,9.96,10.03,9.88,10.02,13203731,109.4,110.18,108.53,110,1202300,2026-01-13T03:44:31Z
MA,2007-04-17,9.98,10.09,9.92,9.97,10482445,109.65,110.79,108.92,109.52,954500,2026-01-13T03:44:31Z
MA,2007-04-18,9.94,10.02,9.93,9.98,9288626,109.21,110.04,109.07,109.66,845800,2026-01-13T03:44:31Z
MA,2007-04-19,9.96,10.03,9.85,9.91,7466722,109.33,110.17,108.2,108.83,679900,2026-01-13T03:44:31Z
MA,2007-04-20,10.03,10.1,9.95,10.04,12088003,110.1,110.88,109.29,110.3,1100700,2026-01-13T03:44:31Z
MA,2007-04-23,10.02,10.07,9.97,10.02,14823698,110.04,110.6,109.5,110,1349800,2026-01-13T03:44:31Z
MA,2007-04-24,9.84,10.02,9.8,10.02,13101633,108.1,110.07,107.64,110,1193000,2026-01-13T03:44:31Z
MA,2007-04-25,9.96,9.98,9.8,9.86,11209431,109.34,109.57,107.65,108.25,1020700,2026-01-13T03:44:31Z
MA,2007-04-26,9.89,10.06,9.84,9.97,10785495,108.56,110.5,108.04,109.48,982100,2026-01-13T03:44:31Z
MA,2007-04-27,10.39,10.44,9.83,9.86,47293469,114.1,114.66,107.96,108.3,4306400,2026-01-13T03:44:31Z
MA,2007-04-30,10.17,10.74,10.15,10.4,42512704,111.68,117.97,111.47,114.25,3871100,2026-01-13T03:44:31Z
MA,2007-05-01,10.46,10.52,10.11,10.13,37714823,114.85,115.58,111.01,111.2,3434200,2026-01-13T03:44:31Z
MA,2007-05-02,11.51,11.85,11.32,11.44,176202074,126.35,130.15,124.3,125.67,16044500,2026-01-13T03:44:31Z
MA,2007-05-03,12.28,12.31,11.52,11.56,93364973,134.82,135.15,126.5,127.01,8501600,2026-01-13T03:44:31Z
MA,2007-05-04,12.26,12.38,12.02,12.37,49366617,134.66,135.95,132.04,135.8,4495200,2026-01-13T03:44:31Z
MA,2007-05-07,12.21,12.63,12.1,12.18,48647366,134.11,138.74,132.9,133.75,4429700,2026-01-13T03:44:31Z
MA,2007-05-08,12.48,12.49,12.16,12.34,35673151,137.05,137.19,133.5,135.5,3248300,2026-01-13T03:44:31Z
MA,2007-05-09,12.71,12.96,12.41,12.47,45966466,139.55,142.32,136.33,136.98,4185600,2026-01-13T03:44:31Z
MA,2007-05-10,12.64,13.04,12.57,12.79,54890598,138.82,143.24,138,140.46,4998200,2026-01-13T03:44:31Z
MA,2007-05-11,12.64,12.96,12.31,12.67,65617942,138.83,142.27,135.2,139.1,5975000,2026-01-13T03:44:31Z
MA,2007-05-14,12.32,12.71,12.26,12.64,43046539,135.35,139.59,134.59,138.84,3919700,2026-01-13T03:44:31Z
MA,2007-05-15,12.33,12.6,12.2,12.26,25270903,135.44,138.41,134,134.63,2301100,2026-01-13T03:44:31Z
MA,2007-05-16,12.4,12.45,12.16,12.33,24256142,136.19,136.77,133.53,135.44,2208700,2026-01-13T03:44:31Z
MA,2007-05-17,12.39,12.57,12.31,12.41,16646645,136.09,138,135.2,136.29,1515800,2026-01-13T03:44:31Z
MA,2007-05-18,12.57,12.59,12.28,12.43,27081761,138.05,138.29,134.89,136.53,2466000,2026-01-13T03:44:31Z
MA,2007-05-21,12.7,12.86,12.46,12.5,30273259,139.51,141.27,136.85,137.25,2756600,2026-01-13T03:44:31Z
MA,2007-05-22,12.63,12.84,12.59,12.83,18119329,138.73,140.96,138.24,140.92,1649900,2026-01-13T03:44:31Z
MA,2007-05-23,12.76,13.07,12.69,12.84,48086049,140.13,143.56,139.38,140.98,4378600,2026-01-13T03:44:31Z
MA,2007-05-24,12.66,12.9,12.53,12.83,31978876,138.98,141.62,137.58,140.9,2911900,2026-01-13T03:44:31Z
MA,2007-05-25,12.66,12.76,12.59,12.7,15953738,139.07,140.17,138.26,139.43,1452700,2026-01-13T03:44:31Z
MA,2007-05-29,13.12,13.29,12.84,12.93,64617627,144.06,145.99,141.02,141.95,5883900,2026-01-13T03:44:31Z
MA,2007-05-30,13.4,13.45,12.98,13.08,50618529,147.13,147.66,142.51,143.69,4609200,2026-01-13T03:44:31Z
MA,2007-05-31,13.62,13.96,13.48,13.53,60105094,149.55,153.31,148.01,148.54,5473000,2026-01-13T03:44:31Z
MA,2007-06-01,13.76,13.86,13.63,13.85,34637424,151.1,152.23,149.66,152.14,3154000,2026-01-13T03:44:31Z
MA,2007-06-04,13.77,13.81,13.63,13.66,16148092,151.25,151.72,149.66,150.02,1470400,2026-01-13T03:44:31Z
MA,2007-06-05,13.59,13.74,13.35,13.74,41485809,149.2,150.95,146.61,150.95,3777600,2026-01-13T03:44:31Z
MA,2007-06-06,13.39,13.51,13.28,13.51,24872331,147.02,148.4,145.81,148.4,2264800,2026-01-13T03:44:31Z
MA,2007-06-07,12.69,13.58,12.57,13.39,68757795,139.41,149.18,138.1,147.02,6260900,2026-01-13T03:44:31Z
MA,2007-06-08,13.07,13.4,12.31,12.66,73134203,143.58,147.14,135.18,139.06,6659400,2026-01-13T03:44:31Z
MA,2007-06-11,12.89,13.32,12.75,13.13,52102415,141.6,146.32,140.07,144.16,4744300,2026-01-13T03:44:31Z
MA,2007-06-12,13.23,13.32,12.81,12.9,55805674,145.31,146.24,140.7,141.7,5081500,2026-01-13T03:44:31Z
MA,2007-06-13,13.69,13.79,13.26,13.35,57021289,150.3,151.5,145.61,146.65,5192200,2026-01-13T03:44:31Z
MA,2007-06-14,13.69,13.9,13.48,13.67,33462449,150.29,152.69,148.09,150.1,3047000,2026-01-13T03:44:31Z
MA,2007-06-15,14.36,14.41,13.86,13.86,52681052,157.65,158.24,152.16,152.2,4797000,2026-01-13T03:44:31Z
MA,2007-06-18,14.99,15.01,14.41,14.52,67204723,164.62,164.82,158.23,159.41,6119500,2026-01-13T03:44:31Z
MA,2007-06-19,15.05,15.23,14.71,14.96,59389138,165.27,167.21,161.51,164.25,5407800,2026-01-13T03:44:31Z
MA,2007-06-20,14.88,15.43,14.82,15.12,64852687,163.46,169.4,162.78,166.09,5905300,2026-01-13T03:44:31Z
MA,2007-06-21,15,15.02,14.4,14.79,63521655,164.69,164.91,158.18,162.4,5784100,2026-01-13T03:44:31Z
MA,2007-06-22,15.34,15.34,14.95,15.04,50758087,168.43,168.43,164.21,165.21,4621900,2026-01-13T03:44:31Z
MA,2007-06-25,14.75,15.39,14.63,15.39,42493109,161.95,169,160.65,169,3869300,2026-01-13T03:44:31Z
MA,2007-06-26,14.73,15.06,14.57,14.89,48501299,161.82,165.37,160.01,163.5,4416400,2026-01-13T03:44:31Z
MA,2007-06-27,14.85,14.98,14.37,14.74,35225003,163.03,164.52,157.8,161.85,3207500,2026-01-13T03:44:31Z
MA,2007-06-28,15,15.09,14.68,14.85,21644645,164.78,165.73,161.24,163.13,1970900,2026-01-13T03:44:31Z
MA,2007-06-29,15.12,15.24,14.92,15.14,28461691,165.87,167.19,163.74,166.09,2594000,2026-01-13T03:44:31Z
MA,2007-07-02,15.15,15.27,15.04,15.08,30573731,166.18,167.49,165,165.5,2786500,2026-01-13T03:44:31Z
MA,2007-07-03,14.78,15.26,14.76,15.22,14512758,162.21,167.47,161.92,166.98,1322700,2026-01-13T03:44:31Z
MA,2007-07-05,14.74,14.94,14.64,14.83,19298813,161.71,163.95,160.63,162.76,1758900,2026-01-13T03:44:31Z
MA,2007-07-06,14.76,14.84,14.54,14.77,20908444,161.9,162.84,159.55,162,1905600,2026-01-13T03:44:31Z
MA,2007-07-09,14.69,14.98,14.59,14.77,21519625,161.22,164.37,160.1,162,1961300,2026-01-13T03:44:31Z
MA,2007-07-10,14.43,14.65,14.28,14.61,26469020,158.35,160.75,156.7,160.25,2412400,2026-01-13T03:44:31Z
MA,2007-07-11,14.25,14.57,14.18,14.49,33470343,156.35,159.85,155.58,158.99,3050500,2026-01-13T03:44:31Z
MA,2007-07-12,15.3,15.36,14.34,14.4,63881824,167.87,168.51,157.31,157.99,5822200,2026-01-13T03:44:31Z
MA,2007-07-13,15.42,15.91,15.13,15.29,69899050,169.21,174.6,166.03,167.8,6370600,2026-01-13T03:44:31Z
MA,2007-07-16,15.47,15.75,15.31,15.31,30897462,169.71,172.82,168,168,2816000,2026-01-13T03:44:31Z
MA,2007-07-17,15.42,15.71,15.31,15.64,21834445,169.24,172.36,168.03,171.59,1990000,2026-01-13T03:44:31Z
MA,2007-07-18,15.39,15.46,15.18,15.29,23554916,168.83,169.59,166.56,167.81,2146800,2026-01-13T03:44:31Z
MA,2007-07-19,15.26,15.72,15.25,15.57,41917849,167.43,172.5,167.37,170.89,3820400,2026-01-13T03:44:31Z
MA,2007-07-20,15.06,15.39,14.82,15.22,40684443,165.28,168.91,162.65,167,3708000,2026-01-13T03:44:31Z
MA,2007-07-23,15.28,15.4,15.08,15.08,17883433,167.6,169,165.42,165.5,1629900,2026-01-13T03:44:31Z
MA,2007-07-24,14.47,15.09,14.34,15.09,37446778,158.77,165.52,157.31,165.52,3412900,2026-01-13T03:44:31Z
MA,2007-07-25,14.68,14.93,14.38,14.58,39550018,161.1,163.79,157.83,160,3604600,2026-01-13T03:44:31Z
MA,2007-07-26,14.47,14.65,13.87,14.43,39861587,158.72,160.8,152.22,158.3,3633000,2026-01-13T03:44:31Z
MA,2007-07-27,14.04,14.57,13.85,14.45,26990334,154.03,159.9,152,158.57,2459900,2026-01-13T03:44:31Z
MA,2007-07-30,15,15.04,14.14,14.26,36151910,164.59,165.03,155.1,156.46,3294900,2026-01-13T03:44:31Z
MA,2007-07-31,14.66,15.54,14.58,15.35,39427015,160.8,170.52,160,168.45,3593400,2026-01-13T03:44:31Z
MA,2007-08-01,13.67,13.89,12.67,13.75,141473561,150,152.45,139,150.82,12893900,2026-01-13T03:44:31Z
MA,2007-08-02,13,13.47,12.7,13.4,62041852,142.62,147.8,139.3,147,5654500,2026-01-13T03:44:31Z
MA,2007-08-03,11.96,12.82,11.68,12.81,76439138,131.26,140.65,128.17,140.6,6966700,2026-01-13T03:44:31Z
MA,2007-08-06,12.54,12.62,11.25,12.04,95355393,137.62,138.48,123.46,132.11,8690700,2026-01-13T03:44:31Z
MA,2007-08-07,13.15,13.22,12.3,12.41,77368693,144.27,145.02,135,136.12,7051400,2026-01-13T03:44:31Z
MA,2007-08-08,13.49,13.67,13.12,13.29,52042790,148.02,150,144,145.84,4743200,2026-01-13T03:44:31Z
MA,2007-08-09,12.88,13.35,12.85,12.99,41827827,141.28,146.51,141,142.57,3812200,2026-01-13T03:44:31Z
MA,2007-08-10,12.61,12.76,12.17,12.7,47379767,138.4,139.95,133.51,139.3,4318200,2026-01-13T03:44:31Z
MA,2007-08-13,12.45,13.04,12.4,12.99,39617893,136.59,143.13,136.02,142.5,3610800,2026-01-13T03:44:31Z
MA,2007-08-14,12.17,12.44,11.98,12.28,41155073,133.52,136.44,131.4,134.75,3750900,2026-01-13T03:44:31Z
MA,2007-08-15,11.76,12.37,11.76,12.21,36363853,129.04,135.7,128.99,133.96,3314200,2026-01-13T03:44:31Z
MA,2007-08-16,11.85,12.73,10.94,11.32,78998246,130,139.66,120,124.2,7199900,2026-01-13T03:44:31Z
MA,2007-08-17,12.49,12.68,11.89,12.38,55845859,137,139.1,130.5,135.78,5089800,2026-01-13T03:44:31Z
MA,2007-08-20,12.57,12.86,12.42,12.72,31750071,137.9,141.06,136.31,139.57,2893700,2026-01-13T03:44:31Z
MA,2007-08-21,12.77,13,12.58,12.67,23113858,140.16,142.64,138,139,2106600,2026-01-13T03:44:31Z
MA,2007-08-22,13.2,13.26,12.88,12.96,29190245,144.82,145.47,141.33,142.25,2660400,2026-01-13T03:44:31Z
MA,2007-08-23,12.97,13.31,12.62,13.29,31795919,142.29,146,138.51,145.87,2897900,2026-01-13T03:44:31Z
MA,2007-08-24,12.74,12.96,12.59,12.73,23493538,139.83,142.25,138.17,139.68,2141200,2026-01-13T03:44:31Z
MA,2007-08-27,12.6,12.84,12.47,12.62,19002640,138.25,140.91,136.85,138.43,1731900,2026-01-13T03:44:31Z
MA,2007-08-28,12.04,12.53,11.86,12.43,47603355,132.12,137.5,130.1,136.43,4338600,2026-01-13T03:44:31Z
MA,2007-08-29,12.16,12.31,11.85,12.16,36061002,133.42,135.1,130.01,133.43,3286600,2026-01-13T03:44:31Z
MA,2007-08-30,12.07,12.25,11.87,11.94,23936633,132.47,134.45,130.25,131,2181600,2026-01-13T03:44:31Z
MA,2007-08-31,12.49,12.71,12.3,12.37,29443639,136.99,139.44,134.96,135.7,2683500,2026-01-13T03:44:31Z
MA,2007-09-04,12.6,12.75,12.41,12.6,20618817,138.24,139.9,136.15,138.27,1879200,2026-01-13T03:44:31Z
MA,2007-09-05,12.36,12.46,12.24,12.46,20526560,135.56,136.75,134.29,136.75,1870800,2026-01-13T03:44:31Z
MA,2007-09-06,12.28,12.57,12.22,12.57,15385045,134.77,137.98,134.06,137.91,1402200,2026-01-13T03:44:31Z
MA,2007-09-07,11.87,12.03,11.81,11.95,27183313,130.21,132.03,129.54,131.1,2477500,2026-01-13T03:44:31Z
MA,2007-09-10,11.82,12.03,11.54,11.91,29153973,129.71,131.96,126.63,130.72,2657100,2026-01-13T03:44:31Z
MA,2007-09-11,12.05,12.26,11.85,11.85,23500058,132.17,134.51,130.05,130.05,2141800,2026-01-13T03:44:31Z
MA,2007-09-12,12.47,12.52,11.95,12.08,22288760,136.83,137.36,131.11,132.5,2031400,2026-01-13T03:44:31Z
MA,2007-09-13,12.71,12.97,12.31,12.64,33848837,139.5,142.36,135.06,138.7,3085000,2026-01-13T03:44:31Z
MA,2007-09-14,12.56,12.67,12.37,12.56,19458995,137.85,138.99,135.77,137.78,1773500,2026-01-13T03:44:31Z
MA,2007-09-17,12.46,12.6,12.3,12.53,15256699,136.72,138.25,135,137.44,1390500,2026-01-13T03:44:31Z
MA,2007-09-18,13.29,13.57,12.38,12.59,57013057,145.81,148.94,135.8,138.18,5196200,2026-01-13T03:44:31Z
MA,2007-09-19,13.63,13.85,13.39,13.58,51218742,149.5,152,146.9,149.01,4668100,2026-01-13T03:44:31Z
MA,2007-09-20,13.63,13.81,13.5,13.67,21370328,149.51,151.5,148.12,150,1947700,2026-01-13T03:44:31Z
MA,2007-09-21,13.36,13.84,13.35,13.75,22361166,146.56,151.9,146.42,150.9,2038000,2026-01-13T03:44:31Z
MA,2007-09-24,12.97,13.45,12.65,13.44,56056513,142.26,147.62,138.85,147.5,5109000,2026-01-13T03:44:31Z
MA,2007-09-25,13.03,13.11,12.69,12.79,43731317,142.99,143.8,139.18,140.36,3985700,2026-01-13T03:44:31Z
MA,2007-09-26,13.02,13.16,12.76,13.03,30640653,142.85,144.39,140,142.97,2792600,2026-01-13T03:44:31Z
MA,2007-09-27,13.49,13.67,12.9,13.15,45022776,148,149.97,141.58,144.32,4103400,2026-01-13T03:44:31Z
MA,2007-09-28,13.49,13.87,13.24,13.38,50328012,147.97,152.23,145.23,146.82,4586900,2026-01-13T03:44:31Z
MA,2007-10-01,13.98,14.12,13.46,13.46,40750325,153.37,154.88,147.73,147.73,3714000,2026-01-13T03:44:31Z
MA,2007-10-02,13.94,14.15,13.82,14.1,21053319,152.98,155.24,151.63,154.74,1918800,2026-01-13T03:44:31Z
MA,2007-10-03,14.3,14.61,13.83,13.85,57839231,156.94,160.35,151.79,152,5271500,2026-01-13T03:44:31Z
MA,2007-10-04,14.72,14.89,14.37,14.37,35660444,161.55,163.39,157.66,157.69,3250100,2026-01-13T03:44:31Z
MA,2007-10-05,14.81,15.03,14.54,14.97,22209645,162.46,164.87,159.53,164.3,2024200,2026-01-13T03:44:31Z
MA,2007-10-08,14.8,14.94,14.47,14.86,20552983,162.36,163.89,158.74,163,1873200,2026-01-13T03:44:31Z
MA,2007-10-09,14.83,14.99,14.77,14.88,23710719,162.69,164.5,162.01,163.25,2161000,2026-01-13T03:44:31Z
MA,2007-10-10,15.02,15.24,14.77,14.81,39114537,164.82,167.24,162,162.48,3564900,2026-01-13T03:44:31Z
MA,2007-10-11,14.75,15.43,14.42,15.07,45329156,161.84,169.32,158.21,165.31,4131300,2026-01-13T03:44:31Z
MA,2007-10-12,14.88,15.03,14.73,14.82,19055245,163.21,164.95,161.66,162.63,1736700,2026-01-13T03:44:31Z
MA,2007-10-15,14.39,14.91,14.24,14.88,28070939,157.91,163.65,156.3,163.21,2558400,2026-01-13T03:44:31Z
MA,2007-10-16,14.18,14.31,14.05,14.25,25020818,155.6,157,154.16,156.39,2280400,2026-01-13T03:44:31Z
MA,2007-10-17,14.1,14.45,13.81,14.41,28189733,154.61,158.39,151.35,158,2571700,2026-01-13T03:44:31Z
MA,2007-10-18,14.02,14.18,13.78,13.98,20415834,153.72,155.46,151,153.25,1862500,2026-01-13T03:44:31Z
MA,2007-10-19,13.83,14.06,13.72,13.98,18908619,151.6,154.07,150.36,153.25,1725000,2026-01-13T03:44:31Z
MA,2007-10-22,13.37,14.02,13.26,13.68,60684275,146.59,153.68,145.36,149.99,5536100,2026-01-13T03:44:31Z
MA,2007-10-23,13.53,13.9,13.43,13.63,49223735,148.33,152.39,147.25,149.36,4490600,2026-01-13T03:44:31Z
MA,2007-10-24,13.44,13.5,13.06,13.5,36381330,147.3,148,143.15,148,3319000,2026-01-13T03:44:31Z
MA,2007-10-25,13.81,13.91,13.17,13.41,91979404,151.38,152.49,144.35,147.01,8391100,2026-01-13T03:44:31Z
MA,2007-10-26,14.33,14.57,14.05,14.05,31270958,157.03,159.68,153.99,153.99,2852800,2026-01-13T03:44:31Z
MA,2007-10-29,14.35,14.74,14.31,14.51,17663345,157.35,161.55,156.91,159.1,1611400,2026-01-13T03:44:31Z
MA,2007-10-30,14.34,14.44,14.02,14.42,33691364,157.15,158.33,153.68,158.06,3073600,2026-01-13T03:44:31Z
MA,2007-10-31,17.33,17.77,15.88,16.19,222187197,189.91,194.78,174.1,177.5,20269800,2026-01-13T03:44:31Z
MA,2007-11-01,17.29,18.11,16.91,16.97,105269101,189.48,198.55,185.35,186.06,9603500,2026-01-13T03:44:31Z
MA,2007-11-02,17.34,17.88,17.08,17.49,54301215,190.04,196,187.22,191.75,4953800,2026-01-13T03:44:31Z
MA,2007-11-05,16.96,17.38,16.63,16.93,45501176,185.93,190.56,182.31,185.61,4151000,2026-01-13T03:44:31Z
MA,2007-11-06,18.19,18.52,17.27,17.56,85276273,199.4,203,189.32,192.46,7779600,2026-01-13T03:44:31Z
MA,2007-11-07,18.2,18.43,17.72,18.15,56291808,199.48,201.98,194.21,199,5135400,2026-01-13T03:44:31Z
MA,2007-11-08,17.46,18.33,16.67,18.25,51377826,191.44,200.97,182.75,200.02,4687100,2026-01-13T03:44:31Z
MA,2007-11-09,17.61,18.2,16.79,16.88,47535584,193,199.5,184,185,4336600,2026-01-13T03:44:31Z
MA,2007-11-12,16.59,17.92,16.44,17.41,47104908,181.88,196.42,180.25,190.83,4297300,2026-01-13T03:44:31Z
MA,2007-11-13,17.22,17.54,16.73,16.73,32925121,188.81,192.23,183.42,183.42,3003700,2026-01-13T03:44:31Z
MA,2007-11-14,17.04,17.72,16.97,17.72,23658242,186.77,194.23,186.03,194.23,2158300,2026-01-13T03:44:31Z
MA,2007-11-15,16.87,17.19,16.61,16.88,22737446,184.88,188.47,182.1,185,2074300,2026-01-13T03:44:31Z
MA,2007-11-16,16.87,17.06,16.38,16.97,28379309,184.87,186.99,179.5,186,2589000,2026-01-13T03:44:31Z
MA,2007-11-19,16.59,17.06,16.28,16.68,26784497,181.9,186.98,178.5,182.87,2443500,2026-01-13T03:44:31Z
MA,2007-11-20,16.61,17.09,16.02,16.74,25922873,182.12,187.31,175.58,183.5,2364900,2026-01-13T03:44:31Z
MA,2007-11-21,16.5,16.79,16.1,16.36,26470990,180.92,184,176.5,179.29,2414900,2026-01-13T03:44:31Z
MA,2007-11-23,16.52,16.77,16.36,16.75,7201732,181.1,183.82,179.29,183.6,657000,2026-01-13T03:44:31Z
MA,2007-11-26,16.53,17.2,16.52,16.76,27743552,181.21,188.48,181.12,183.75,2531000,2026-01-13T03:44:31Z
MA,2007-11-27,16.77,17.11,16.38,16.83,33341700,183.86,187.59,179.5,184.49,3041700,2026-01-13T03:44:31Z
MA,2007-11-28,17.84,18.07,16.97,17.03,58097281,195.6,198.1,186,186.69,5300100,2026-01-13T03:44:31Z
MA,2007-11-29,18.04,18.52,17.7,17.79,42199589,197.74,202.99,194,195,3849800,2026-01-13T03:44:31Z
MA,2007-11-30,18.3,18.83,17.96,18.67,35501161,200.65,206.43,196.86,204.66,3238700,2026-01-13T03:44:31Z
MA,2007-12-03,18.42,18.66,17.98,18.25,29601511,201.88,204.49,197.05,200,2700500,2026-01-13T03:44:31Z
MA,2007-12-04,17.86,18.33,17.75,18.25,30409404,195.79,200.92,194.51,200,2774200,2026-01-13T03:44:31Z
MA,2007-12-05,18.25,18.47,17.92,18.25,31330267,200.07,202.5,196.44,200,2858200,2026-01-13T03:44:31Z
MA,2007-12-06,18.79,19,18.15,18.34,43045976,206.02,208.32,199,200.99,3927000,2026-01-13T03:44:31Z
MA,2007-12-07,19.12,19.32,18.66,18.85,38762194,209.6,211.75,204.5,206.62,3536200,2026-01-13T03:44:31Z
MA,2007-12-10,19.66,19.93,19.25,19.25,35981248,215.46,218.43,210.99,211,3282500,2026-01-13T03:44:31Z
MA,2007-12-11,19.84,20.73,19.62,20.01,95737007,217.5,227.18,215.04,219.33,8733900,2026-01-13T03:44:31Z
MA,2007-12-12,19.51,20.55,19.36,20.47,47477669,213.9,225.25,212.18,224.39,4331300,2026-01-13T03:44:31Z
MA,2007-12-13,20.36,20.52,19.3,19.43,52603339,223.2,224.88,211.55,213,4798900,2026-01-13T03:44:31Z
MA,2007-12-14,19.76,20.36,19.45,20.1,40318631,216.56,223.19,213.15,220.33,3678200,2026-01-13T03:44:31Z
MA,2007-12-17,18.7,19.76,18.43,19.76,45107750,204.93,216.57,202.03,216.57,4115100,2026-01-13T03:44:31Z
MA,2007-12-18,18.41,19.04,18.11,19.02,40622337,201.77,208.7,198.5,208.5,3705900,2026-01-13T03:44:31Z
MA,2007-12-19,19.37,19.43,18.02,18.23,48979358,212.34,213,197.5,199.77,4468300,2026-01-13T03:44:31Z
MA,2007-12-20,18.86,19.8,18.54,19.66,45057408,206.75,217,203.21,215.56,4110500,2026-01-13T03:44:31Z
MA,2007-12-21,19.37,19.37,18.57,19.14,55818291,212.35,212.35,203.56,209.77,5092200,2026-01-13T03:44:31Z
MA,2007-12-24,19.35,19.52,19.13,19.34,11537018,212.12,213.95,209.68,212,1052500,2026-01-13T03:44:31Z
MA,2007-12-26,19.11,19.23,18.88,19.06,13676679,209.48,210.75,207,208.9,1247700,2026-01-13T03:44:31Z
MA,2007-12-27,19.16,19.7,18.98,19.07,22104959,210.03,215.96,208.05,209,2016600,2026-01-13T03:44:31Z
MA,2007-12-28,19.16,19.47,19.02,19.26,10851920,210,213.47,208.51,211.15,990000,2026-01-13T03:44:31Z
MA,2007-12-31,19.63,19.83,19.17,19.17,14374947,215.2,217.41,210.13,210.13,1311400,2026-01-13T03:44:31Z
MA,2008-01-02,19.58,20.1,19.39,19.88,22102781,214.68,220.29,212.6,217.9,2016400,2026-01-13T03:44:31Z
MA,2008-01-03,19.35,19.62,18.71,19.57,31780785,212.12,215.05,205.13,214.56,2899300,2026-01-13T03:44:31Z
MA,2008-01-04,18.35,19.09,18.1,18.68,42120749,201.19,209.2,198.44,204.82,3842600,2026-01-13T03:44:31Z
MA,2008-01-07,18.29,18.43,17.1,18.4,48077150,200.51,201.99,187.44,201.71,4386000,2026-01-13T03:44:31Z
MA,2008-01-08,18.06,18.95,17.88,18.33,36517181,198,207.7,195.99,200.91,3331400,2026-01-13T03:44:31Z
MA,2008-01-09,17.95,18.28,17.32,17.99,42649729,196.58,200.21,189.65,197,3893800,2026-01-13T03:44:31Z
MA,2008-01-10,17.89,18.15,16.9,17.43,53822935,195.99,198.8,185.12,190.88,4913900,2026-01-13T03:44:31Z
MA,2008-01-11,16.36,17.3,16.09,17.3,125585932,179.17,189.51,176.25,189.5,11465700,2026-01-13T03:44:31Z
MA,2008-01-14,16.27,16.61,15.84,16.48,66945046,178.22,181.9,173.54,180.55,6111900,2026-01-13T03:44:31Z
MA,2008-01-15,15.98,16.57,15.75,15.86,52700444,175,181.46,172.54,173.75,4811400,2026-01-13T03:44:31Z
MA,2008-01-16,16.03,16.42,15.48,15.81,51219524,175.53,179.87,169.61,173.2,4676200,2026-01-13T03:44:31Z
MA,2008-01-17,16.15,16.41,15.91,15.91,47464609,176.88,179.69,174.28,174.28,4333400,2026-01-13T03:44:31Z
MA,2008-01-18,15.94,16.41,15.83,16.3,41861963,174.62,179.75,173.38,178.5,3821900,2026-01-13T03:44:31Z
MA,2008-01-22,16.63,16.88,14.68,14.97,57926239,182.17,184.92,160.82,164.01,5288500,2026-01-13T03:44:31Z
MA,2008-01-23,17.58,17.83,15.56,16.32,65478190,192.59,195.27,170.43,178.8,5978000,2026-01-13T03:44:31Z
MA,2008-01-24,17.51,17.72,16.88,17.72,34685571,191.78,194.09,184.93,194.05,3166700,2026-01-13T03:44:31Z
MA,2008-01-25,17.66,17.89,17.12,17.67,35029388,193.43,196,187.51,193.51,3198100,2026-01-13T03:44:31Z
MA,2008-01-28,17.26,17.7,16.82,17.38,36736005,189,193.82,184.29,190.4,3353900,2026-01-13T03:44:31Z
MA,2008-01-29,17.48,17.57,16.84,17.26,37190545,191.46,192.43,184.5,189.01,3395400,2026-01-13T03:44:31Z
MA,2008-01-30,17.26,18.05,17.16,17.35,40766790,189,197.71,188,190.05,3721900,2026-01-13T03:44:31Z
MA,2008-01-31,18.9,19.94,18.22,18.81,121463228,207,218.45,199.6,206.02,11089300,2026-01-13T03:44:31Z
MA,2008-02-01,19.67,19.84,19.14,19.23,49712225,215.42,217.35,209.66,210.67,4538600,2026-01-13T03:44:31Z
MA,2008-02-04,19.72,20.29,19.57,19.63,38703261,216,222.25,214.31,215,3533500,2026-01-13T03:44:31Z
MA,2008-02-05,18.88,19.72,18.8,19.52,43199422,206.78,215.99,205.88,213.76,3944000,2026-01-13T03:44:31Z
MA,2008-02-06,18.71,18.99,18.15,18.99,53990594,204.95,208,198.85,208,4929200,2026-01-13T03:44:31Z
MA,2008-02-07,18.34,18.73,17.82,18.44,42177590,200.88,205.1,195.16,202.01,3850700,2026-01-13T03:44:31Z
MA,2008-02-08,18.77,18.86,18.23,18.53,31998650,205.61,206.59,199.63,203,2921400,2026-01-13T03:44:31Z
MA,2008-02-11,18.82,19.17,18.51,18.91,24781655,206.11,209.93,202.76,207.08,2262500,2026-01-13T03:44:31Z
MA,2008-02-12,18.62,19.59,18.44,19.06,32134485,204,214.58,202,208.79,2933800,2026-01-13T03:44:31Z
MA,2008-02-13,18.69,18.9,18.51,18.84,23077272,204.76,207.03,202.72,206.4,2106900,2026-01-13T03:44:31Z
MA,2008-02-14,18.46,18.76,18,18.63,29466291,202.23,205.5,197.12,204.01,2690200,2026-01-13T03:44:31Z
MA,2008-02-15,18.81,18.89,18.06,18.31,32005229,206,206.96,197.83,200.59,2922000,2026-01-13T03:44:31Z
MA,2008-02-19,18.64,19.12,18.39,19.08,19741008,204.2,209.45,201.41,209,1802300,2026-01-13T03:44:31Z
MA,2008-02-20,19.01,19.12,18.2,18.3,25771881,208.22,209.4,199.34,200.5,2352900,2026-01-13T03:44:31Z
MA,2008-02-21,18.67,19.21,18.42,18.83,24596527,204.48,210.45,201.73,206.25,2245600,2026-01-13T03:44:31Z
MA,2008-02-22,18.58,18.76,18.08,18.73,54497702,203.48,205.47,198,205.1,4975500,2026-01-13T03:44:31Z
MA,2008-02-25,18.12,18.44,17.33,18.38,78445687,198.45,202,189.84,201.35,7161900,2026-01-13T03:44:31Z
MA,2008-02-26,17.88,18.35,17.61,18.12,33718439,195.88,200.99,192.91,198.5,3078400,2026-01-13T03:44:31Z
MA,2008-02-27,17.46,17.91,17.23,17.71,35134526,191.19,196.22,188.75,194,3207700,2026-01-13T03:44:31Z
MA,2008-02-28,17.78,18,17.09,17.28,32207931,194.7,197.15,187.25,189.25,2940500,2026-01-13T03:44:31Z
MA,2008-02-29,17.35,17.69,17.31,17.59,22651254,190,193.79,189.62,192.65,2068000,2026-01-13T03:44:31Z
MA,2008-03-03,17.21,17.89,16.95,17.19,31441272,188.56,195.9,185.7,188.3,2870500,2026-01-13T03:44:31Z
MA,2008-03-04,17.57,17.66,16.89,17.16,38995655,192.47,193.42,185.01,188,3560200,2026-01-13T03:44:31Z
MA,2008-03-05,17.44,17.78,17.34,17.6,24709361,191,194.79,189.87,192.75,2255900,2026-01-13T03:44:31Z
MA,2008-03-06,17.35,17.46,17.26,17.35,26692972,189.99,191.2,189.03,190,2437000,2026-01-13T03:44:31Z
MA,2008-03-07,17.58,17.67,17.02,17.13,50395629,192.51,193.55,186.38,187.58,4601000,2026-01-13T03:44:31Z
MA,2008-03-10,17.48,17.89,17.34,17.54,36603352,191.5,195.96,189.92,192.12,3341800,2026-01-13T03:44:31Z
MA,2008-03-11,17.88,17.98,16.76,17.79,68841983,195.84,196.99,183.58,194.9,6285100,2026-01-13T03:44:31Z
MA,2008-03-12,18.62,18.94,17.73,17.8,42528136,203.9,207.5,194.2,195,3882700,2026-01-13T03:44:31Z
MA,2008-03-13,19.15,19.44,17.94,18.17,61696141,209.72,212.91,196.49,198.99,5632700,2026-01-13T03:44:31Z
MA,2008-03-14,19.05,19.67,18.62,19.45,47517241,208.65,215.4,204,213,4338200,2026-01-13T03:44:31Z
MA,2008-03-17,18.4,18.88,17.62,18.43,47322145,201.52,206.75,193.03,201.9,4320400,2026-01-13T03:44:31Z
MA,2008-03-18,19.2,19.67,18.3,18.72,50178812,210.25,215.44,200.5,205,4581200,2026-01-13T03:44:31Z
MA,2008-03-19,19.03,20.09,18.92,19.65,103180194,208.39,220,207.27,215.2,9420100,2026-01-13T03:44:31Z
MA,2008-03-20,20.12,20.31,18.48,18.89,63703960,220.38,222.46,202.37,206.9,5816000,2026-01-13T03:44:31Z
MA,2008-03-24,19.77,21.03,19.61,20.3,60464985,216.5,230.35,214.75,222.3,5520300,2026-01-13T03:44:31Z
MA,2008-03-25,20.54,21,19.68,19.92,47869900,224.98,230,215.57,218.16,4370400,2026-01-13T03:44:31Z
MA,2008-03-26,20.35,20.77,20.19,20.48,21514329,222.85,227.45,221.1,224.3,1964200,2026-01-13T03:44:31Z
MA,2008-03-27,20.15,20.68,20.09,20.54,21422335,220.7,226.5,220.05,224.93,1955800,2026-01-13T03:44:31Z
MA,2008-03-28,19.87,20.33,19.68,20.31,18906356,217.6,222.63,215.5,222.45,1726100,2026-01-13T03:44:31Z
MA,2008-03-31,20.36,20.36,19.61,19.9,19957858,222.99,222.99,214.77,218,1822100,2026-01-13T03:44:31Z
MA,2008-04-01,20.96,21.34,20.5,20.7,42871938,229.6,233.75,224.5,226.74,3914100,2026-01-13T03:44:31Z
MA,2008-04-02,20.43,21,20.39,20.94,24031344,223.75,230,223.34,229.37,2194000,2026-01-13T03:44:31Z
MA,2008-04-03,21.11,21.11,20.27,20.27,27423594,231.25,231.25,222,222,2503700,2026-01-13T03:44:31Z
MA,2008-04-04,20.69,21.26,20.57,21.18,21386100,226.57,232.85,225.28,231.97,1952500,2026-01-13T03:44:31Z
MA,2008-04-07,20.67,21.27,20.58,20.92,21587648,226.25,232.82,225.24,228.94,1972200,2026-01-13T03:44:31Z
MA,2008-04-08,21.15,21.27,20.58,20.67,25820442,231.47,232.8,225.28,226.25,2358900,2026-01-13T03:44:31Z
MA,2008-04-09,20.9,21.58,20.72,21.2,24162136,228.75,236.19,226.81,232,2207400,2026-01-13T03:44:31Z
MA,2008-04-10,20.91,21.23,20.65,21.12,21598621,228.92,232.37,226.03,231.21,1973200,2026-01-13T03:44:31Z
MA,2008-04-11,20.88,21.1,20.59,20.62,17637241,228.6,230.98,225.35,225.75,1611300,2026-01-13T03:44:31Z
MA,2008-04-14,20.75,21.01,20.29,20.79,25760197,227.1,230,222.05,227.52,2353400,2026-01-13T03:44:31Z
MA,2008-04-15,20.53,20.97,20.09,20.84,28381773,224.68,229.5,219.85,228.1,2592900,2026-01-13T03:44:31Z
MA,2008-04-16,21.06,21.18,20.39,20.7,25282927,230.47,231.86,223.13,226.57,2309800,2026-01-13T03:44:31Z
MA,2008-04-17,21.06,21.18,20.78,21.01,11522810,230.5,231.79,227.45,230,1052700,2026-01-13T03:44:31Z
MA,2008-04-18,21.35,21.86,21.2,21.51,30902574,233.71,239.22,232,235.4,2823200,2026-01-13T03:44:31Z
MA,2008-04-21,21.56,21.78,21.11,21.44,19368847,236,238.44,231.02,234.67,1769500,2026-01-13T03:44:31Z
MA,2008-04-22,21.43,21.83,21.38,21.63,12569240,234.62,238.98,233.98,236.72,1148300,2026-01-13T03:44:31Z
MA,2008-04-23,21.37,21.68,21.15,21.35,15907740,233.94,237.26,231.5,233.72,1453300,2026-01-13T03:44:31Z
MA,2008-04-24,21.88,22.04,21.15,21.43,18529309,239.55,241.26,231.51,234.62,1692800,2026-01-13T03:44:31Z
MA,2008-04-25,21.69,22.41,21.63,22.38,22203934,237.39,245.25,236.76,245,2028500,2026-01-13T03:44:31Z
MA,2008-04-28,22.15,22.15,21.52,21.86,30291839,242.5,242.5,235.57,239.31,2767400,2026-01-13T03:44:31Z
MA,2008-04-29,25.03,25.46,23.57,23.85,143749157,273.98,278.72,258,261.06,13132600,2026-01-13T03:44:31Z
MA,2008-04-30,25.41,25.85,25.12,25.25,47844818,278.16,282.96,275,276.39,4371000,2026-01-13T03:44:31Z
MA,2008-05-01,26.85,27.19,25.27,25.53,59851506,293.94,297.65,276.62,279.49,5467900,2026-01-13T03:44:31Z
MA,2008-05-02,26.04,27.26,25.75,27.23,48926171,285.04,298.4,281.85,298.08,4469800,2026-01-13T03:44:31Z
MA,2008-05-05,26.57,26.86,25.77,25.77,23598377,290.8,294,282.02,282.12,2155900,2026-01-13T03:44:31Z
MA,2008-05-06,27.04,27.54,26.41,26.58,39690002,296.02,301.43,289.05,290.94,3626000,2026-01-13T03:44:31Z
MA,2008-05-07,26.59,27.49,26.59,27.05,31538552,291.01,300.94,291.01,296.05,2881300,2026-01-13T03:44:31Z
MA,2008-05-08,26.81,26.86,26.22,26.86,24321943,293.41,294.05,287,294.05,2222000,2026-01-13T03:44:31Z
MA,2008-05-09,26.21,26.99,26.07,26.68,20046443,286.85,295.41,285.35,291.99,1831400,2026-01-13T03:44:31Z
MA,2008-05-12,26.52,26.77,25.79,26.18,25403427,290.26,292.98,282.3,286.56,2320800,2026-01-13T03:44:31Z
MA,2008-05-13,26.38,26.74,26.18,26.66,14149822,288.8,292.7,286.61,291.86,1292700,2026-01-13T03:44:31Z
MA,2008-05-14,26.17,26.97,26.08,26.68,26312978,286.46,295.2,285.5,292,2403900,2026-01-13T03:44:31Z
MA,2008-05-15,26.2,26.37,25.97,26.28,17911973,286.77,288.68,284.25,287.65,1636400,2026-01-13T03:44:31Z
MA,2008-05-16,25.89,26.38,25.64,26.31,21678500,283.4,288.8,280.6,288,1980500,2026-01-13T03:44:31Z
MA,2008-05-19,25.58,26.12,25.4,25.9,21872229,280,285.91,278.01,283.51,1998200,2026-01-13T03:44:31Z
MA,2008-05-20,25.37,25.5,24.96,25.42,20910086,277.65,279.14,273.21,278.23,1910300,2026-01-13T03:44:31Z
MA,2008-05-21,25.46,26.13,25.23,25.34,31311987,278.65,286.05,276.19,277.4,2860600,2026-01-13T03:44:31Z
MA,2008-05-22,25.21,25.81,24.87,25.24,23513059,275.9,282.5,272.26,276.3,2148100,2026-01-13T03:44:31Z
MA,2008-05-23,24.96,25.17,24.71,24.88,13744846,273.22,275.5,270.45,272.33,1255700,2026-01-13T03:44:31Z
MA,2008-05-27,25.47,25.53,24.93,25.03,15691053,278.76,279.41,272.83,274.01,1433500,2026-01-13T03:44:31Z
MA,2008-05-28,26.21,26.21,25.43,25.77,34328679,286.89,286.89,278.31,282.1,3136200,2026-01-13T03:44:31Z
MA,2008-05-29,28.23,28.96,26.91,26.92,142328091,309,316.96,294.52,294.65,13002800,2026-01-13T03:44:31Z
MA,2008-05-30,28.2,29.26,27.83,28.41,65893622,308.65,320.3,304.6,310.99,6019900,2026-01-13T03:44:31Z
MA,2008-06-02,29.23,29.23,27.64,28.25,55430397,320,320,302.57,309.26,5064000,2026-01-13T03:44:31Z
MA,2008-06-03,28.08,28.69,27.62,28.67,102805618,307.4,313.99,302.35,313.87,9392100,2026-01-13T03:44:31Z
MA,2008-06-04,27.17,28.28,26.91,28.09,72424054,297.4,309.6,294.54,307.45,6616500,2026-01-13T03:44:31Z
MA,2008-06-05,27.97,27.97,26.99,27.36,50310981,306.16,306.16,295.44,299.51,4596300,2026-01-13T03:44:31Z
MA,2008-06-06,27.02,27.63,26.93,27.62,32163579,295.73,302.42,294.81,302.28,2938400,2026-01-13T03:44:31Z
MA,2008-06-09,26.62,27.3,25.25,27.14,60362574,291.4,298.86,276.41,297.1,5514600,2026-01-13T03:44:31Z
MA,2008-06-10,26.13,26.99,25.89,26.06,28666405,286.05,295.41,283.37,285.24,2618900,2026-01-13T03:44:31Z
MA,2008-06-11,25.51,26.31,25.32,26.23,25809521,279.21,288.02,277.16,287.1,2357900,2026-01-13T03:44:31Z
MA,2008-06-12,25.98,26.46,25.75,25.78,34258653,284.4,289.68,281.87,282.2,3129800,2026-01-13T03:44:31Z
MA,2008-06-13,26.72,26.84,26.15,26.22,23465978,292.46,293.73,286.2,286.99,2143800,2026-01-13T03:44:31Z
MA,2008-06-16,26.9,27.32,26.4,26.63,18685822,294.47,299,289,291.51,1707100,2026-01-13T03:44:31Z
MA,2008-06-17,26.7,27.39,26.52,27.32,17190626,292.21,299.84,290.33,299.08,1570500,2026-01-13T03:44:31Z
MA,2008-06-18,26.78,26.93,26.08,26.58,20733828,293.09,294.81,285.44,290.98,1894200,2026-01-13T03:44:31Z
MA,2008-06-19,26.73,27.21,26.36,26.77,26444368,292.6,297.8,288.58,293.01,2415900,2026-01-13T03:44:31Z
MA,2008-06-20,25.95,26.9,25.86,26.6,29480706,284.01,294.47,283.01,291.17,2693300,2026-01-13T03:44:31Z
MA,2008-06-23,25.81,26.42,25.58,26.22,20213932,282.52,289.22,280,286.98,1846700,2026-01-13T03:44:31Z
MA,2008-06-24,25.61,25.92,25.14,25.69,36830990,280.37,283.75,275.2,281.22,3364800,2026-01-13T03:44:31Z
MA,2008-06-25,26.47,26.96,26.27,26.62,42357592,289.79,295.16,287.5,291.41,3869700,2026-01-13T03:44:31Z
MA,2008-06-26,25.19,26.12,24.48,26.08,52159722,275.73,285.94,268.01,285.51,4765200,2026-01-13T03:44:31Z
MA,2008-06-27,24.82,25.39,24.4,25.12,43580196,271.72,277.97,267.04,275.01,3981400,2026-01-13T03:44:31Z
MA,2008-06-30,24.26,25.26,24.25,24.94,30647658,265.52,276.5,265.4,273,2799900,2026-01-13T03:44:31Z
MA,2008-07-01,24.06,24.74,23.62,23.98,46549895,263.35,270.78,258.5,262.5,4252700,2026-01-13T03:44:31Z
MA,2008-07-02,23.34,24.61,22.93,24.38,44552306,255.49,269.38,251,266.85,4070200,2026-01-13T03:44:31Z
MA,2008-07-03,23.18,23.73,22.89,23.7,17284733,253.74,259.8,250.5,259.44,1579100,2026-01-13T03:44:31Z
MA,2008-07-07,22.48,23.67,22.23,23.46,44200845,246.1,259.11,243.34,256.79,4038100,2026-01-13T03:44:31Z
MA,2008-07-08,24.14,24.21,21.69,22.65,72721759,264.25,264.99,237.42,247.96,6643700,2026-01-13T03:44:31Z
MA,2008-07-09,22.97,24.21,22.82,23.99,37327527,251.25,264.9,249.65,262.44,3412100,2026-01-13T03:44:31Z
MA,2008-07-10,23.14,23.59,22.4,23.04,41951665,253.2,258.01,245.03,252,3834800,2026-01-13T03:44:31Z
MA,2008-07-11,23.52,23.86,23.15,23.37,58071484,257.35,260.98,253.25,255.69,5308300,2026-01-13T03:44:31Z
MA,2008-07-14,23.54,24.07,23.15,24.04,33761182,257.5,263.37,253.23,263,3086100,2026-01-13T03:44:31Z
MA,2008-07-15,22.89,23.68,22.18,23.31,52127830,250.37,259,242.7,255,4765000,2026-01-13T03:44:31Z
MA,2008-07-16,24.79,24.79,22.93,23.11,76226081,271.2,271.2,250.82,252.87,6967800,2026-01-13T03:44:31Z
MA,2008-07-17,26.14,26.6,24.95,25.13,195516250,286,290.96,273,274.95,17872100,2026-01-13T03:44:31Z
MA,2008-07-18,25.67,26.34,25.5,26,49229867,280.86,288.16,279,284.44,4500100,2026-01-13T03:44:31Z
MA,2008-07-21,24.49,26.02,24.38,25.97,51860929,267.9,284.65,266.73,284.14,4740600,2026-01-13T03:44:31Z
MA,2008-07-22,25.03,25.13,23.27,23.68,64025887,273.85,274.87,254.53,259,5852600,2026-01-13T03:44:31Z
MA,2008-07-23,24.77,25.28,24.51,25.09,36782641,271,276.52,268.11,274.51,3362300,2026-01-13T03:44:31Z
MA,2008-07-24,23.63,25.03,23.49,24.69,39890699,258.48,273.84,257,270.13,3646400,2026-01-13T03:44:31Z
MA,2008-07-25,24.09,24.26,23.31,23.68,38317638,263.55,265.43,255,259.07,3502600,2026-01-13T03:44:31Z
MA,2008-07-28,23.19,24.63,23.09,24.21,37113033,253.7,269.47,252.6,264.9,3392500,2026-01-13T03:44:31Z
MA,2008-07-29,23.96,24.09,23.31,23.31,36721457,262.1,263.53,255.03,255.03,3356700,2026-01-13T03:44:31Z
MA,2008-07-30,24.75,24.86,23.87,24.5,43215234,270.73,272,261.15,267.99,3950300,2026-01-13T03:44:31Z
MA,2008-07-31,22.32,23.68,21.71,22.51,175656241,244.15,259,237.48,246.3,16056700,2026-01-13T03:44:31Z
MA,2008-08-01,21.69,22.18,20.61,21.98,121512155,237.27,242.65,225.49,240.47,11107400,2026-01-13T03:44:31Z
MA,2008-08-04,21.11,21.94,20.94,21.3,45415372,230.92,240,229.12,232.99,4151400,2026-01-13T03:44:31Z
MA,2008-08-05,21.67,21.67,21.07,21.28,40566725,237.11,237.11,230.5,232.81,3708200,2026-01-13T03:44:31Z
MA,2008-08-06,21.21,21.56,20.75,21.4,49401647,232,235.85,227.02,234.1,4515800,2026-01-13T03:44:31Z
MA,2008-08-07,20.57,20.97,20.57,20.75,37958741,225,229.38,225,227,3469800,2026-01-13T03:44:31Z
MA,2008-08-08,21.22,21.49,20.2,20.56,40998803,232.13,235.1,221,224.95,3747700,2026-01-13T03:44:31Z
MA,2008-08-11,21.5,21.97,21.21,21.26,37129520,235.15,240.35,232.01,232.57,3394000,2026-01-13T03:44:31Z
MA,2008-08-12,21.11,21.42,20.91,21.3,25333230,230.92,234.32,228.78,233,2315700,2026-01-13T03:44:31Z
MA,2008-08-13,21.34,21.68,20.83,20.92,25991729,233.5,237.15,227.91,228.81,2375900,2026-01-13T03:44:31Z
MA,2008-08-14,21.56,21.72,21.12,21.21,19931162,235.88,237.65,231,232.03,1821900,2026-01-13T03:44:31Z
MA,2008-08-15,21.84,21.94,21.55,21.66,23053298,238.95,240,235.8,236.91,2107300,2026-01-13T03:44:31Z
MA,2008-08-18,21.75,22.39,21.61,21.99,28621667,237.91,244.9,236.4,240.55,2616300,2026-01-13T03:44:31Z
MA,2008-08-19,21.81,22.2,21.32,21.85,26043203,238.57,242.91,233.2,239,2380600,2026-01-13T03:44:31Z
MA,2008-08-20,22.24,22.3,21.81,21.9,20473765,243.32,243.99,238.56,239.57,1871500,2026-01-13T03:44:31Z
MA,2008-08-21,22.05,22.19,21.72,22.19,16572642,241.26,242.73,237.6,242.73,1514900,2026-01-13T03:44:31Z
MA,2008-08-22,22.09,22.37,21.96,22.27,15903083,241.64,244.69,240.25,243.57,1453700,2026-01-13T03:44:31Z
MA,2008-08-25,21.41,22.2,21.41,21.94,13755620,234.2,242.84,234.2,240.04,1257400,2026-01-13T03:44:31Z
MA,2008-08-26,21.64,21.72,21.17,21.48,16974085,236.75,237.63,231.57,235.01,1551600,2026-01-13T03:44:31Z
MA,2008-08-27,21.66,21.69,21.24,21.64,18727735,236.97,237.26,232.32,236.76,1711900,2026-01-13T03:44:31Z
MA,2008-08-28,22.16,22.16,21.62,21.71,20921215,242.48,242.48,236.57,237.5,1912400,2026-01-13T03:44:31Z
MA,2008-08-29,22.17,22.25,21.9,22.03,14338754,242.55,243.4,239.63,241,1310700,2026-01-13T03:44:31Z
MA,2008-09-02,21.87,22.67,21.63,22.49,21145459,239.2,248,236.63,245.99,1932900,2026-01-13T03:44:31Z
MA,2008-09-03,20.99,21.94,20.46,21.85,41219930,229.63,240.02,223.85,239,3767900,2026-01-13T03:44:31Z
MA,2008-09-04,19.75,20.75,19.63,20.64,42640855,216.03,227.04,214.7,225.81,3897800,2026-01-13T03:44:31Z
MA,2008-09-05,20.24,20.27,19.01,19.46,59831617,221.44,221.69,207.93,212.94,5469200,2026-01-13T03:44:31Z
MA,2008-09-08,20.06,21.12,19.32,21.06,47789244,219.41,231,211.4,230.36,4368400,2026-01-13T03:44:31Z
MA,2008-09-09,18.89,20.32,18.87,20.2,46667877,206.7,222.3,206.43,221.03,4265900,2026-01-13T03:44:31Z
MA,2008-09-10,19.5,19.79,18.8,18.94,35837583,213.32,216.5,205.7,207.2,3275900,2026-01-13T03:44:31Z
MA,2008-09-11,20.62,20.64,18.76,18.99,43714238,225.6,225.8,205.2,207.78,3995900,2026-01-13T03:44:31Z
MA,2008-09-12,20.46,20.64,20.02,20.2,22161783,223.82,225.81,219.05,221,2025800,2026-01-13T03:44:31Z
MA,2008-09-15,19.36,19.91,19.2,19.54,42106104,211.77,217.79,210.08,213.78,3848900,2026-01-13T03:44:31Z
MA,2008-09-16,19.64,19.93,18.46,18.84,39607429,214.81,218.08,201.92,206.13,3620500,2026-01-13T03:44:31Z
MA,2008-09-17,17.92,19.47,17.25,19.2,82941968,196,213,188.75,210.03,7581700,2026-01-13T03:44:31Z
MA,2008-09-18,19.06,19.57,16.64,18.14,76455636,208.53,214.13,182.07,198.5,6988800,2026-01-13T03:44:31Z
MA,2008-09-19,20.58,21.85,19.65,20.22,89552576,225.18,239,215,221.23,8186000,2026-01-13T03:44:31Z
MA,2008-09-22,18.5,20.59,18.5,20.57,51515309,202.38,225.25,202.38,225,4709000,2026-01-13T03:44:31Z
MA,2008-09-23,18.1,19,18.01,18.71,38510177,198,207.85,197,204.73,3520200,2026-01-13T03:44:31Z
MA,2008-09-24,17.77,18.53,17.65,18.28,33010676,194.35,202.76,193.07,200.02,3017500,2026-01-13T03:44:31Z
MA,2008-09-25,17.4,18.1,17.23,17.93,48221218,190.36,198,188.51,196.19,4407900,2026-01-13T03:44:31Z
MA,2008-09-26,16.92,17,16.3,16.73,52937467,185.07,186,178.28,183,4839000,2026-01-13T03:44:31Z
MA,2008-09-29,15.36,16.57,13.77,16.45,101724240,168.03,181.25,150.6,179.99,9298600,2026-01-13T03:44:31Z
MA,2008-09-30,16.21,16.62,15.34,15.4,49856797,177.33,181.84,167.8,168.43,4557400,2026-01-13T03:44:31Z
MA,2008-10-01,15.66,16.2,14.93,16.2,43241414,171.34,177.23,163.34,177.23,3952700,2026-01-13T03:44:31Z
MA,2008-10-02,14.64,15.52,14.4,15.29,41259398,160.13,169.79,157.59,167.26,3771500,2026-01-13T03:44:31Z
MA,2008-10-03,14.64,15.71,14.64,14.81,45855197,160.2,171.84,160.2,162.05,4191600,2026-01-13T03:44:31Z
MA,2008-10-06,15.3,15.62,13.53,13.82,59341610,167.41,170.9,148,151.16,5424400,2026-01-13T03:44:31Z
MA,2008-10-07,14.51,15.68,14.19,15.37,51322851,158.7,171.48,155.28,168.18,4691400,2026-01-13T03:44:31Z
MA,2008-10-08,14.96,15.95,13.71,13.84,85949957,163.54,174.33,149.85,151.22,7864100,2026-01-13T03:44:31Z
MA,2008-10-09,14.25,15.75,14.18,15.49,50532001,155.7,172.13,154.98,169.31,4623500,2026-01-13T03:44:31Z
MA,2008-10-10,13.88,14.78,12.81,13.46,77911367,151.71,161.53,140,147.15,7128600,2026-01-13T03:44:31Z
MA,2008-10-13,15.88,16.29,14.33,14.67,47413816,173.6,178,156.65,160.3,4338200,2026-01-13T03:44:31Z
MA,2008-10-14,15.93,16.86,15.12,16.82,46293561,174.07,184.3,165.24,183.88,4235700,2026-01-13T03:44:31Z
MA,2008-10-15,14.05,15.71,13.72,15.6,55807545,153.55,171.76,150,170.48,5106200,2026-01-13T03:44:31Z
MA,2008-10-16,14.34,14.46,13.15,14.25,61752393,156.68,158,143.72,155.71,5650100,2026-01-13T03:44:31Z
MA,2008-10-17,14.34,15.3,13.68,13.71,43353801,156.75,167.25,149.5,149.79,3966700,2026-01-13T03:44:31Z
MA,2008-10-20,13.74,14.8,13.5,14.72,43194270,150.14,161.79,147.5,160.9,3952100,2026-01-13T03:44:31Z
MA,2008-10-21,13.7,14.35,13.31,13.71,38901070,149.78,156.85,145.47,149.9,3559300,2026-01-13T03:44:31Z
MA,2008-10-22,12.89,13.71,12.35,13.36,44802814,140.93,149.87,134.96,146,4099300,2026-01-13T03:44:31Z
MA,2008-10-23,12.44,13.16,11.95,12.9,54791274,136,143.8,130.56,141,5013200,2026-01-13T03:44:31Z
MA,2008-10-24,11.95,12.67,10.98,11.07,58004762,130.62,138.46,120.02,121.01,5307200,2026-01-13T03:44:31Z
MA,2008-10-27,11.56,12.32,11.53,11.68,35177248,126.35,134.66,126,127.63,3218600,2026-01-13T03:44:31Z
MA,2008-10-28,12.44,12.54,11.3,11.98,46817236,136.01,137,123.5,130.96,4283600,2026-01-13T03:44:31Z
MA,2008-10-29,12.42,13.2,12.12,12.42,55436089,135.73,144.31,132.46,135.74,5072200,2026-01-13T03:44:31Z
MA,2008-10-30,12.81,13.11,12.53,12.67,42292325,140.06,143.26,136.98,138.52,3869600,2026-01-13T03:44:31Z
MA,2008-10-31,13.53,13.61,12.68,12.94,35016672,147.82,148.71,138.54,141.43,3203900,2026-01-13T03:44:31Z
MA,2008-11-03,13.17,13.68,13,13.68,34527088,143.89,149.49,142.13,149.49,3159100,2026-01-13T03:44:31Z
MA,2008-11-04,15.58,15.73,14.24,14.55,129345373,170.24,171.97,155.61,159.01,11834600,2026-01-13T03:44:31Z
MA,2008-11-05,14.26,15.46,14.11,15.36,77172666,155.87,169,154.2,167.87,7061000,2026-01-13T03:44:31Z
MA,2008-11-06,13.11,14.24,12.68,14.01,101349606,143.3,155.67,138.55,153.13,9273100,2026-01-13T03:44:31Z
MA,2008-11-07,13.52,13.88,12.99,13.2,33458304,147.73,151.71,142,144.26,3061300,2026-01-13T03:44:31Z
MA,2008-11-10,13.07,14.05,12.84,13.77,27643838,142.85,153.6,140.33,150.5,2529300,2026-01-13T03:44:31Z
MA,2008-11-11,12.95,13.51,12.57,12.61,34459385,141.5,147.69,137.39,137.8,3152900,2026-01-13T03:44:31Z
MA,2008-11-12,12.49,13.34,12.49,12.65,51029387,136.47,145.81,136.47,138.27,4669000,2026-01-13T03:44:31Z
MA,2008-11-13,13.45,13.61,11.72,12.63,48481890,146.99,148.79,128.09,138.05,4435900,2026-01-13T03:44:31Z
MA,2008-11-14,13.15,13.83,12.95,13.22,40212518,143.68,151.2,141.58,144.45,3679300,2026-01-13T03:44:31Z
MA,2008-11-17,12.42,13.32,12.35,12.94,40588555,135.74,145.56,135,141.39,3713700,2026-01-13T03:44:31Z
MA,2008-11-18,12.94,13.06,12.35,12.53,42363388,141.4,142.7,134.93,136.99,3876100,2026-01-13T03:44:31Z
MA,2008-11-19,11.85,13.29,11.8,12.69,59530433,129.54,145.26,128.94,138.65,5446800,2026-01-13T03:44:31Z
MA,2008-11-20,11.08,11.93,11.01,11.49,62295349,121.09,130.39,120.33,125.61,5699800,2026-01-13T03:44:31Z
MA,2008-11-21,11.58,11.65,10.34,11.35,78183773,126.54,127.36,113.05,124,7153500,2026-01-13T03:44:31Z
MA,2008-11-24,12.03,12.38,11.19,11.74,56937908,131.47,135.34,122.3,128.33,5209600,2026-01-13T03:44:31Z
MA,2008-11-25,12.72,12.8,11.93,12.27,46292494,139.06,139.87,130.35,134.05,4235600,2026-01-13T03:44:31Z
MA,2008-11-26,13.32,13.48,12.42,12.43,32882209,145.56,147.31,135.72,135.8,3008600,2026-01-13T03:44:31Z
MA,2008-11-28,13.29,13.62,13.05,13.25,12395047,145.3,148.8,142.62,144.79,1134100,2026-01-13T03:44:31Z
MA,2008-12-01,11.99,12.96,11.9,12.85,42017001,130.99,141.59,130.07,140.48,3844400,2026-01-13T03:44:31Z
MA,2008-12-02,12.26,12.37,11.72,12.11,27174778,133.97,135.19,128.07,132.39,2486400,2026-01-13T03:44:31Z
MA,2008-12-03,12.62,12.68,11.8,11.95,34551120,137.94,138.56,129.02,130.57,3161300,2026-01-13T03:44:31Z
MA,2008-12-04,12.19,12.86,12.06,12.32,30677772,133.27,140.59,131.84,134.61,2806900,2026-01-13T03:44:31Z
MA,2008-12-05,12.82,12.84,11.68,11.97,43554633,140.12,140.34,127.66,130.82,3985100,2026-01-13T03:44:31Z
MA,2008-12-08,13.48,13.86,12.91,13.17,51021753,147.3,151.5,141.1,143.94,4668300,2026-01-13T03:44:31Z
MA,2008-12-09,13.1,13.76,13.02,13.27,27845902,143.21,150.4,142.28,145,2547800,2026-01-13T03:44:31Z
MA,2008-12-10,13.27,13.28,12.64,12.97,26279679,145,145.17,138.17,141.77,2404500,2026-01-13T03:44:31Z
MA,2008-12-11,12.66,13.38,12.6,13.03,30140087,138.36,146.25,137.7,142.38,2757700,2026-01-13T03:44:31Z
MA,2008-12-12,12.7,12.78,12.09,12.09,19875123,138.81,139.67,132.1,132.1,1818500,2026-01-13T03:44:31Z
MA,2008-12-15,12.74,12.94,12.35,12.62,18387656,139.29,141.4,135,137.91,1682400,2026-01-13T03:44:31Z
MA,2008-12-16,13.55,13.56,12.84,12.85,29364034,148.1,148.25,140.35,140.41,2686700,2026-01-13T03:44:31Z
MA,2008-12-17,13.6,13.89,13.37,13.47,25493871,148.68,151.84,146.1,147.25,2332600,2026-01-13T03:44:31Z
MA,2008-12-18,13.62,14.46,13.59,13.64,40772033,148.81,158,148.51,149.11,3730500,2026-01-13T03:44:31Z
MA,2008-12-19,13.94,14.04,13.45,13.79,30709539,152.34,153.49,146.97,150.75,2809800,2026-01-13T03:44:31Z
MA,2008-12-22,13.29,14,13.03,14,21342879,145.2,152.98,142.41,152.98,1952800,2026-01-13T03:44:31Z
MA,2008-12-23,12.96,13.27,12.82,13.23,16410507,141.62,144.99,140.14,144.61,1501500,2026-01-13T03:44:31Z
MA,2008-12-24,13.01,13.08,12.81,12.94,3423094,142.23,142.99,140.01,141.4,313200,2026-01-13T03:44:31Z
MA,2008-12-26,12.89,13.06,12.74,13.06,7722701,140.93,142.77,139.21,142.77,706600,2026-01-13T03:44:31Z
MA,2008-12-29,12.75,12.98,12.44,12.81,19465260,139.34,141.83,136.01,140.02,1781000,2026-01-13T03:44:31Z
MA,2008-12-30,12.73,12.8,12.36,12.75,19740721,139.09,139.9,135.08,139.35,1806200,2026-01-13T03:44:31Z
MA,2008-12-31,13.08,13.26,12.58,12.76,21100254,142.93,144.91,137.54,139.48,1930600,2026-01-13T03:44:31Z
MA,2009-01-02,13.7,13.79,13.06,13.19,24394457,149.78,150.7,142.73,144.1,2232000,2026-01-13T03:44:31Z
MA,2009-01-05,14.02,14.35,13.64,13.68,27016436,153.26,156.84,149.03,149.55,2471900,2026-01-13T03:44:31Z
MA,2009-01-06,14.82,15.1,14.21,14.3,47385619,162.02,165,155.29,156.26,4335600,2026-01-13T03:44:31Z
MA,2009-01-07,13.93,14.71,13.66,14.48,43170596,152.07,160.61,149.11,158.1,3953600,2026-01-13T03:44:31Z
MA,2009-01-08,13.99,14.01,13.59,13.82,24939571,152.78,152.96,148.36,150.96,2284000,2026-01-13T03:44:31Z
MA,2009-01-09,13.74,14.07,13.49,14.06,21876828,150.04,153.65,147.29,153.5,2003500,2026-01-13T03:44:31Z
MA,2009-01-12,13.56,13.89,13.36,13.53,22587573,148.04,151.62,145.89,147.73,2068600,2026-01-13T03:44:31Z
MA,2009-01-13,13.78,13.86,13.32,13.41,21080707,150.44,151.31,145.5,146.38,1930600,2026-01-13T03:44:31Z
MA,2009-01-14,13.31,13.6,12.74,13.52,52901880,145.3,148.5,139.07,147.57,4844800,2026-01-13T03:44:31Z
MA,2009-01-15,11.93,13.26,11.77,13.19,87894904,130.3,144.75,128.56,144.02,8049500,2026-01-13T03:44:31Z
MA,2009-01-16,11.74,12,11,11.9,77852492,128.22,131,120.16,129.95,7129800,2026-01-13T03:44:31Z
MA,2009-01-20,10.91,11.67,10.72,11.56,60720145,119.18,127.4,117.06,126.19,5560800,2026-01-13T03:44:31Z
MA,2009-01-21,12.1,12.12,11.08,11.08,57876393,132.1,132.38,121,121,5300400,2026-01-13T03:44:31Z
MA,2009-01-22,11.8,12.04,11.49,11.73,24579357,128.85,131.5,125.43,128.04,2251000,2026-01-13T03:44:31Z
MA,2009-01-23,11.49,11.68,11,11.16,37546117,125.45,127.55,120.14,121.89,3438500,2026-01-13T03:44:31Z
MA,2009-01-26,11.28,11.78,11.13,11.4,26078442,123.12,128.67,121.56,124.44,2388300,2026-01-13T03:44:31Z
MA,2009-01-27,11.61,11.86,11.49,11.54,23768046,126.76,129.49,125.46,126.01,2176700,2026-01-13T03:44:31Z
MA,2009-01-28,12.24,12.37,12.03,12.14,29854486,133.66,135.05,131.33,132.56,2734100,2026-01-13T03:44:31Z
MA,2009-01-29,11.82,12.1,11.77,11.98,19412310,129.09,132.13,128.5,130.78,1777800,2026-01-13T03:44:31Z
MA,2009-01-30,12.43,12.78,12.1,12.12,40769268,135.78,139.55,132.13,132.36,3733700,2026-01-13T03:44:31Z
MA,2009-02-02,12.54,12.69,11.93,12.24,21795947,136.98,138.57,130.27,133.61,1996100,2026-01-13T03:44:31Z
MA,2009-02-03,12.79,12.97,12.51,12.64,31559958,139.7,141.66,136.6,138.01,2890300,2026-01-13T03:44:31Z
MA,2009-02-04,12.84,13.14,12.73,12.96,32092842,140.15,143.48,139,141.49,2939100,2026-01-13T03:44:31Z
MA,2009-02-05,14.64,14.69,13.35,13.48,103606697,159.84,160.39,145.73,147.19,9488400,2026-01-13T03:44:31Z
MA,2009-02-06,14.88,15.08,14.34,14.7,70195841,162.5,164.63,156.57,160.56,6428600,2026-01-13T03:44:31Z
MA,2009-02-09,14.84,14.95,14.42,14.86,36292347,162.02,163.26,157.5,162.24,3323700,2026-01-13T03:44:31Z
MA,2009-02-10,14.47,15.18,14.39,14.79,29604291,157.97,165.77,157.15,161.5,2711200,2026-01-13T03:44:31Z
MA,2009-02-11,15.02,15.02,14.35,14.65,29543154,163.98,164,156.73,159.99,2705600,2026-01-13T03:44:31Z
MA,2009-02-12,14.82,14.85,14.21,14.77,43179282,161.8,162.15,155.15,161.22,3954400,2026-01-13T03:44:31Z
MA,2009-02-13,14.83,15.47,14.82,14.97,48615863,161.9,168.88,161.86,163.49,4452300,2026-01-13T03:44:31Z
MA,2009-02-17,14.2,14.6,13.98,14.47,50772528,155.09,159.46,152.66,158,4649800,2026-01-13T03:44:31Z
MA,2009-02-18,14.57,14.7,14.08,14.38,34256970,159.04,160.5,153.7,157.04,3137300,2026-01-13T03:44:31Z
MA,2009-02-19,14.15,14.84,14.12,14.72,32596148,154.55,162,154.23,160.75,2985200,2026-01-13T03:44:31Z
MA,2009-02-20,14.47,14.6,13.78,13.86,36113421,158.01,159.38,150.43,151.36,3307300,2026-01-13T03:44:31Z
MA,2009-02-23,13.97,14.87,13.85,14.7,32054750,152.58,162.41,151.22,160.5,2935600,2026-01-13T03:44:31Z
MA,2009-02-24,14.77,14.81,13.87,14.01,50127100,161.27,161.75,151.43,153,4590700,2026-01-13T03:44:31Z
MA,2009-02-25,14.89,15.2,14.42,14.63,57683450,162.57,165.96,157.43,159.75,5282700,2026-01-13T03:44:31Z
MA,2009-02-26,14.26,15.06,14.2,15.06,51258307,155.7,164.5,155,164.5,4694300,2026-01-13T03:44:31Z
MA,2009-02-27,14.47,14.88,13.9,13.96,49624737,158.03,162.53,151.76,152.38,4544700,2026-01-13T03:44:31Z
MA,2009-03-02,13.79,14.53,13.65,14.17,45216627,150.63,158.7,149.1,154.77,4141000,2026-01-13T03:44:31Z
MA,2009-03-03,13.83,14.19,13.54,13.99,40758294,151.01,154.97,147.79,152.8,3732700,2026-01-13T03:44:31Z
MA,2009-03-04,13.78,14.27,13.41,14.11,43188024,150.48,155.8,146.4,154.1,3955200,2026-01-13T03:44:31Z
MA,2009-03-05,13.46,14.12,13.3,13.53,42371171,146.92,154.14,145.18,147.77,3880400,2026-01-13T03:44:31Z
MA,2009-03-06,13.04,13.58,12.74,13.55,41051086,142.44,148.29,139.16,148,3759500,2026-01-13T03:44:31Z
MA,2009-03-09,13.04,13.37,12.78,12.84,24806451,142.44,146,139.56,140.25,2271800,2026-01-13T03:44:31Z
MA,2009-03-10,13.6,13.65,13.14,13.2,42678992,148.48,149.04,143.51,144.1,3908600,2026-01-13T03:44:31Z
MA,2009-03-11,13.54,13.76,13.08,13.76,26757802,147.84,150.23,142.82,150.23,2450500,2026-01-13T03:44:31Z
MA,2009-03-12,14.38,14.47,13.32,13.55,36767523,157.07,157.96,145.43,147.91,3367200,2026-01-13T03:44:31Z
MA,2009-03-13,14.5,14.67,14.15,14.47,32030632,158.31,160.23,154.5,158,2933400,2026-01-13T03:44:31Z
MA,2009-03-16,14.08,14.82,14.04,14.65,24081387,153.69,161.82,153.32,160,2205400,2026-01-13T03:44:31Z
MA,2009-03-17,14.87,14.88,13.97,14.05,32469667,162.38,162.47,152.51,153.39,2973600,2026-01-13T03:44:31Z
MA,2009-03-18,14.63,14.76,14.43,14.65,30665678,159.75,161.17,157.59,159.98,2808400,2026-01-13T03:44:31Z
MA,2009-03-19,14.11,15.14,14.04,14.97,36752246,154.1,165.28,153.29,163.47,3365800,2026-01-13T03:44:31Z
MA,2009-03-20,14.24,14.38,14,14.22,26980475,155.53,156.99,152.84,155.31,2470900,2026-01-13T03:44:31Z
MA,2009-03-23,14.92,14.92,14.26,14.52,25697519,162.89,162.94,155.71,158.5,2353400,2026-01-13T03:44:31Z
MA,2009-03-24,14.92,15.35,14.57,14.67,34464602,162.88,167.59,159.11,160.14,3156300,2026-01-13T03:44:31Z
MA,2009-03-25,15.07,15.11,14.64,14.82,34723409,164.53,165,159.81,161.83,3180000,2026-01-13T03:44:31Z
MA,2009-03-26,15.56,15.7,15.1,15.29,39861931,169.88,171.41,164.93,166.95,3650600,2026-01-13T03:44:31Z
MA,2009-03-27,15.34,15.56,15.07,15.15,20046695,167.47,169.88,164.57,165.39,1835900,2026-01-13T03:44:31Z
MA,2009-03-30,14.93,15.31,14.84,15.05,24381665,163.05,167.19,162.07,164.34,2232900,2026-01-13T03:44:31Z
MA,2009-03-31,15.34,15.42,14.93,15.02,34829243,167.48,168.36,163.05,164,3189700,2026-01-13T03:44:31Z
MA,2009-04-01,14.66,15,14.39,14.95,55571515,160.08,163.75,157.15,163.25,5089300,2026-01-13T03:44:31Z
MA,2009-04-02,15.17,15.35,14.85,14.93,43256812,165.66,167.56,162.11,163,3961500,2026-01-13T03:44:31Z
MA,2009-04-03,15.94,15.94,15.02,15.11,39639161,174.05,174.05,164,165,3630200,2026-01-13T03:44:31Z
MA,2009-04-06,15.71,16.25,15.41,15.71,47612459,171.53,177.45,168.27,171.6,4360400,2026-01-13T03:44:31Z
MA,2009-04-07,15.18,15.66,15.18,15.53,28562630,165.76,170.98,165.76,169.58,2615800,2026-01-13T03:44:31Z
MA,2009-04-08,15.34,15.39,15.02,15.39,19111147,167.33,167.95,163.8,167.95,1751800,2026-01-13T03:44:31Z
MA,2009-04-09,15.81,15.82,15.38,15.66,30204828,172.46,172.61,167.79,170.88,2768700,2026-01-13T03:44:31Z
MA,2009-04-13,16.14,16.19,15.49,15.59,29452067,176.06,176.62,168.96,170.1,2699700,2026-01-13T03:44:31Z
MA,2009-04-14,15.23,16.04,15.22,16.04,36893414,166.1,175,166,175,3381800,2026-01-13T03:44:31Z
MA,2009-04-15,15.17,15.33,14.76,15.32,38145897,165.46,167.2,160.98,167.19,3496600,2026-01-13T03:44:31Z
MA,2009-04-16,14.82,14.97,14.47,14.76,42910977,161.7,163.37,157.9,161,3933400,2026-01-13T03:44:31Z
MA,2009-04-17,14.95,15.12,14.45,14.87,44210470,163.06,164.98,157.66,162.2,4052500,2026-01-13T03:44:31Z
MA,2009-04-20,13.92,14.82,13.92,14.64,39428721,151.85,161.67,151.85,159.76,3614200,2026-01-13T03:44:31Z
MA,2009-04-21,15.07,15.07,13.69,13.79,49876761,164.37,164.37,149.34,150.48,4571900,2026-01-13T03:44:31Z
MA,2009-04-22,14.74,15.12,14.63,14.77,34489052,160.77,165,159.56,161.13,3161400,2026-01-13T03:44:31Z
MA,2009-04-23,15.15,15.16,14.56,14.87,35230788,165.25,165.37,158.8,162.2,3229400,2026-01-13T03:44:31Z
MA,2009-04-24,15.87,15.87,15.09,15.44,42563115,173.09,173.1,164.62,168.49,3901500,2026-01-13T03:44:31Z
MA,2009-04-27,15.18,15.77,15.16,15.41,35108600,165.55,172,165.36,168.16,3218200,2026-01-13T03:44:31Z
MA,2009-04-28,15.36,15.65,14.91,15.07,27834238,167.54,170.76,162.7,164.37,2551400,2026-01-13T03:44:31Z
MA,2009-04-29,16.34,16.34,15.41,15.62,50099400,178.21,178.21,168.17,170.38,4592300,2026-01-13T03:44:31Z
MA,2009-04-30,16.82,17.3,16.53,16.58,76245673,183.45,188.77,180.35,180.89,6989000,2026-01-13T03:44:31Z
MA,2009-05-01,15.85,16.13,15,16.09,119140610,172.9,176,163.64,175.51,10920900,2026-01-13T03:44:31Z
MA,2009-05-04,16.41,16.43,15.74,16.2,47890234,178.99,179.22,171.67,176.75,4389800,2026-01-13T03:44:31Z
MA,2009-05-05,16.81,16.81,16.08,16.14,47745008,183.41,183.41,175.46,176.07,4376500,2026-01-13T03:44:31Z
MA,2009-05-06,16.81,16.99,16.49,16.91,35716372,183.43,185.36,179.87,184.52,3273900,2026-01-13T03:44:31Z
MA,2009-05-07,16.57,17.12,16.52,16.96,30704560,180.78,186.75,180.25,184.99,2814500,2026-01-13T03:44:31Z
MA,2009-05-08,16.97,16.96,16.62,16.76,23495554,185.08,185.08,181.34,182.8,2153700,2026-01-13T03:44:31Z
MA,2009-05-11,16.59,16.93,16.43,16.65,22067485,180.98,184.69,179.25,181.6,2022800,2026-01-13T03:44:31Z
MA,2009-05-12,16.33,16.77,16.24,16.73,22366503,178.2,182.95,177.16,182.49,2050200,2026-01-13T03:44:31Z
MA,2009-05-13,15.65,16.16,15.63,15.95,40806759,170.76,176.26,170.5,174,3740500,2026-01-13T03:44:31Z
MA,2009-05-14,15.89,15.93,15.51,15.58,29352767,173.35,173.83,169.22,170,2690600,2026-01-13T03:44:31Z
MA,2009-05-15,15.87,15.94,15.59,15.84,21299513,173.13,173.92,170.05,172.76,1952400,2026-01-13T03:44:31Z
MA,2009-05-18,15.89,16.04,15.7,16.01,28674357,173.4,175,171.26,174.66,2628400,2026-01-13T03:44:31Z
MA,2009-05-19,15.28,15.8,15.26,15.8,35197114,166.73,172.34,166.45,172.34,3226300,2026-01-13T03:44:31Z
MA,2009-05-20,15.55,16.18,15.41,15.49,63852618,169.63,176.49,168.16,168.94,5853000,2026-01-13T03:44:31Z
MA,2009-05-21,15.74,15.84,15.4,15.47,22064268,171.69,172.82,168,168.77,2022500,2026-01-13T03:44:31Z
MA,2009-05-22,15.43,15.74,15.34,15.43,24608274,168.36,171.69,167.39,168.35,2255700,2026-01-13T03:44:31Z
MA,2009-05-26,15.46,15.59,15.15,15.25,25001039,168.61,170.07,165.27,166.35,2291700,2026-01-13T03:44:31Z
MA,2009-05-27,15.34,15.78,15.28,15.49,21677023,167.38,172.12,166.66,169,1987000,2026-01-13T03:44:31Z
MA,2009-05-28,15.78,15.81,15.4,15.47,18051788,172.11,172.53,168.01,168.75,1654700,2026-01-13T03:44:31Z
MA,2009-05-29,16.16,16.16,15.59,15.74,16391399,176.33,176.33,170.11,171.7,1502500,2026-01-13T03:44:31Z
MA,2009-06-01,15.92,16.41,15.74,16.27,25651269,173.73,179,171.71,177.5,2351300,2026-01-13T03:44:31Z
MA,2009-06-02,15.44,15.96,15.42,15.87,26136762,168.39,174.1,168.2,173.12,2395800,2026-01-13T03:44:31Z
MA,2009-06-03,15.35,15.46,14.87,15.38,26572108,167.51,168.64,162.25,167.83,2435700,2026-01-13T03:44:31Z
MA,2009-06-04,15.44,15.75,15.15,15.38,51057178,168.4,171.86,165.26,167.75,4680100,2026-01-13T03:44:31Z
MA,2009-06-05,15.37,15.7,15.23,15.65,32290798,167.68,171.29,166.13,170.72,2959900,2026-01-13T03:44:31Z
MA,2009-06-08,15.21,15.42,15.08,15.24,17020830,165.97,168.27,164.55,166.31,1560200,2026-01-13T03:44:31Z
MA,2009-06-09,15.42,15.57,15.07,15.22,30059689,168.18,169.83,164.4,166.03,2755400,2026-01-13T03:44:31Z
MA,2009-06-10,15.91,16.12,15.52,15.58,64175567,173.6,175.88,169.28,169.93,5882600,2026-01-13T03:44:31Z
MA,2009-06-11,15.58,16.07,15.5,16.03,52974984,169.95,175.35,169.13,174.92,4855900,2026-01-13T03:44:31Z
MA,2009-06-12,15.31,15.58,15.2,15.49,27717509,167.06,169.95,165.8,169.01,2540700,2026-01-13T03:44:31Z
MA,2009-06-15,15.26,15.44,15.04,15.15,18889646,166.47,168.39,164.06,165.25,1731500,2026-01-13T03:44:31Z
MA,2009-06-16,14.99,15.42,14.91,15.38,29279691,163.56,168.23,162.64,167.73,2683900,2026-01-13T03:44:31Z
MA,2009-06-17,15.06,15.3,14.93,14.93,27965231,164.26,166.88,162.86,162.87,2563400,2026-01-13T03:44:31Z
MA,2009-06-18,14.98,15.14,14.86,14.96,17317573,163.39,165.16,162.11,163.21,1587400,2026-01-13T03:44:31Z
MA,2009-06-19,14.79,15,14.68,14.96,35068259,161.35,163.67,160.17,163.24,3214500,2026-01-13T03:44:31Z
MA,2009-06-22,14.37,14.96,14.37,14.77,22317349,156.78,163.21,156.78,161.15,2045700,2026-01-13T03:44:31Z
MA,2009-06-23,14.68,14.74,14.26,14.39,23017693,160.13,160.85,155.51,157,2109900,2026-01-13T03:44:31Z
MA,2009-06-24,14.76,14.9,14.64,14.79,18646366,161.06,162.59,159.75,161.3,1709200,2026-01-13T03:44:31Z
MA,2009-06-25,15.06,15.24,14.59,14.8,39321769,164.28,166.23,159.18,161.5,3604400,2026-01-13T03:44:31Z
MA,2009-06-26,15.48,15.48,14.97,15.04,22654429,168.91,168.91,163.32,164.04,2076600,2026-01-13T03:44:31Z
MA,2009-06-29,15.41,15.54,15.17,15.54,16006285,168.15,169.49,165.51,169.49,1467200,2026-01-13T03:44:31Z
MA,2009-06-30,15.34,15.49,15.17,15.49,12285088,167.31,169,165.52,169,1126100,2026-01-13T03:44:31Z
MA,2009-07-01,15.2,15.51,15.16,15.35,15747686,165.84,169.25,165.4,167.48,1443500,2026-01-13T03:44:31Z
MA,2009-07-02,15.24,15.41,14.9,14.9,20562038,166.28,168.14,162.53,162.53,1884800,2026-01-13T03:44:31Z
MA,2009-07-06,15.29,15.34,15.12,15.12,16340081,166.81,167.37,164.97,165,1497800,2026-01-13T03:44:31Z
MA,2009-07-07,14.76,15.33,14.74,15.3,26022219,161,167.2,160.8,166.9,2385300,2026-01-13T03:44:31Z
MA,2009-07-08,14.74,15.08,14.67,14.76,26671615,160.7,164.38,159.94,160.91,2447100,2026-01-13T03:44:31Z
MA,2009-07-09,14.94,14.95,14.62,14.85,15711277,162.8,162.94,159.38,161.83,1441500,2026-01-13T03:44:31Z
MA,2009-07-10,14.73,14.9,14.55,14.73,14501440,160.56,162.4,158.57,160.59,1330500,2026-01-13T03:44:31Z
MA,2009-07-13,15.19,15.19,14.72,14.73,16647476,165.52,165.52,160.49,160.56,1527400,2026-01-13T03:44:31Z
MA,2009-07-14,15.22,15.25,15,15.17,8640914,165.93,166.22,163.48,165.31,792800,2026-01-13T03:44:31Z
MA,2009-07-15,15.81,15.84,15.29,15.35,23240395,172.37,172.69,166.7,167.28,2132300,2026-01-13T03:44:31Z
MA,2009-07-16,16.36,16.59,15.73,15.73,30997413,178.27,180.76,171.48,171.49,2844000,2026-01-13T03:44:31Z
MA,2009-07-17,16.5,16.63,16.36,16.43,18546183,179.84,181.25,178.29,179.04,1701600,2026-01-13T03:44:31Z
MA,2009-07-20,16.65,17.01,16.52,16.56,33347308,181.42,185.42,180.1,180.52,3059600,2026-01-13T03:44:31Z
MA,2009-07-21,16.6,16.79,16.46,16.7,15796322,180.94,183,179.42,182.06,1449300,2026-01-13T03:44:31Z
MA,2009-07-22,16.65,16.75,16.33,16.42,14066561,181.48,182.55,178,179.01,1290600,2026-01-13T03:44:31Z
MA,2009-07-23,17.05,17.12,16.59,16.75,16440397,185.87,186.57,180.86,182.59,1508400,2026-01-13T03:44:31Z
MA,2009-07-24,17.02,17.35,16.87,16.89,22010993,185.47,189.1,183.87,184.13,2019500,2026-01-13T03:44:31Z
MA,2009-07-27,17.35,17.71,17.19,17.24,27635000,189.13,193,187.35,187.94,2535500,2026-01-13T03:44:31Z
MA,2009-07-28,17.15,17.34,17.03,17.34,16530930,186.94,188.94,185.57,188.94,1516700,2026-01-13T03:44:31Z
MA,2009-07-29,17.3,17.31,16.92,17.02,19709061,188.55,188.67,184.38,185.53,1808300,2026-01-13T03:44:31Z
MA,2009-07-30,17.81,19.2,17.79,18.9,74136620,194.11,209.27,193.88,205.98,6802000,2026-01-13T03:44:31Z
MA,2009-07-31,17.8,18.16,17.66,17.83,33610996,194.03,197.88,192.46,194.31,3083800,2026-01-13T03:44:31Z
MA,2009-08-03,18.41,18.43,17.94,18,19180542,200.66,200.86,195.51,196.21,1759800,2026-01-13T03:44:31Z
MA,2009-08-04,18.63,18.64,18.12,18.21,17340713,203.1,203.11,197.51,198.52,1591000,2026-01-13T03:44:31Z
MA,2009-08-05,18.62,18.72,18.35,18.63,13610982,202.98,204,200,203.1,1248800,2026-01-13T03:44:31Z
MA,2009-08-06,18.49,18.75,18.41,18.6,17667661,201.48,204.41,200.6,202.75,1621000,2026-01-13T03:44:31Z
MA,2009-08-07,18.75,18.9,18.63,18.7,12793524,204.34,206,203.07,203.83,1173800,2026-01-13T03:44:31Z
MA,2009-08-10,18.56,18.8,18.44,18.79,8552631,202.34,204.9,201.01,204.79,784700,2026-01-13T03:44:31Z
MA,2009-08-11,18.6,18.76,18.48,18.53,14328146,202.69,204.45,201.45,201.99,1314600,2026-01-13T03:44:31Z
MA,2009-08-12,18.75,18.85,18.38,18.46,13070340,204.32,205.48,200.3,201.2,1199200,2026-01-13T03:44:31Z
MA,2009-08-13,18.71,18.99,18.67,18.77,16200673,203.97,206.94,203.48,204.57,1486400,2026-01-13T03:44:31Z
MA,2009-08-14,18.59,18.92,18.49,18.71,12612580,202.61,206.23,201.56,203.88,1157200,2026-01-13T03:44:31Z
MA,2009-08-17,17.98,18.34,17.98,17.98,14104706,195.94,199.91,195.94,196,1294100,2026-01-13T03:44:31Z
MA,2009-08-18,18.18,18.27,18.06,18.06,7334099,198.17,199.17,196.85,196.85,672900,2026-01-13T03:44:31Z
MA,2009-08-19,18.1,18.19,17.92,18.07,10274701,197.3,198.22,195.35,196.93,942700,2026-01-13T03:44:31Z
MA,2009-08-20,18.63,18.64,18.01,18.02,11682886,203.02,203.19,196.27,196.41,1071900,2026-01-13T03:44:31Z
MA,2009-08-21,19.02,19.09,18.55,18.81,16832776,207.25,208.07,202.24,205.03,1544400,2026-01-13T03:44:31Z
MA,2009-08-24,18.74,19.25,18.64,19.09,12814238,204.23,209.78,203.16,208.05,1175700,2026-01-13T03:44:31Z
MA,2009-08-25,19.17,19.37,18.93,18.98,16190842,208.93,211.1,206.28,206.89,1485500,2026-01-13T03:44:31Z
MA,2009-08-26,18.96,19.1,18.73,19.1,14078555,206.69,208.15,204.2,208.15,1291700,2026-01-13T03:44:31Z
MA,2009-08-27,18.96,18.98,18.62,18.95,9789722,206.6,206.89,203,206.5,898200,2026-01-13T03:44:31Z
MA,2009-08-28,18.68,19.1,18.65,19.07,11285102,203.57,208.15,203.31,207.8,1035400,2026-01-13T03:44:31Z
MA,2009-08-31,18.59,18.64,18.31,18.54,15361392,202.63,203.22,199.6,202.08,1409400,2026-01-13T03:44:31Z
MA,2009-09-01,18.41,19.01,18.41,18.5,18128683,200.67,207.18,200.67,201.69,1663300,2026-01-13T03:44:31Z
MA,2009-09-02,18.39,18.58,18.26,18.35,9724297,200.45,202.53,199.05,200,892200,2026-01-13T03:44:31Z
MA,2009-09-03,18.66,18.79,18.45,18.57,16473157,203.4,204.81,201.14,202.45,1511400,2026-01-13T03:44:31Z
MA,2009-09-04,18.91,18.98,18.63,18.67,9253448,206.05,206.9,203.05,203.45,849000,2026-01-13T03:44:31Z
MA,2009-09-08,19.03,19.2,18.9,19.09,10836046,207.45,209.31,206,208.1,994200,2026-01-13T03:44:31Z
MA,2009-09-09,19.3,19.42,19.02,19.21,20485165,210.31,211.69,207.25,209.37,1879500,2026-01-13T03:44:31Z
MA,2009-09-10,19.41,19.46,19.2,19.27,9865990,211.6,212.11,209.26,209.99,905200,2026-01-13T03:44:31Z
MA,2009-09-11,19.16,19.53,19.12,19.53,12935229,208.81,212.88,208.41,212.88,1186800,2026-01-13T03:44:31Z
MA,2009-09-14,19.08,19.13,18.93,19.03,15182627,207.99,208.48,206.33,207.45,1393000,2026-01-13T03:44:31Z
MA,2009-09-15,19.64,19.79,19.12,19.17,24667221,214.03,215.64,208.38,208.97,2263200,2026-01-13T03:44:31Z
MA,2009-09-16,20.16,20.31,19.64,19.72,21819158,219.76,221.36,214.1,214.96,2001900,2026-01-13T03:44:31Z
MA,2009-09-17,20.2,20.32,20.03,20.17,14402287,220.2,221.52,218.3,219.84,1321400,2026-01-13T03:44:31Z
MA,2009-09-18,20.51,20.51,19.96,20.35,58671811,223.57,223.57,217.55,221.8,5383100,2026-01-13T03:44:31Z
MA,2009-09-21,20.43,20.72,20.34,20.45,14365181,222.62,225.83,221.72,222.91,1318000,2026-01-13T03:44:31Z
MA,2009-09-22,20.61,20.64,20.36,20.62,12866556,224.58,225,221.89,224.78,1180500,2026-01-13T03:44:31Z
MA,2009-09-23,20.13,20.72,20.11,20.72,15373396,219.39,225.82,219.15,225.82,1410500,2026-01-13T03:44:31Z
MA,2009-09-24,19.72,20.16,19.65,20.15,16969060,214.94,219.74,214.18,219.6,1556900,2026-01-13T03:44:31Z
MA,2009-09-25,18.78,19.67,18.72,19.67,45444445,204.7,214.35,204.06,214.35,4169500,2026-01-13T03:44:31Z
MA,2009-09-28,19.1,19.23,18.74,18.84,21203429,208.14,209.58,204.23,205.37,1945400,2026-01-13T03:44:31Z
MA,2009-09-29,18.97,19.53,18.89,19.22,24349985,206.74,212.87,205.85,209.45,2234100,2026-01-13T03:44:31Z
MA,2009-09-30,18.55,19.14,18.45,19.14,26764124,202.15,208.59,201.1,208.58,2455600,2026-01-13T03:44:31Z
MA,2009-10-01,18.3,18.71,18.27,18.54,19694895,199.41,203.93,199.16,202.07,1807000,2026-01-13T03:44:31Z
MA,2009-10-02,18.32,18.35,18.07,18.09,20515594,199.69,200,196.95,197.16,1882300,2026-01-13T03:44:31Z
MA,2009-10-05,18.4,18.51,18.15,18.4,21826853,200.53,201.7,197.85,200.51,2002600,2026-01-13T03:44:31Z
MA,2009-10-06,18.42,18.7,18.34,18.62,20476420,200.75,203.85,199.91,202.94,1878700,2026-01-13T03:44:31Z
MA,2009-10-07,19.36,19.42,18.44,18.47,35475641,210.9,211.5,200.82,201.12,3257300,2026-01-13T03:44:31Z
MA,2009-10-08,19.37,19.78,19.28,19.36,25513550,210.96,215.45,210,210.89,2342600,2026-01-13T03:44:31Z
MA,2009-10-09,19.69,19.73,19.3,19.37,15085288,214.42,214.83,210.24,211,1385100,2026-01-13T03:44:31Z
MA,2009-10-12,19.83,20.2,19.68,20.07,15028633,216,220,214.29,218.56,1379900,2026-01-13T03:44:31Z
MA,2009-10-13,19.96,20.04,19.66,19.82,12669604,217.36,218.27,214.14,215.82,1163300,2026-01-13T03:44:31Z
MA,2009-10-14,20.15,20.38,19.88,20.29,20260747,219.48,221.95,216.53,220.99,1860300,2026-01-13T03:44:31Z
MA,2009-10-15,20.69,20.86,19.92,19.97,26538374,225.36,227.23,216.92,217.5,2436700,2026-01-13T03:44:31Z
MA,2009-10-16,20.56,20.74,20.36,20.55,14164975,223.87,225.91,221.8,223.8,1300600,2026-01-13T03:44:31Z
MA,2009-10-19,20.71,20.76,20.37,20.57,10157021,225.6,226.1,221.87,224,932600,2026-01-13T03:44:31Z
MA,2009-10-20,20.66,20.86,20.48,20.86,9206233,225,227.17,223.07,227.17,845300,2026-01-13T03:44:31Z
MA,2009-10-21,20.72,21.32,20.51,20.51,15916244,225.67,232.16,223.34,223.34,1461400,2026-01-13T03:44:31Z
MA,2009-10-22,21.05,21.07,20.52,20.8,12018301,229.28,229.48,223.51,226.5,1103500,2026-01-13T03:44:31Z
MA,2009-10-23,21.11,21.32,20.88,21.24,17044561,229.96,232.25,227.37,231.29,1565000,2026-01-13T03:44:31Z
MA,2009-10-26,20.27,21.25,20.27,21.18,19960161,220.75,231.39,220.75,230.65,1832700,2026-01-13T03:44:31Z
MA,2009-10-27,20.25,20.49,20.12,20.3,21428218,220.55,223.19,219.18,221.06,1967500,2026-01-13T03:44:31Z
MA,2009-10-28,20.25,21.02,20.16,20.37,32753874,220.5,228.9,219.53,221.9,3007400,2026-01-13T03:44:31Z
MA,2009-10-29,20.93,21.01,20.45,20.52,19098613,227.92,228.8,222.67,223.48,1753600,2026-01-13T03:44:31Z
MA,2009-10-30,20.11,20.79,20.02,20.72,27823491,219.02,226.4,218,225.68,2554700,2026-01-13T03:44:31Z
MA,2009-11-02,20.44,20.71,20.06,20.29,24612793,222.65,225.56,218.51,221,2259900,2026-01-13T03:44:31Z
MA,2009-11-03,20.13,20.77,19.24,20.66,63002917,219.2,226.15,209.57,224.98,5784800,2026-01-13T03:44:31Z
MA,2009-11-04,20.66,21.01,20.21,20.21,37894554,224.98,228.79,220.11,220.11,3479400,2026-01-13T03:44:31Z
MA,2009-11-05,21.14,21.14,20.62,20.93,20492708,230.25,230.26,224.54,228,1881600,2026-01-13T03:44:31Z
MA,2009-11-06,21.75,21.78,20.87,20.91,27051321,236.9,237.18,227.28,227.76,2483800,2026-01-13T03:44:31Z
MA,2009-11-09,22.24,22.3,21.58,21.9,30297982,242.19,242.93,235,238.5,2781900,2026-01-13T03:44:31Z
MA,2009-11-10,21.91,22.17,21.8,22.16,21697274,238.67,241.5,237.46,241.38,1992200,2026-01-13T03:44:31Z
MA,2009-11-11,21.84,22.3,21.71,21.95,18825287,237.9,242.83,236.41,239.03,1728500,2026-01-13T03:44:31Z
MA,2009-11-12,21.75,22.19,21.63,21.81,15043868,236.89,241.65,235.62,237.49,1381300,2026-01-13T03:44:31Z
MA,2009-11-13,21.55,21.9,21.36,21.82,16266978,234.72,238.5,232.64,237.6,1493600,2026-01-13T03:44:31Z
MA,2009-11-16,21.19,21.74,21.02,21.71,28963810,230.8,236.75,228.92,236.43,2659400,2026-01-13T03:44:31Z
MA,2009-11-17,21.21,21.25,21.04,21.09,20576536,231,231.45,229.14,229.75,1889300,2026-01-13T03:44:31Z
MA,2009-11-18,20.87,21.3,20.74,21.12,22566375,227.28,231.93,225.91,230.05,2072000,2026-01-13T03:44:31Z
MA,2009-11-19,21.13,21.66,20.46,20.73,47876243,230.09,235.96,222.87,225.77,4395900,2026-01-13T03:44:31Z
MA,2009-11-20,21.22,21.28,20.98,21.09,19732465,231.16,231.74,228.44,229.74,1811800,2026-01-13T03:44:31Z
MA,2009-11-23,21.69,21.7,21.37,21.44,14322895,236.19,236.29,232.79,233.49,1315100,2026-01-13T03:44:31Z
MA,2009-11-24,21.82,21.86,21.49,21.75,11416034,237.65,238.13,234.02,236.85,1048200,2026-01-13T03:44:31Z
MA,2009-11-25,22.02,22.09,21.82,21.89,12719743,239.84,240.58,237.62,238.46,1167900,2026-01-13T03:44:31Z
MA,2009-11-27,21.63,21.89,21.53,21.53,7057440,235.59,238.4,234.5,234.52,648000,2026-01-13T03:44:31Z
MA,2009-11-30,22.12,22.11,21.68,21.76,15160415,240.86,240.86,236.08,236.95,1392000,2026-01-13T03:44:31Z
MA,2009-12-01,22.31,22.4,22.11,22.21,15035148,242.99,243.97,240.86,241.95,1380500,2026-01-13T03:44:31Z
MA,2009-12-02,22.26,22.67,22.21,22.24,15232321,242.42,246.89,241.91,242.23,1398600,2026-01-13T03:44:31Z
MA,2009-12-03,21.68,22.47,21.61,22.39,13152068,236.16,244.76,235.41,243.83,1207600,2026-01-13T03:44:31Z
MA,2009-12-04,22.16,22.33,21.62,22.04,15594936,241.33,243.16,235.51,240,1431900,2026-01-13T03:44:31Z
MA,2009-12-07,21.94,22.27,21.81,21.99,8312093,238.94,242.49,237.55,239.5,763200,2026-01-13T03:44:31Z
MA,2009-12-08,21.91,22.01,21.73,21.85,7557338,238.61,239.72,236.69,238,693900,2026-01-13T03:44:31Z
MA,2009-12-09,22.31,22.34,21.8,21.84,10043767,242.94,243.26,237.45,237.85,922200,2026-01-13T03:44:31Z
MA,2009-12-10,22.41,22.54,22.22,22.47,10616659,244.12,245.47,241.97,244.69,974800,2026-01-13T03:44:31Z
MA,2009-12-11,22.4,22.59,22.37,22.57,9214961,243.94,246,243.6,245.83,846100,2026-01-13T03:44:31Z
MA,2009-12-14,22.72,22.75,22.26,22.68,13672710,247.48,247.76,242.39,247,1255400,2026-01-13T03:44:31Z
MA,2009-12-15,22.55,22.92,22.47,22.66,16498951,245.55,249.64,244.72,246.79,1514900,2026-01-13T03:44:31Z
MA,2009-12-16,22.62,22.74,22.5,22.53,15074356,246.4,247.68,245.01,245.41,1384100,2026-01-13T03:44:31Z
MA,2009-12-17,22.75,22.85,22.5,22.54,13977656,247.75,248.9,245,245.45,1283400,2026-01-13T03:44:31Z
MA,2009-12-18,23.4,23.48,22.85,22.89,27312727,254.84,255.72,248.86,249.25,2507800,2026-01-13T03:44:31Z
MA,2009-12-21,23.45,23.55,23.3,23.5,10047026,255.36,256.5,253.71,256,922500,2026-01-13T03:44:31Z
MA,2009-12-22,23.47,23.7,23.41,23.49,9214975,255.62,258.15,254.99,255.83,846100,2026-01-13T03:44:31Z
MA,2009-12-23,23.44,23.65,23.31,23.5,8928521,255.32,257.6,253.83,256,819800,2026-01-13T03:44:31Z
MA,2009-12-24,23.45,23.59,23.37,23.38,2996138,255.42,256.9,254.5,254.58,275100,2026-01-13T03:44:31Z
MA,2009-12-28,23.6,23.64,23.23,23.5,7726150,256.98,257.45,253,255.9,709400,2026-01-13T03:44:31Z
MA,2009-12-29,23.72,23.78,23.6,23.66,6649023,258.36,259,257.06,257.7,610500,2026-01-13T03:44:31Z
MA,2009-12-30,23.69,23.75,23.58,23.73,4525257,257.98,258.71,256.8,258.39,415500,2026-01-13T03:44:31Z
MA,2009-12-31,23.5,23.75,23.39,23.75,10778919,255.98,258.63,254.8,258.63,989700,2026-01-13T03:44:31Z
MA,2010-01-04,23.58,23.71,23.51,23.69,10150487,256.84,258.2,256.07,257.99,932000,2026-01-13T03:44:31Z
MA,2010-01-05,23.51,23.68,23.23,23.67,14054950,256.08,257.96,253.05,257.84,1290500,2026-01-13T03:44:31Z
MA,2010-01-06,23.48,23.54,23.2,23.54,11740251,255.56,256.24,252.5,256.24,1078600,2026-01-13T03:44:31Z
MA,2010-01-07,23.33,23.34,23.06,23.28,12270323,253.89,254.06,250.98,253.4,1127300,2026-01-13T03:44:31Z
MA,2010-01-08,23.33,23.42,23.12,23.19,9397878,253.98,254.92,251.7,252.45,863400,2026-01-13T03:44:31Z
MA,2010-01-11,22.95,23.46,22.77,23.39,12160409,249.8,255.36,247.88,254.57,1117200,2026-01-13T03:44:31Z
MA,2010-01-12,22.94,23.24,22.84,22.93,9354344,249.66,252.94,248.56,249.59,859400,2026-01-13T03:44:31Z
MA,2010-01-13,23.53,23.54,22.94,23.13,9343438,256.15,256.24,249.66,251.81,858400,2026-01-13T03:44:31Z
MA,2010-01-14,23.93,24.06,23.38,23.54,13534058,260.48,261.84,254.5,256.25,1243400,2026-01-13T03:44:31Z
MA,2010-01-15,24.13,24.43,23.94,24.05,21135911,262.65,265.88,260.55,261.81,1941800,2026-01-13T03:44:31Z
MA,2010-01-19,24.32,24.79,24.04,24.12,15926515,264.75,269.88,261.7,262.5,1463200,2026-01-13T03:44:31Z
MA,2010-01-20,24.2,24.45,24.09,24.16,11114408,263.39,266.15,262.2,263.01,1021100,2026-01-13T03:44:31Z
MA,2010-01-21,23.75,24.53,23.53,24.21,15380115,258.51,267,256.11,263.55,1413000,2026-01-13T03:44:31Z
MA,2010-01-22,23.13,23.98,23.07,23.65,14422232,251.81,260.99,251.08,257.39,1325000,2026-01-13T03:44:31Z
MA,2010-01-25,23.19,23.36,22.83,23.28,11766364,252.45,254.23,248.49,253.4,1081000,2026-01-13T03:44:31Z
MA,2010-01-26,22.84,23.26,22.79,23.15,12188696,248.61,253.13,248.05,252.02,1119800,2026-01-13T03:44:31Z
MA,2010-01-27,23.55,23.56,22.82,22.94,10955483,256.33,256.43,248.35,249.68,1006500,2026-01-13T03:44:31Z
MA,2010-01-28,22.92,23.7,22.59,23.55,17545116,249.45,257.95,245.83,256.3,1611900,2026-01-13T03:44:31Z
MA,2010-01-29,22.96,23.44,22.88,23.07,16376054,249.9,255.14,249.09,251.16,1504500,2026-01-13T03:44:31Z
MA,2010-02-01,23.28,23.57,23.07,23.07,10154345,253.42,256.51,251.09,251.13,932900,2026-01-13T03:44:31Z
MA,2010-02-02,23.2,23.55,23.13,23.54,14590947,252.56,256.3,251.81,256.2,1340500,2026-01-13T03:44:31Z
MA,2010-02-03,22.75,23.34,22.7,23.19,19583828,247.58,254,247.06,252.45,1799200,2026-01-13T03:44:31Z
MA,2010-02-04,20.41,21.64,20.29,21.53,117985827,222.11,235.53,220.89,234.34,10839600,2026-01-13T03:44:31Z
MA,2010-02-05,20.28,20.71,19.95,20.71,63280509,220.74,225.4,217.15,225.4,5813700,2026-01-13T03:44:31Z
MA,2010-02-08,20.8,20.99,20.23,20.3,30657899,226.4,228.46,220.17,221,2816600,2026-01-13T03:44:31Z
MA,2010-02-09,20.53,21.01,20.49,21,17952149,223.45,228.65,223,228.6,1649300,2026-01-13T03:44:31Z
MA,2010-02-10,20.85,20.93,20.37,20.37,19946285,226.9,227.86,221.7,221.7,1832500,2026-01-13T03:44:31Z
MA,2010-02-11,21.04,21.07,20.66,20.85,13301106,229,229.29,224.82,226.9,1222000,2026-01-13T03:44:31Z
MA,2010-02-12,20.72,20.92,20.64,20.92,16149641,225.48,227.75,224.65,227.75,1483700,2026-01-13T03:44:31Z
MA,2010-02-16,20.7,20.96,20.62,20.82,19121225,225.3,228.17,224.5,226.6,1756700,2026-01-13T03:44:31Z
MA,2010-02-17,20.66,20.77,20.53,20.73,13604785,224.83,226.05,223.43,225.6,1249900,2026-01-13T03:44:31Z
MA,2010-02-18,20.4,20.61,20.36,20.61,18814206,222,224.3,221.61,224.3,1728500,2026-01-13T03:44:31Z
MA,2010-02-19,20.45,20.57,20.18,20.39,19177829,222.63,223.89,219.6,221.92,1761900,2026-01-13T03:44:31Z
MA,2010-02-22,20.6,20.85,20.47,20.47,11815338,224.24,226.95,222.84,222.84,1085500,2026-01-13T03:44:31Z
MA,2010-02-23,20.4,20.55,20.15,20.51,18009857,222.02,223.69,219.37,223.22,1654600,2026-01-13T03:44:31Z
MA,2010-02-24,20.37,20.5,20.12,20.4,16533885,221.75,223.11,219,222.02,1519000,2026-01-13T03:44:31Z
MA,2010-02-25,20.35,20.5,19.88,20.17,21655161,221.49,223.16,216.43,219.55,1989500,2026-01-13T03:44:31Z
MA,2010-02-26,20.61,20.68,20.31,20.49,11917680,224.37,225.14,221.06,222.98,1094900,2026-01-13T03:44:31Z
MA,2010-03-01,21.38,21.39,20.71,20.76,26410645,232.74,232.86,225.38,225.94,2426400,2026-01-13T03:44:31Z
MA,2010-03-02,21.3,21.45,21.05,21.34,14419005,231.81,233.53,229.07,232.29,1324700,2026-01-13T03:44:31Z
MA,2010-03-03,21.33,21.54,21.22,21.3,14823874,232.15,234.49,231,231.83,1361900,2026-01-13T03:44:31Z
MA,2010-03-04,21.41,21.45,21.11,21.29,11059940,233,233.46,229.82,231.73,1016100,2026-01-13T03:44:31Z
MA,2010-03-05,22.01,22.03,21.38,21.47,35821608,239.54,239.8,232.71,233.66,3291000,2026-01-13T03:44:31Z
MA,2010-03-08,22.56,22.7,21.9,21.97,32175176,245.61,247.08,238.39,239.09,2956000,2026-01-13T03:44:31Z
MA,2010-03-09,22.64,23.14,22.48,22.51,23789631,246.48,251.89,244.66,245.05,2185600,2026-01-13T03:44:31Z
MA,2010-03-10,22.93,23.01,22.61,22.7,21292714,249.6,250.5,246.08,247.1,1956200,2026-01-13T03:44:31Z
MA,2010-03-11,22.99,23.01,22.61,22.79,12525065,250.19,250.5,246.14,248.05,1150700,2026-01-13T03:44:31Z
MA,2010-03-12,22.97,23.13,22.83,23.07,9507811,249.97,251.77,248.53,251.06,873500,2026-01-13T03:44:31Z
MA,2010-03-15,22.98,23.06,22.6,23.06,12266004,250.08,250.98,245.95,250.98,1126900,2026-01-13T03:44:31Z
MA,2010-03-16,22.91,23.09,22.68,22.99,10526631,249.34,251.3,246.92,250.25,967100,2026-01-13T03:44:31Z
MA,2010-03-17,22.84,23.06,22.67,22.94,12128869,248.65,251,246.8,249.68,1114300,2026-01-13T03:44:31Z
MA,2010-03-18,22.63,22.86,22.47,22.86,8263697,246.3,248.83,244.62,248.83,759200,2026-01-13T03:44:31Z
MA,2010-03-19,22.45,22.79,22.28,22.74,10667035,244.36,248.08,242.55,247.55,980000,2026-01-13T03:44:31Z
MA,2010-03-22,22.7,22.81,22.26,22.31,8803566,247.08,248.24,242.25,242.79,808800,2026-01-13T03:44:31Z
MA,2010-03-23,22.56,23.03,22.45,22.7,11989530,245.59,250.65,244.38,247.07,1101500,2026-01-13T03:44:31Z
MA,2010-03-24,22.48,22.68,22.41,22.53,8380151,244.68,246.88,243.95,245.2,769900,2026-01-13T03:44:31Z
MA,2010-03-25,22.61,23,22.61,22.64,14309026,246.09,250.29,246.09,246.44,1314600,2026-01-13T03:44:31Z
MA,2010-03-26,22.62,22.85,22.51,22.71,11793614,246.24,248.75,245.06,247.25,1083500,2026-01-13T03:44:31Z
MA,2010-03-29,22.79,22.9,22.66,22.69,7930625,248.01,249.24,246.61,246.93,728600,2026-01-13T03:44:31Z
MA,2010-03-30,23.19,23.32,22.89,22.9,13110638,252.41,253.83,249.2,249.23,1204500,2026-01-13T03:44:31Z
MA,2010-03-31,23.34,23.36,23.1,23.17,10157605,254,254.28,251.42,252.2,933200,2026-01-13T03:44:31Z
MA,2010-04-01,23.33,23.51,23.16,23.48,12180028,253.94,255.89,252.06,255.55,1119000,2026-01-13T03:44:31Z
MA,2010-04-05,23.48,23.54,23.23,23.38,8115654,255.58,256.27,252.87,254.53,745600,2026-01-13T03:44:31Z
MA,2010-04-06,23.77,23.98,23.41,23.41,15229872,258.75,261,254.8,254.85,1399200,2026-01-13T03:44:31Z
MA,2010-04-07,23.5,23.86,23.43,23.8,8518881,255.66,259.55,254.91,258.9,783100,2026-01-13T03:44:31Z
MA,2010-04-08,23.61,23.65,23.36,23.36,6963282,256.88,257.3,254.06,254.06,640100,2026-01-13T03:44:31Z
MA,2010-04-09,23.8,23.9,23.61,23.79,5401129,258.88,259.99,256.82,258.75,496500,2026-01-13T03:44:31Z
MA,2010-04-12,23.86,23.99,23.74,23.75,7110136,259.57,261,258.28,258.31,653600,2026-01-13T03:44:31Z
MA,2010-04-13,23.76,23.95,23.64,23.78,7756294,258.5,260.54,257.21,258.7,713000,2026-01-13T03:44:31Z
MA,2010-04-14,24.19,24.29,23.72,23.82,12684214,263.13,264.23,258.01,259.07,1166000,2026-01-13T03:44:31Z
MA,2010-04-15,24.14,24.33,24.11,24.32,6835997,262.63,264.66,262.25,264.6,628400,2026-01-13T03:44:31Z
MA,2010-04-16,23.85,24.24,23.74,24,12504726,259.5,263.72,258.26,261.03,1149500,2026-01-13T03:44:31Z
MA,2010-04-19,23.65,24.04,23.41,23.79,10411705,257.3,261.53,254.72,258.83,957100,2026-01-13T03:44:31Z
MA,2010-04-20,24.03,24.16,23.64,23.8,8021749,261.39,262.88,257.17,258.95,737400,2026-01-13T03:44:31Z
MA,2010-04-21,23.95,24.21,23.79,24.21,5476188,260.59,263.35,258.78,263.35,503400,2026-01-13T03:44:31Z
MA,2010-04-22,24.05,24.13,23.17,23.79,9397870,261.6,262.52,252.01,258.8,863900,2026-01-13T03:44:31Z
MA,2010-04-23,24.56,24.6,24.08,24.23,11289638,267.22,267.58,262,263.61,1037800,2026-01-13T03:44:31Z
MA,2010-04-26,24.43,24.75,24.42,24.65,7717137,265.78,269.22,265.68,268.16,709400,2026-01-13T03:44:31Z
