ticker,tradeDate,clsPx,hiPx,loPx,open,stockVolume,unadjClsPx,unadjHiPx,unadjLoPx,unadjOpen,unadjStockVolume,updatedAt
MCD,2006-01-03,19.23,19.67,19.05,19.67,16122513,33.52,34.29,33.2,34.29,9250100,2026-03-07T03:45:46Z
MCD,2006-01-04,19.4,19.42,19.17,19.18,10440664,33.82,33.85,33.42,33.43,5990200,2026-03-07T03:45:46Z
MCD,2006-01-05,19.43,19.62,19.35,19.4,10885090,33.86,34.2,33.73,33.82,6245200,2026-03-07T03:45:46Z
MCD,2006-01-06,19.54,19.68,19.4,19.64,10243534,34.06,34.3,33.81,34.23,5877100,2026-03-07T03:45:46Z
MCD,2006-01-09,19.91,19.93,19.5,19.51,8122018,34.71,34.74,33.99,34,4659900,2026-03-07T03:45:46Z
MCD,2006-01-10,19.93,20,19.82,19.86,12238723,34.74,34.85,34.54,34.61,7021800,2026-03-07T03:45:46Z
MCD,2006-01-11,20.28,20.29,19.97,19.98,14307924,35.34,35.36,34.8,34.82,8209000,2026-03-07T03:45:46Z
MCD,2006-01-12,19.96,20.26,19.93,20.22,20207177,34.79,35.32,34.74,35.25,11593600,2026-03-07T03:45:46Z
MCD,2006-01-13,19.78,19.93,19.71,19.88,8379630,34.47,34.74,34.35,34.65,4807700,2026-03-07T03:45:46Z
MCD,2006-01-17,19.85,20.17,19.8,19.92,9584861,34.59,35.16,34.52,34.72,5499200,2026-03-07T03:45:46Z
MCD,2006-01-18,20.08,20.33,19.74,19.84,18392536,34.99,35.44,34.41,34.58,10552500,2026-03-07T03:45:46Z
MCD,2006-01-19,20.2,20.29,20.08,20.25,15850073,35.2,35.37,35,35.3,9093800,2026-03-07T03:45:46Z
MCD,2006-01-20,20.57,20.6,20.13,20.2,19934753,35.86,35.91,35.09,35.2,11437300,2026-03-07T03:45:46Z
MCD,2006-01-23,20.49,20.71,20.24,20.57,12191618,35.71,36.09,35.27,35.86,6994800,2026-03-07T03:45:46Z
MCD,2006-01-24,20.57,20.83,20.46,20.62,16881577,35.85,36.31,35.67,35.94,9685600,2026-03-07T03:45:46Z
MCD,2006-01-25,20.17,20.73,19.82,20.66,36630709,35.16,36.14,34.55,36,21016400,2026-03-07T03:45:46Z
MCD,2006-01-26,20.05,20.48,19.94,20.37,21539975,34.94,35.7,34.75,35.5,12358300,2026-03-07T03:45:46Z
MCD,2006-01-27,20.11,20.22,20.04,20.05,12820147,35.05,35.24,34.92,34.94,7355400,2026-03-07T03:45:46Z
MCD,2006-01-30,20.09,20.12,19.98,20.02,13950969,35.02,35.07,34.83,34.9,8004200,2026-03-07T03:45:46Z
MCD,2006-01-31,20.09,20.22,20.02,20.1,12180103,35.01,35.25,34.9,35.04,6988200,2026-03-07T03:45:46Z
MCD,2006-02-01,20.47,20.49,20.07,20.09,12522983,35.67,35.71,34.99,35.01,7184900,2026-03-07T03:45:46Z
MCD,2006-02-02,20.34,20.55,20.18,20.27,9428525,35.45,35.81,35.17,35.33,5409500,2026-03-07T03:45:46Z
MCD,2006-02-03,20.64,20.7,20.33,20.34,11944334,35.97,36.08,35.44,35.45,6852900,2026-03-07T03:45:46Z
MCD,2006-02-06,20.73,20.91,20.6,20.66,12485697,36.13,36.44,35.9,36,7163500,2026-03-07T03:45:46Z
MCD,2006-02-07,20.76,20.95,20.69,20.83,8486966,36.19,36.51,36.06,36.3,4869300,2026-03-07T03:45:46Z
MCD,2006-02-08,20.86,21.09,20.8,21,11232138,36.36,36.75,36.26,36.6,6444300,2026-03-07T03:45:46Z
MCD,2006-02-09,20.83,20.94,20.78,20.83,8522352,36.3,36.49,36.22,36.31,4889600,2026-03-07T03:45:46Z
MCD,2006-02-10,20.84,20.92,20.72,20.81,10006659,36.33,36.46,36.11,36.27,5741200,2026-03-07T03:45:46Z
MCD,2006-02-13,20.86,20.99,20.75,20.89,5962830,36.36,36.59,36.16,36.41,3421100,2026-03-07T03:45:46Z
MCD,2006-02-14,20.87,20.97,20.7,20.86,9398563,36.37,36.55,36.07,36.36,5392300,2026-03-07T03:45:46Z
MCD,2006-02-15,20.66,20.81,20.51,20.8,13367428,36.01,36.27,35.75,36.26,7669400,2026-03-07T03:45:46Z
MCD,2006-02-16,20.87,20.88,20.57,20.65,6908222,36.37,36.39,35.86,35.99,3963500,2026-03-07T03:45:46Z
MCD,2006-02-17,20.69,20.91,20.66,20.87,8370194,36.06,36.44,36.01,36.37,4802300,2026-03-07T03:45:46Z
MCD,2006-02-21,20.46,20.66,20.28,20.59,9151039,35.66,36,35.35,35.88,5250300,2026-03-07T03:45:46Z
MCD,2006-02-22,20.63,20.7,20.49,20.51,8058374,35.95,36.08,35.72,35.75,4623400,2026-03-07T03:45:46Z
MCD,2006-02-23,20.42,20.65,20.37,20.51,6539232,35.59,35.99,35.5,35.75,3751800,2026-03-07T03:45:46Z
MCD,2006-02-24,20.28,20.38,20.19,20.36,8371069,35.34,35.52,35.19,35.49,4802800,2026-03-07T03:45:46Z
MCD,2006-02-27,20.22,20.39,20.14,20.25,7428638,35.25,35.53,35.11,35.3,4262100,2026-03-07T03:45:46Z
MCD,2006-02-28,20.03,20.35,20.02,20.25,9625819,34.91,35.47,34.89,35.3,5522700,2026-03-07T03:45:46Z
MCD,2006-03-01,20.04,20.18,19.75,20.08,10301898,34.93,35.18,34.43,35,5910600,2026-03-07T03:45:46Z
MCD,2006-03-02,20.05,20.07,19.9,20.04,7958687,34.94,34.99,34.69,34.93,4566200,2026-03-07T03:45:46Z
MCD,2006-03-03,19.99,20.11,19.87,19.94,9470858,34.85,35.06,34.64,34.75,5433800,2026-03-07T03:45:46Z
MCD,2006-03-06,19.89,20.06,19.83,19.86,7224549,34.67,34.96,34.57,34.61,4145000,2026-03-07T03:45:46Z
MCD,2006-03-07,19.87,19.95,19.75,19.82,13843067,34.64,34.78,34.43,34.55,7942300,2026-03-07T03:45:46Z
MCD,2006-03-08,19.9,20.02,19.88,19.89,11483659,34.68,34.9,34.65,34.67,6588600,2026-03-07T03:45:46Z
MCD,2006-03-09,19.81,19.93,19.73,19.86,8731500,34.53,34.73,34.39,34.62,5009600,2026-03-07T03:45:46Z
MCD,2006-03-10,19.88,20.09,19.82,19.85,6956319,34.65,35.01,34.54,34.6,3991100,2026-03-07T03:45:46Z
MCD,2006-03-13,19.69,19.91,19.57,19.81,10662176,34.32,34.7,34.11,34.53,6117300,2026-03-07T03:45:46Z
MCD,2006-03-14,19.66,19.74,19.58,19.61,9868075,34.26,34.41,34.12,34.17,5661700,2026-03-07T03:45:46Z
MCD,2006-03-15,19.95,19.98,19.62,19.63,9125405,34.77,34.83,34.19,34.21,5235600,2026-03-07T03:45:46Z
MCD,2006-03-16,20.12,20.16,19.91,19.91,9826463,35.06,35.14,34.7,34.7,5637800,2026-03-07T03:45:46Z
MCD,2006-03-17,20.14,20.22,20.08,20.22,10429674,35.1,35.25,35,35.24,5983900,2026-03-07T03:45:46Z
MCD,2006-03-20,19.93,20.12,19.89,20.05,6943769,34.73,35.07,34.67,34.94,3983900,2026-03-07T03:45:46Z
MCD,2006-03-21,20.02,20.16,19.89,19.89,9935399,34.9,35.14,34.67,34.67,5700300,2026-03-07T03:45:46Z
MCD,2006-03-22,19.97,20.16,19.86,20.1,7351954,34.8,35.13,34.62,35.03,4218100,2026-03-07T03:45:46Z
MCD,2006-03-23,19.82,19.97,19.71,19.97,8194163,34.54,34.81,34.36,34.81,4701300,2026-03-07T03:45:46Z
MCD,2006-03-24,19.91,20,19.74,19.82,5652059,34.7,34.86,34.4,34.54,3242800,2026-03-07T03:45:46Z
MCD,2006-03-27,19.82,19.88,19.72,19.75,5819046,34.55,34.65,34.37,34.42,3338600,2026-03-07T03:45:46Z
MCD,2006-03-28,19.68,19.95,19.67,19.71,7722708,34.31,34.77,34.28,34.36,4430800,2026-03-07T03:45:46Z
MCD,2006-03-29,19.85,19.88,19.6,19.62,4503457,34.6,34.65,34.16,34.2,2583800,2026-03-07T03:45:46Z
MCD,2006-03-30,19.82,19.97,19.61,19.74,7039989,34.55,34.8,34.18,34.41,4039100,2026-03-07T03:45:46Z
MCD,2006-03-31,19.71,19.87,19.66,19.74,7006870,34.36,34.63,34.26,34.41,4020100,2026-03-07T03:45:46Z
MCD,2006-04-03,19.93,20.03,19.75,19.77,10022006,34.73,34.91,34.43,34.45,5750000,2026-03-07T03:45:46Z
MCD,2006-04-04,19.89,20.03,19.83,20.01,7465625,34.66,34.91,34.57,34.88,4283300,2026-03-07T03:45:46Z
MCD,2006-04-05,19.97,20.02,19.75,19.84,9875772,34.81,34.89,34.43,34.58,5666100,2026-03-07T03:45:46Z
MCD,2006-04-06,19.85,20.03,19.78,19.78,7030747,34.6,34.91,34.47,34.47,4033800,2026-03-07T03:45:46Z
MCD,2006-04-07,20.01,20.07,19.78,19.87,8221166,34.88,34.99,34.48,34.63,4716800,2026-03-07T03:45:46Z
MCD,2006-04-10,20.28,20.34,20.05,20.08,10610611,35.35,35.45,34.95,35,6087700,2026-03-07T03:45:46Z
MCD,2006-04-11,20.4,20.41,20.19,20.3,9631392,35.55,35.57,35.19,35.39,5525900,2026-03-07T03:45:46Z
MCD,2006-04-12,20.19,20.32,20.06,20.29,11005393,35.19,35.41,34.97,35.37,6314200,2026-03-07T03:45:46Z
MCD,2006-04-13,19.99,20.36,19.91,20.36,18669467,34.85,35.49,34.7,35.49,10711400,2026-03-07T03:45:46Z
MCD,2006-04-17,19.69,19.98,19.54,19.95,10983577,34.32,34.83,34.05,34.78,6301700,2026-03-07T03:45:46Z
MCD,2006-04-18,19.78,19.9,19.57,19.69,9483938,34.48,34.68,34.11,34.32,5441300,2026-03-07T03:45:46Z
MCD,2006-04-19,19.82,20,19.7,19.7,5941053,34.55,34.85,34.33,34.33,3408600,2026-03-07T03:45:46Z
MCD,2006-04-20,20.13,20.14,19.82,19.82,8725424,35.08,35.11,34.55,34.55,5006100,2026-03-07T03:45:46Z
MCD,2006-04-21,19.85,20.08,19.71,20.01,11016371,34.6,35,34.36,34.88,6320500,2026-03-07T03:45:46Z
MCD,2006-04-24,19.66,19.77,19.55,19.71,9912345,34.26,34.45,34.08,34.35,5687100,2026-03-07T03:45:46Z
MCD,2006-04-25,19.42,19.61,19.4,19.54,12399233,33.85,34.17,33.81,34.06,7113900,2026-03-07T03:45:46Z
MCD,2006-04-26,19.57,19.58,19.34,19.45,7352311,34.11,34.13,33.71,33.9,4218300,2026-03-07T03:45:46Z
MCD,2006-04-27,19.86,19.88,19.42,19.42,8478263,34.62,34.65,33.85,33.85,4864300,2026-03-07T03:45:46Z
MCD,2006-04-28,19.83,19.92,19.68,19.85,8216302,34.57,34.72,34.3,34.6,4714000,2026-03-07T03:45:46Z
MCD,2006-05-01,19.72,19.94,19.68,19.87,7060530,34.37,34.75,34.31,34.64,4050900,2026-03-07T03:45:46Z
MCD,2006-05-02,19.74,19.81,19.63,19.74,6928955,34.41,34.53,34.22,34.4,3975400,2026-03-07T03:45:46Z
MCD,2006-05-03,20,20.01,19.69,19.78,7795546,34.86,34.88,34.32,34.48,4472600,2026-03-07T03:45:46Z
MCD,2006-05-04,19.99,20.13,19.97,20,8098108,34.85,35.08,34.8,34.85,4646200,2026-03-07T03:45:46Z
MCD,2006-05-05,20.2,20.22,20,20.01,11169566,35.21,35.25,34.85,34.88,6408400,2026-03-07T03:45:46Z
MCD,2006-05-08,20.3,20.3,20.2,20.2,7040142,35.39,35.39,35.2,35.21,4039200,2026-03-07T03:45:46Z
MCD,2006-05-09,20.56,20.61,20.41,20.48,10341148,35.83,35.93,35.57,35.7,5933100,2026-03-07T03:45:46Z
MCD,2006-05-10,20.63,20.65,20.48,20.52,8389899,35.96,35.99,35.69,35.76,4813600,2026-03-07T03:45:46Z
MCD,2006-05-11,20.28,20.63,20.21,20.63,8588604,35.35,35.96,35.22,35.95,4927600,2026-03-07T03:45:46Z
MCD,2006-05-12,20.01,20.38,20.01,20.29,9406898,34.88,35.52,34.87,35.37,5397100,2026-03-07T03:45:46Z
MCD,2006-05-15,20.06,20.08,19.86,20.01,7088607,34.97,35,34.61,34.88,4067000,2026-03-07T03:45:46Z
MCD,2006-05-16,19.91,20.15,19.89,20.11,5793239,34.7,35.12,34.67,35.05,3323800,2026-03-07T03:45:46Z
MCD,2006-05-17,19.83,19.94,19.75,19.81,11455395,34.56,34.76,34.43,34.53,6572400,2026-03-07T03:45:46Z
MCD,2006-05-18,19.76,20.06,19.74,19.98,9368056,34.44,34.97,34.41,34.83,5374800,2026-03-07T03:45:46Z
MCD,2006-05-19,19.59,19.92,19.49,19.88,10898384,34.15,34.72,33.97,34.65,6252800,2026-03-07T03:45:46Z
MCD,2006-05-22,19.52,19.59,19.23,19.55,12876785,34.03,34.14,33.51,34.08,7387900,2026-03-07T03:45:46Z
MCD,2006-05-23,19.24,19.58,19.24,19.52,9097897,33.53,34.13,33.53,34.03,5219800,2026-03-07T03:45:46Z
MCD,2006-05-24,18.9,19.32,18.81,19.3,16945162,32.95,33.68,32.79,33.63,9722100,2026-03-07T03:45:46Z
MCD,2006-05-25,19.08,19.09,18.86,19.01,12423804,33.26,33.28,32.88,33.14,7128000,2026-03-07T03:45:46Z
MCD,2006-05-26,18.89,19.13,18.86,19.13,10751279,32.92,33.35,32.88,33.35,6168400,2026-03-07T03:45:46Z
MCD,2006-05-30,18.77,18.98,18.71,18.82,7848011,32.72,33.08,32.62,32.8,4502700,2026-03-07T03:45:46Z
MCD,2006-05-31,19.03,19.09,18.77,18.81,10610760,33.17,33.28,32.72,32.78,6087800,2026-03-07T03:45:46Z
MCD,2006-06-01,19.32,19.36,18.91,18.92,11757629,33.68,33.74,32.96,32.97,6745800,2026-03-07T03:45:46Z
MCD,2006-06-02,19.23,19.38,19.08,19.25,7709814,33.51,33.78,33.25,33.55,4423400,2026-03-07T03:45:46Z
MCD,2006-06-05,19.02,19.25,18.98,19.23,7646876,33.15,33.56,33.08,33.51,4387300,2026-03-07T03:45:46Z
MCD,2006-06-06,19.11,19.25,18.82,19.08,10074815,33.31,33.55,32.81,33.25,5780300,2026-03-07T03:45:46Z
MCD,2006-06-07,19.12,19.38,19.11,19.22,8837854,33.32,33.77,33.3,33.5,5070600,2026-03-07T03:45:46Z
MCD,2006-06-08,19.33,19.36,18.92,19.26,14763382,33.69,33.74,32.98,33.57,8470300,2026-03-07T03:45:46Z
MCD,2006-06-09,19.15,19.44,19.15,19.31,7201187,33.38,33.88,33.38,33.65,4131600,2026-03-07T03:45:46Z
MCD,2006-06-12,18.89,19.29,18.84,19.22,9298665,32.93,33.62,32.83,33.5,5335000,2026-03-07T03:45:46Z
MCD,2006-06-13,18.33,19.2,18.2,19.2,13347376,31.94,33.47,31.73,33.47,7657900,2026-03-07T03:45:46Z
MCD,2006-06-14,18.85,18.91,18.34,18.36,13693178,32.85,32.96,31.97,32,7856300,2026-03-07T03:45:46Z
MCD,2006-06-15,19.13,19.24,18.73,18.88,11565360,33.35,33.53,32.64,32.91,6635500,2026-03-07T03:45:46Z
MCD,2006-06-16,19.01,19.13,18.9,19.11,10535980,33.14,33.35,32.94,33.31,6044900,2026-03-07T03:45:46Z
MCD,2006-06-19,18.85,19.08,18.8,19,7199101,32.85,33.25,32.76,33.11,4130400,2026-03-07T03:45:46Z
MCD,2006-06-20,18.91,19,18.76,18.93,8894828,32.96,33.11,32.7,33,5103300,2026-03-07T03:45:46Z
MCD,2006-06-21,19.16,19.24,18.85,18.85,12045599,33.4,33.54,32.85,32.85,6911000,2026-03-07T03:45:46Z
MCD,2006-06-22,18.68,19.16,18.64,19.05,9132377,32.55,33.4,32.48,33.2,5239600,2026-03-07T03:45:46Z
MCD,2006-06-23,18.7,18.94,18.65,18.68,6569917,32.6,33.01,32.5,32.55,3769400,2026-03-07T03:45:46Z
MCD,2006-06-26,18.74,18.82,18.61,18.7,6644664,32.66,32.8,32.43,32.6,3812300,2026-03-07T03:45:46Z
MCD,2006-06-27,18.65,18.81,18.64,18.65,8006799,32.51,32.79,32.49,32.5,4593800,2026-03-07T03:45:46Z
MCD,2006-06-28,18.34,18.7,18.31,18.65,14936961,31.97,32.59,31.91,32.5,8569900,2026-03-07T03:45:46Z
MCD,2006-06-29,19.25,19.33,18.59,18.59,15926124,33.56,33.69,32.4,32.4,9137400,2026-03-07T03:45:46Z
MCD,2006-06-30,19.28,19.85,19.26,19.4,13791658,33.6,34.6,33.57,33.81,7912800,2026-03-07T03:45:46Z
MCD,2006-07-03,19.49,19.51,19.26,19.34,3075268,33.97,34,33.57,33.7,1764400,2026-03-07T03:45:46Z
MCD,2006-07-05,19.37,19.44,19.11,19.19,7642685,33.76,33.88,33.3,33.45,4384900,2026-03-07T03:45:46Z
MCD,2006-07-06,19.33,19.41,19.18,19.35,6393346,33.69,33.84,33.43,33.72,3668100,2026-03-07T03:45:46Z
MCD,2006-07-07,19.04,19.34,18.98,19.23,7190225,33.18,33.71,33.09,33.52,4125300,2026-03-07T03:45:46Z
MCD,2006-07-10,19.32,19.44,19.16,19.22,6646935,33.68,33.89,33.39,33.5,3813600,2026-03-07T03:45:46Z
MCD,2006-07-11,19.67,19.7,19.11,19.39,9961011,34.28,34.33,33.3,33.79,5715000,2026-03-07T03:45:46Z
MCD,2006-07-12,19.4,19.77,19.31,19.73,9267287,33.81,34.45,33.66,34.38,5317000,2026-03-07T03:45:46Z
MCD,2006-07-13,19.03,19.32,18.98,19.25,7806346,33.17,33.68,33.08,33.55,4478800,2026-03-07T03:45:46Z
MCD,2006-07-14,18.96,19.01,18.79,18.91,8753822,33.04,33.13,32.75,32.96,5022400,2026-03-07T03:45:46Z
MCD,2006-07-17,19.92,20.06,19.39,19.51,22388772,34.72,34.96,33.79,34,12845300,2026-03-07T03:45:46Z
MCD,2006-07-18,19.97,20.17,19.83,20.08,14522497,34.81,35.16,34.57,35,8332100,2026-03-07T03:45:46Z
MCD,2006-07-19,20.13,20.2,19.91,19.97,10807877,35.09,35.2,34.7,34.81,6200900,2026-03-07T03:45:46Z
MCD,2006-07-20,19.89,20.08,19.8,20.03,8709548,34.67,35,34.52,34.91,4997000,2026-03-07T03:45:46Z
MCD,2006-07-21,19.91,19.94,19.77,19.92,9928403,34.7,34.75,34.45,34.72,5696300,2026-03-07T03:45:46Z
MCD,2006-07-24,19.99,20.06,19.83,19.9,7225783,34.84,34.96,34.57,34.69,4145700,2026-03-07T03:45:46Z
MCD,2006-07-25,19.94,20.28,19.88,20.08,14266987,34.76,35.34,34.65,35,8185500,2026-03-07T03:45:46Z
MCD,2006-07-26,19.77,19.95,19.73,19.79,11854524,34.45,34.77,34.39,34.49,6801400,2026-03-07T03:45:46Z
MCD,2006-07-27,19.93,20.05,19.77,19.91,9205082,34.73,34.95,34.45,34.7,5281300,2026-03-07T03:45:46Z
MCD,2006-07-28,20.25,20.31,19.86,19.97,8774394,35.29,35.4,34.62,34.8,5034200,2026-03-07T03:45:46Z
MCD,2006-07-31,20.3,20.37,20.16,20.29,7160407,35.39,35.5,35.13,35.37,4108200,2026-03-07T03:45:46Z
MCD,2006-08-01,20.13,20.21,20,20.2,6863596,35.08,35.23,34.85,35.2,3937900,2026-03-07T03:45:46Z
MCD,2006-08-02,20.42,20.48,20.07,20.37,9328315,35.59,35.7,34.98,35.5,5352000,2026-03-07T03:45:46Z
MCD,2006-08-03,20.56,20.66,20.17,20.28,9503104,35.84,36,35.15,35.35,5452300,2026-03-07T03:45:46Z
MCD,2006-08-04,20.32,20.69,20.21,20.64,8963656,35.41,36.06,35.23,35.98,5142800,2026-03-07T03:45:46Z
MCD,2006-08-07,20.38,20.4,20.2,20.22,4995314,35.53,35.56,35.21,35.25,2866000,2026-03-07T03:45:46Z
MCD,2006-08-08,20.17,20.47,20.05,20.39,14510302,35.16,35.68,34.95,35.53,8325100,2026-03-07T03:45:46Z
MCD,2006-08-09,19.71,20.38,19.66,20.37,15559745,34.36,35.52,34.26,35.5,8927200,2026-03-07T03:45:46Z
MCD,2006-08-10,20.01,20.13,19.63,19.64,7846629,34.87,35.08,34.22,34.23,4501900,2026-03-07T03:45:46Z
MCD,2006-08-11,19.9,20.06,19.79,20.01,4369758,34.69,34.96,34.5,34.87,2507100,2026-03-07T03:45:46Z
MCD,2006-08-14,19.92,20.14,19.89,20.11,6188708,34.72,35.1,34.66,35.05,3550700,2026-03-07T03:45:46Z
MCD,2006-08-15,20.37,20.41,20.04,20.18,8038337,35.5,35.57,34.93,35.18,4611900,2026-03-07T03:45:46Z
MCD,2006-08-16,20.64,20.65,20.33,20.42,7719223,35.97,35.99,35.43,35.59,4428800,2026-03-07T03:45:46Z
MCD,2006-08-17,20.79,20.8,20.61,20.66,7222623,36.24,36.25,35.92,36,4143900,2026-03-07T03:45:46Z
MCD,2006-08-18,20.76,20.79,20.6,20.79,5729281,36.18,36.24,35.91,36.24,3287100,2026-03-07T03:45:46Z
MCD,2006-08-21,20.49,20.71,20.44,20.71,5890663,35.71,36.1,35.62,36.1,3379700,2026-03-07T03:45:46Z
MCD,2006-08-22,20.43,20.66,20.33,20.49,5832444,35.6,36.01,35.43,35.71,3346300,2026-03-07T03:45:46Z
MCD,2006-08-23,20.42,20.5,20.23,20.4,6790219,35.59,35.74,35.26,35.56,3895800,2026-03-07T03:45:46Z
MCD,2006-08-24,20.59,20.59,20.17,20.42,7540034,35.88,35.88,35.16,35.59,4326000,2026-03-07T03:45:46Z
MCD,2006-08-25,20.21,20.48,20.17,20.44,5341808,35.23,35.69,35.16,35.62,3064800,2026-03-07T03:45:46Z
MCD,2006-08-28,20.55,20.61,20.16,20.17,6473356,35.81,35.93,35.14,35.15,3714000,2026-03-07T03:45:46Z
MCD,2006-08-29,20.7,20.74,20.5,20.55,5173433,36.08,36.15,35.73,35.81,2968200,2026-03-07T03:45:46Z
MCD,2006-08-30,20.74,20.77,20.54,20.75,5153927,36.15,36.2,35.8,36.17,2957000,2026-03-07T03:45:46Z
MCD,2006-08-31,20.6,20.76,20.52,20.75,4435647,35.9,36.19,35.77,36.16,2544900,2026-03-07T03:45:46Z
MCD,2006-09-01,21.09,21.11,20.66,20.8,12072937,36.76,36.8,36.01,36.25,6926700,2026-03-07T03:45:46Z
MCD,2006-09-05,21.03,21.09,20.89,20.97,6804324,36.65,36.76,36.42,36.55,3903900,2026-03-07T03:45:46Z
MCD,2006-09-06,20.78,20.99,20.75,20.86,9141450,36.22,36.58,36.17,36.35,5244800,2026-03-07T03:45:46Z
MCD,2006-09-07,20.95,21,20.68,20.72,7190394,36.52,36.61,36.05,36.12,4125400,2026-03-07T03:45:46Z
MCD,2006-09-08,21.52,21.52,20.86,21.05,14731794,37.5,37.51,36.35,36.69,8452200,2026-03-07T03:45:46Z
MCD,2006-09-11,21.3,21.66,21.29,21.57,19528650,37.12,37.75,37.1,37.6,11204300,2026-03-07T03:45:46Z
MCD,2006-09-12,21.92,21.97,21.43,21.46,33801653,38.2,38.29,37.35,37.4,19393300,2026-03-07T03:45:46Z
MCD,2006-09-13,21.71,21.85,21.69,21.69,22238943,37.84,38.09,37.8,37.8,12759300,2026-03-07T03:45:46Z
MCD,2006-09-14,21.42,21.7,21.25,21.6,16906005,37.33,37.83,37.03,37.65,9699600,2026-03-07T03:45:46Z
MCD,2006-09-15,21.65,21.7,21.38,21.54,22854021,37.73,37.83,37.27,37.55,13112200,2026-03-07T03:45:46Z
MCD,2006-09-18,21.47,21.66,21.4,21.65,8545354,37.42,37.75,37.3,37.73,4902800,2026-03-07T03:45:46Z
MCD,2006-09-19,21.56,21.63,21.42,21.53,9330380,37.58,37.7,37.33,37.53,5353200,2026-03-07T03:45:46Z
MCD,2006-09-20,21.68,21.76,21.58,21.68,11021417,37.78,37.93,37.62,37.78,6323400,2026-03-07T03:45:46Z
MCD,2006-09-21,22,22.04,21.69,21.73,14757093,38.34,38.42,37.8,37.88,8466700,2026-03-07T03:45:46Z
MCD,2006-09-22,21.92,22.11,21.84,21.97,9745052,38.21,38.53,38.07,38.29,5591100,2026-03-07T03:45:46Z
MCD,2006-09-25,22.29,22.35,21.85,21.92,27140287,38.85,38.96,38.08,38.2,15571400,2026-03-07T03:45:46Z
MCD,2006-09-26,22.41,22.43,22.12,22.15,13846917,39.06,39.09,38.55,38.61,7944500,2026-03-07T03:45:46Z
MCD,2006-09-27,22.85,22.98,22.62,22.62,25210511,39.82,40.06,39.43,39.43,14464200,2026-03-07T03:45:46Z
MCD,2006-09-28,22.71,22.91,22.51,22.81,13234779,39.59,39.93,39.23,39.76,7593300,2026-03-07T03:45:46Z
MCD,2006-09-29,22.44,22.88,22.44,22.69,20775539,39.12,39.88,39.11,39.55,11919700,2026-03-07T03:45:46Z
MCD,2006-10-02,22.67,22.82,22.35,22.45,24768782,39.51,39.77,38.95,39.12,14210800,2026-03-07T03:45:46Z
MCD,2006-10-03,22.77,22.98,22.73,22.73,66786478,39.68,40.05,39.62,39.62,38317900,2026-03-07T03:45:46Z
MCD,2006-10-04,22.95,23,22.78,22.85,92400275,40,40.09,39.7,39.83,53013500,2026-03-07T03:45:46Z
MCD,2006-10-05,22.83,22.98,22.76,22.93,151604366,39.8,40.05,39.67,39.96,86981296,2026-03-07T03:45:46Z
MCD,2006-10-06,23.01,23.11,22.65,22.93,36961870,40.11,40.28,39.48,39.96,21206400,2026-03-07T03:45:46Z
MCD,2006-10-09,23.28,23.35,22.95,23.04,25766520,40.57,40.7,40,40.15,14783200,2026-03-07T03:45:46Z
MCD,2006-10-10,23.43,23.45,23.21,23.24,14069350,40.84,40.88,40.45,40.5,8072100,2026-03-07T03:45:46Z
MCD,2006-10-11,23.67,23.68,23.29,23.3,18749492,41.25,41.28,40.6,40.61,10757300,2026-03-07T03:45:46Z
MCD,2006-10-12,24.23,24.36,23.98,24.04,33158588,42.23,42.46,41.8,41.9,19024300,2026-03-07T03:45:46Z
MCD,2006-10-13,24.16,24.22,24.01,24.04,42284469,42.11,42.22,41.85,41.9,24260200,2026-03-07T03:45:46Z
MCD,2006-10-16,24.17,24.25,23.93,24.06,21705591,42.12,42.27,41.71,41.93,12453300,2026-03-07T03:45:46Z
MCD,2006-10-17,23.87,24.08,23.79,24,17216046,41.6,41.97,41.46,41.84,9877500,2026-03-07T03:45:46Z
MCD,2006-10-18,23.79,24.15,23.66,24.09,26814522,41.47,42.09,41.23,41.99,15384500,2026-03-07T03:45:46Z
MCD,2006-10-19,23.39,23.79,22.95,23.77,35391064,40.77,41.47,40,41.43,20305200,2026-03-07T03:45:46Z
MCD,2006-10-20,23.79,23.79,23.4,23.58,22257560,41.47,41.47,40.78,41.1,12770000,2026-03-07T03:45:46Z
MCD,2006-10-23,24.18,24.3,23.72,23.73,22025575,42.14,42.36,41.35,41.37,12636900,2026-03-07T03:45:46Z
MCD,2006-10-24,24.24,24.36,24,24.04,19835384,42.25,42.46,41.84,41.9,11380300,2026-03-07T03:45:46Z
MCD,2006-10-25,24.1,24.37,23.92,24.23,15493829,42,42.48,41.69,42.24,8889400,2026-03-07T03:45:46Z
MCD,2006-10-26,24.16,24.18,23.87,24.05,11108035,42.11,42.15,41.61,41.92,6373100,2026-03-07T03:45:46Z
MCD,2006-10-27,23.79,24.06,23.76,23.99,12739271,41.47,41.93,41.41,41.82,7309000,2026-03-07T03:45:46Z
MCD,2006-10-30,24.05,24.07,23.65,23.8,15549603,41.92,41.96,41.22,41.48,8921400,2026-03-07T03:45:46Z
MCD,2006-10-31,24.05,24.23,23.87,24.2,17446113,41.92,42.24,41.6,42.18,10009500,2026-03-07T03:45:46Z
MCD,2006-11-01,24.02,24.18,23.96,24.18,11771212,41.86,42.15,41.76,42.15,6753600,2026-03-07T03:45:46Z
MCD,2006-11-02,24.13,24.15,23.88,23.94,14039847,42.05,42.1,41.62,41.73,8055200,2026-03-07T03:45:46Z
MCD,2006-11-03,23.66,24.15,23.64,24.13,12868099,41.24,42.1,41.21,42.05,7382900,2026-03-07T03:45:46Z
MCD,2006-11-06,24,24.04,23.66,23.84,13796925,41.83,41.9,41.24,41.55,7915800,2026-03-07T03:45:46Z
MCD,2006-11-07,23.91,24.14,23.9,24,28864295,41.67,42.08,41.66,41.83,16560500,2026-03-07T03:45:46Z
MCD,2006-11-08,24.11,24.24,23.72,23.88,13329432,42.03,42.25,41.35,41.62,7647600,2026-03-07T03:45:46Z
MCD,2006-11-09,24.15,24.17,24.02,24.11,13281864,42.09,42.12,41.86,42.03,7620300,2026-03-07T03:45:46Z
MCD,2006-11-10,24.08,24.22,24.08,24.15,15064531,41.97,42.22,41.97,42.1,8643100,2026-03-07T03:45:46Z
MCD,2006-11-13,24.4,24.45,24.01,24.21,17399350,41.51,41.6,40.85,41.2,10226300,2026-03-07T03:45:46Z
MCD,2006-11-14,24.26,24.47,24.03,24.45,14059918,41.27,41.64,40.88,41.6,8263600,2026-03-07T03:45:46Z
MCD,2006-11-15,24.16,24.51,24.09,24.2,17427711,41.1,41.7,40.99,41.18,10243000,2026-03-07T03:45:46Z
MCD,2006-11-16,24.49,24.56,24.13,24.27,13240337,41.67,41.79,41.06,41.3,7781900,2026-03-07T03:45:46Z
MCD,2006-11-17,24.58,24.58,24.26,24.49,10543389,41.82,41.82,41.28,41.67,6196800,2026-03-07T03:45:46Z
MCD,2006-11-20,24.62,24.68,24.48,24.56,13308226,41.89,42,41.65,41.78,7821800,2026-03-07T03:45:46Z
MCD,2006-11-21,24.72,24.83,24.63,24.67,14297957,42.06,42.25,41.91,41.98,8403500,2026-03-07T03:45:46Z
MCD,2006-11-22,24.77,24.83,24.54,24.72,8011006,42.15,42.25,41.75,42.06,4708400,2026-03-07T03:45:46Z
MCD,2006-11-24,24.61,24.84,24.49,24.61,3194773,41.88,42.26,41.67,41.87,1877700,2026-03-07T03:45:46Z
MCD,2006-11-27,24.16,24.73,24.13,24.68,12338234,41.1,42.07,41.05,42,7251700,2026-03-07T03:45:46Z
MCD,2006-11-28,24.33,24.37,23.97,24.1,11332872,41.4,41.47,40.79,41,6660800,2026-03-07T03:45:46Z
MCD,2006-11-29,24.6,24.65,24.37,24.42,12316969,41.85,41.94,41.47,41.55,7239200,2026-03-07T03:45:46Z
MCD,2006-11-30,24.67,24.76,24.42,24.65,10875704,41.97,42.12,41.55,41.94,6392100,2026-03-07T03:45:46Z
MCD,2006-12-01,24.73,24.84,24.51,24.79,10764750,42.08,42.26,41.7,42.18,6326900,2026-03-07T03:45:46Z
MCD,2006-12-04,24.98,25.08,24.68,24.71,8800472,42.5,42.67,42,42.05,5172400,2026-03-07T03:45:46Z
MCD,2006-12-05,25.13,25.53,24.98,25.12,11424261,42.75,43.43,42.51,42.74,6714500,2026-03-07T03:45:46Z
MCD,2006-12-06,25.25,25.27,25,25.24,9636199,42.96,43,42.54,42.95,5663600,2026-03-07T03:45:46Z
MCD,2006-12-07,25.44,25.53,25.25,25.27,9827090,43.28,43.43,42.96,43,5775800,2026-03-07T03:45:46Z
MCD,2006-12-08,25.72,25.8,25.42,25.58,12312029,43.76,43.89,43.25,43.52,7236300,2026-03-07T03:45:46Z
MCD,2006-12-11,25.61,25.74,25.49,25.57,7931540,43.58,43.79,43.37,43.5,4661700,2026-03-07T03:45:46Z
MCD,2006-12-12,25.3,25.61,25.16,25.56,9104000,43.04,43.58,42.81,43.49,5350800,2026-03-07T03:45:46Z
MCD,2006-12-13,25.62,25.67,25.36,25.39,8552553,43.59,43.68,43.15,43.2,5026700,2026-03-07T03:45:46Z
MCD,2006-12-14,25.68,25.82,25.5,25.57,7899058,43.69,43.94,43.38,43.51,4642600,2026-03-07T03:45:46Z
MCD,2006-12-15,25.51,25.83,25.34,25.68,12591909,43.41,43.95,43.12,43.69,7400800,2026-03-07T03:45:46Z
MCD,2006-12-18,25.55,25.71,25.42,25.47,8841301,43.48,43.75,43.25,43.34,5196400,2026-03-07T03:45:46Z
MCD,2006-12-19,25.85,25.86,25.41,25.55,10049977,43.99,44,43.24,43.48,5906800,2026-03-07T03:45:46Z
MCD,2006-12-20,25.78,26,25.71,25.86,10066347,43.86,44.24,43.74,44,5916400,2026-03-07T03:45:46Z
MCD,2006-12-21,25.78,25.98,25.7,25.86,9377768,43.87,44.2,43.73,44,5511700,2026-03-07T03:45:46Z
MCD,2006-12-22,25.61,25.85,25.58,25.78,6056403,43.57,43.98,43.52,43.87,3559600,2026-03-07T03:45:46Z
MCD,2006-12-26,25.75,25.81,25.57,25.66,3787712,43.81,43.92,43.5,43.66,2226200,2026-03-07T03:45:46Z
MCD,2006-12-27,26.05,26.07,25.75,25.83,6470527,44.33,44.36,43.82,43.95,3803000,2026-03-07T03:45:46Z
MCD,2006-12-28,26.07,26.23,25.87,26.06,5810890,44.36,44.63,44.02,44.34,3415300,2026-03-07T03:45:46Z
MCD,2006-12-29,26.05,26.26,25.92,25.96,5615559,44.33,44.68,44.1,44.17,3300500,2026-03-07T03:45:46Z
MCD,2007-01-03,25.78,26.08,25.57,25.66,12895814,43.87,44.38,43.5,43.65,7579400,2026-03-07T03:45:46Z
MCD,2007-01-04,25.59,25.78,25.2,25.71,16721614,43.54,43.86,42.87,43.75,9828000,2026-03-07T03:45:46Z
MCD,2007-01-05,25.59,25.75,25.47,25.51,9699659,43.54,43.82,43.34,43.4,5700900,2026-03-07T03:45:46Z
MCD,2007-01-08,25.69,25.77,25.42,25.57,7721925,43.71,43.85,43.25,43.5,4538500,2026-03-07T03:45:46Z
MCD,2007-01-09,25.74,25.95,25.62,25.78,11625689,43.79,44.15,43.59,43.86,6832900,2026-03-07T03:45:46Z
MCD,2007-01-10,26.01,26.03,25.54,25.73,10846281,44.26,44.29,43.46,43.78,6374800,2026-03-07T03:45:46Z
MCD,2007-01-11,26.16,26.21,25.93,25.99,9573756,44.51,44.6,44.11,44.22,5626900,2026-03-07T03:45:46Z
MCD,2007-01-12,25.99,26.26,25.91,26.25,12085258,44.22,44.68,44.09,44.67,7103000,2026-03-07T03:45:46Z
MCD,2007-01-16,26.2,26.24,25.96,26.07,9149783,44.57,44.65,44.17,44.36,5377700,2026-03-07T03:45:46Z
MCD,2007-01-17,26.37,26.48,26.09,26.2,16060962,44.86,45.06,44.39,44.57,9439700,2026-03-07T03:45:46Z
MCD,2007-01-18,26.21,26.44,26.17,26.37,7980547,44.59,44.99,44.52,44.87,4690500,2026-03-07T03:45:46Z
MCD,2007-01-19,26.34,26.39,26.04,26.25,8706037,44.81,44.9,44.3,44.67,5116900,2026-03-07T03:45:46Z
MCD,2007-01-22,26.07,26.33,25.98,26.33,8367635,44.35,44.8,44.2,44.8,4918000,2026-03-07T03:45:46Z
MCD,2007-01-23,26.36,26.45,26.1,26.18,10447111,44.85,45,44.4,44.55,6140200,2026-03-07T03:45:46Z
MCD,2007-01-24,25.95,26.14,25.88,26.12,18748012,44.16,44.48,44.04,44.45,11019000,2026-03-07T03:45:46Z
MCD,2007-01-25,25.27,25.94,25.19,25.85,18086511,43,44.14,42.86,43.98,10630200,2026-03-07T03:45:46Z
MCD,2007-01-26,25.23,25.33,25,25.29,14534134,42.93,43.09,42.54,43.02,8542300,2026-03-07T03:45:46Z
MCD,2007-01-29,25.41,25.66,25.13,25.14,14057351,43.23,43.65,42.75,42.78,8262100,2026-03-07T03:45:46Z
MCD,2007-01-30,25.73,25.77,25.55,25.55,9899267,43.77,43.85,43.48,43.48,5818200,2026-03-07T03:45:46Z
MCD,2007-01-31,26.07,26.12,25.66,25.73,12507046,44.35,44.44,43.65,43.77,7350900,2026-03-07T03:45:46Z
MCD,2007-02-01,26.14,26.17,25.98,26.01,10356099,44.48,44.52,44.2,44.26,6086700,2026-03-07T03:45:46Z
MCD,2007-02-02,26.18,26.3,26.11,26.14,8037719,44.54,44.74,44.42,44.48,4724100,2026-03-07T03:45:46Z
MCD,2007-02-05,26.17,26.28,26.04,26.13,5990565,44.53,44.71,44.3,44.46,3520900,2026-03-07T03:45:46Z
MCD,2007-02-06,26.31,26.37,26.11,26.27,6833953,44.77,44.86,44.43,44.7,4016600,2026-03-07T03:45:46Z
MCD,2007-02-07,26.28,26.38,26.13,26.3,5720201,44.72,44.88,44.46,44.75,3362000,2026-03-07T03:45:46Z
MCD,2007-02-08,26.07,26.35,25.94,26.29,10239889,44.35,44.84,44.14,44.73,6018400,2026-03-07T03:45:46Z
MCD,2007-02-09,26.19,26.39,26.11,26.14,8416442,44.56,44.9,44.42,44.47,4946700,2026-03-07T03:45:46Z
MCD,2007-02-12,26.29,26.39,26.1,26.15,9613061,44.73,44.9,44.4,44.5,5650000,2026-03-07T03:45:46Z
MCD,2007-02-13,26.39,26.43,26.28,26.36,8699740,44.9,44.97,44.71,44.85,5113200,2026-03-07T03:45:46Z
MCD,2007-02-14,26.46,26.48,26.28,26.42,9121364,45.02,45.05,44.71,44.95,5361000,2026-03-07T03:45:46Z
MCD,2007-02-15,26.44,26.59,26.35,26.39,7022308,44.98,45.24,44.84,44.9,4127300,2026-03-07T03:45:46Z
MCD,2007-02-16,26.64,26.67,26.37,26.45,11581471,45.32,45.38,44.86,45,6806900,2026-03-07T03:45:46Z
MCD,2007-02-20,26.92,26.98,26.48,26.55,11948092,45.8,45.9,45.05,45.17,7022400,2026-03-07T03:45:46Z
MCD,2007-02-21,27.02,27.11,26.88,26.88,9564060,45.97,46.12,45.74,45.74,5621200,2026-03-07T03:45:46Z
MCD,2007-02-22,27.07,27.09,26.92,26.95,8173659,46.05,46.09,45.81,45.85,4804000,2026-03-07T03:45:46Z
MCD,2007-02-23,27.04,27.16,26.94,27.07,6563596,46.01,46.21,45.83,46.05,3857700,2026-03-07T03:45:46Z
MCD,2007-02-26,26.92,27.12,26.89,27.04,10047428,45.8,46.15,45.76,46.01,5905300,2026-03-07T03:45:46Z
MCD,2007-02-27,26.13,26.89,25.86,26.77,16521710,44.46,45.75,44,45.54,9710500,2026-03-07T03:45:46Z
MCD,2007-02-28,25.68,26.19,25.5,26.19,19907751,43.69,44.56,43.38,44.56,11700600,2026-03-07T03:45:46Z
MCD,2007-03-01,25.92,26.12,25.24,25.56,18255984,44.1,44.44,42.94,43.49,10729800,2026-03-07T03:45:46Z
MCD,2007-03-02,25.67,26.14,25.64,25.92,10971477,43.67,44.47,43.63,44.1,6448400,2026-03-07T03:45:46Z
MCD,2007-03-05,25.22,25.7,25.18,25.54,11690508,42.91,43.73,42.85,43.46,6871000,2026-03-07T03:45:46Z
MCD,2007-03-06,25.33,25.42,24.87,25.37,12430784,43.1,43.25,42.31,43.17,7306100,2026-03-07T03:45:46Z
MCD,2007-03-07,25.33,25.43,25.07,25.23,10191708,43.1,43.26,42.65,42.92,5990100,2026-03-07T03:45:46Z
MCD,2007-03-08,25.65,25.95,25.51,25.86,11660245,43.64,44.16,43.4,44,6853200,2026-03-07T03:45:46Z
MCD,2007-03-09,25.95,26.15,25.73,25.74,10578965,44.15,44.49,43.78,43.8,6217700,2026-03-07T03:45:46Z
MCD,2007-03-12,26.25,26.38,25.91,25.92,12474026,44.67,44.89,44.09,44.1,7331500,2026-03-07T03:45:46Z
MCD,2007-03-13,25.55,26.23,25.53,26.23,14654231,43.48,44.63,43.43,44.62,8612900,2026-03-07T03:45:46Z
MCD,2007-03-14,25.65,25.78,25.31,25.61,11185367,43.65,43.87,43.06,43.57,6574100,2026-03-07T03:45:46Z
MCD,2007-03-15,25.55,25.71,25.51,25.57,9639450,43.47,43.75,43.4,43.5,5665500,2026-03-07T03:45:46Z
MCD,2007-03-16,25.55,25.7,24.98,24.98,16697136,43.48,43.73,42.5,42.5,9813600,2026-03-07T03:45:46Z
MCD,2007-03-19,25.78,26,25.66,25.66,8470396,43.87,44.24,43.65,43.65,4978400,2026-03-07T03:45:46Z
MCD,2007-03-20,26.04,26.07,25.71,25.83,6685938,44.31,44.35,43.74,43.95,3929600,2026-03-07T03:45:46Z
MCD,2007-03-21,26.22,26.27,25.75,26.02,7739611,44.61,44.7,43.82,44.27,4548900,2026-03-07T03:45:46Z
MCD,2007-03-22,26.15,26.25,26.08,26.18,10907865,44.49,44.67,44.37,44.55,6411000,2026-03-07T03:45:46Z
MCD,2007-03-23,26.48,26.53,26.06,26.45,10277970,45.05,45.14,44.34,45,6040800,2026-03-07T03:45:46Z
MCD,2007-03-26,26.52,26.74,26.24,26.74,9018249,45.12,45.49,44.65,45.49,5300400,2026-03-07T03:45:46Z
MCD,2007-03-27,26.47,26.56,26.34,26.37,8035328,45.04,45.19,44.82,44.87,4722700,2026-03-07T03:45:46Z
MCD,2007-03-28,26.35,26.47,26.13,26.36,10179286,44.83,45.04,44.46,44.85,5982800,2026-03-07T03:45:46Z
MCD,2007-03-29,26.37,26.62,26.25,26.62,8957496,44.87,45.3,44.66,45.29,5264700,2026-03-07T03:45:46Z
MCD,2007-03-30,26.48,26.61,26.28,26.42,8116989,45.05,45.27,44.71,44.95,4770700,2026-03-07T03:45:46Z
MCD,2007-04-02,26.34,26.53,26.01,26.02,7927796,44.82,45.14,44.26,44.28,4659500,2026-03-07T03:45:46Z
MCD,2007-04-03,26.6,26.65,26.41,26.45,9826591,45.26,45.35,44.94,45,5775500,2026-03-07T03:45:46Z
MCD,2007-04-04,26.58,26.74,26.47,26.47,5469420,45.23,45.49,45.04,45.04,3214600,2026-03-07T03:45:46Z
MCD,2007-04-05,26.91,26.92,26.52,26.59,8285957,45.78,45.81,45.13,45.24,4870000,2026-03-07T03:45:46Z
MCD,2007-04-09,27.32,27.41,26.92,27.01,13487903,46.49,46.63,45.81,45.95,7927400,2026-03-07T03:45:46Z
MCD,2007-04-10,27.22,27.28,27.07,27.2,9456882,46.31,46.42,46.06,46.27,5558200,2026-03-07T03:45:46Z
MCD,2007-04-11,27.29,27.47,27.18,27.22,14693882,46.44,46.74,46.24,46.31,8636200,2026-03-07T03:45:46Z
MCD,2007-04-12,27.41,27.62,27.12,27.32,9683844,46.63,47,46.15,46.49,5691600,2026-03-07T03:45:46Z
MCD,2007-04-13,28,28.16,27.55,27.74,16220058,47.64,47.92,46.87,47.2,9533200,2026-03-07T03:45:46Z
MCD,2007-04-16,28.27,28.27,27.87,28.01,16413829,48.1,48.1,47.42,47.66,9647100,2026-03-07T03:45:46Z
MCD,2007-04-17,28.81,28.88,28.24,28.24,24381303,49.01,49.13,48.05,48.05,14329900,2026-03-07T03:45:46Z
MCD,2007-04-18,28.73,28.78,28.55,28.64,11455718,48.88,48.96,48.57,48.73,6733000,2026-03-07T03:45:46Z
MCD,2007-04-19,28.67,28.8,28.4,28.8,11170227,48.78,49,48.32,49,6565200,2026-03-07T03:45:46Z
MCD,2007-04-20,28.42,29.21,28.02,29.17,21411776,48.36,49.7,47.67,49.63,12584600,2026-03-07T03:45:46Z
MCD,2007-04-23,28.59,28.68,28.35,28.45,11595252,48.64,48.8,48.23,48.4,6815000,2026-03-07T03:45:46Z
MCD,2007-04-24,28.49,28.6,28.29,28.47,11299366,48.47,48.66,48.13,48.44,6641100,2026-03-07T03:45:46Z
MCD,2007-04-25,28.58,28.77,28.4,28.63,11883954,48.63,48.95,48.32,48.71,6984700,2026-03-07T03:45:46Z
MCD,2007-04-26,28.93,29.04,28.64,28.67,11653939,49.23,49.41,48.73,48.78,6849500,2026-03-07T03:45:46Z
MCD,2007-04-27,28.77,28.86,28.62,28.68,6836179,48.95,49.1,48.7,48.8,4017900,2026-03-07T03:45:46Z
MCD,2007-04-30,28.38,28.74,28.36,28.71,13978744,48.28,48.9,48.26,48.85,8215900,2026-03-07T03:45:46Z
MCD,2007-05-01,28.88,28.92,28.34,28.34,11076814,49.14,49.2,48.21,48.21,6510300,2026-03-07T03:45:46Z
MCD,2007-05-02,29.4,29.42,28.95,28.99,16087020,50.02,50.06,49.25,49.33,9455000,2026-03-07T03:45:46Z
MCD,2007-05-03,29.33,29.4,29.14,29.39,13542338,49.91,50.02,49.58,50,7959400,2026-03-07T03:45:46Z
MCD,2007-05-04,29.34,29.39,29.12,29.37,8330860,49.92,50.01,49.55,49.97,4896400,2026-03-07T03:45:46Z
MCD,2007-05-07,29.09,29.39,29.05,29.16,15953103,49.5,50,49.42,49.61,9376300,2026-03-07T03:45:46Z
MCD,2007-05-08,28.99,29.3,28.98,29.06,8014410,49.32,49.85,49.3,49.45,4710400,2026-03-07T03:45:46Z
MCD,2007-05-09,29.29,29.36,28.95,29.03,10723435,49.84,49.95,49.25,49.39,6302600,2026-03-07T03:45:46Z
MCD,2007-05-10,29.39,29.46,29.17,29.22,22060359,50,50.12,49.63,49.71,12965800,2026-03-07T03:45:46Z
MCD,2007-05-11,29.77,29.83,29.14,29.27,17515697,50.65,50.76,49.58,49.8,10294700,2026-03-07T03:45:46Z
MCD,2007-05-14,29.76,29.89,29.67,29.74,12605861,50.63,50.85,50.48,50.6,7409000,2026-03-07T03:45:46Z
MCD,2007-05-15,30.13,30.49,29.76,29.83,16718748,51.27,51.88,50.63,50.76,9826300,2026-03-07T03:45:46Z
MCD,2007-05-16,30.54,30.62,29.82,30.14,18807093,51.97,52.09,50.74,51.29,11053700,2026-03-07T03:45:46Z
MCD,2007-05-17,30.72,30.72,30.27,30.33,22694308,52.26,52.27,51.51,51.6,13338400,2026-03-07T03:45:46Z
MCD,2007-05-18,30.76,30.81,30.46,30.81,22893068,52.33,52.42,51.82,52.42,13455200,2026-03-07T03:45:46Z
MCD,2007-05-21,30.72,30.76,30.56,30.76,20195578,52.27,52.33,51.99,52.33,11869800,2026-03-07T03:45:46Z
MCD,2007-05-22,30.86,30.9,30.53,30.64,16877333,52.5,52.58,51.95,52.13,9919500,2026-03-07T03:45:46Z
MCD,2007-05-23,30.31,30.86,30.18,30.77,12033873,51.57,52.5,51.35,52.35,7072800,2026-03-07T03:45:46Z
MCD,2007-05-24,29.95,30.6,29.82,30.44,13844524,50.96,52.07,50.74,51.79,8137000,2026-03-07T03:45:46Z
MCD,2007-05-25,29.92,30.14,29.82,29.94,8463767,50.9,51.29,50.73,50.94,4974500,2026-03-07T03:45:46Z
MCD,2007-05-29,29.75,29.93,29.47,29.93,10964343,50.61,50.92,50.14,50.92,6444200,2026-03-07T03:45:46Z
MCD,2007-05-30,29.52,29.69,29.26,29.64,13929401,50.23,50.52,49.79,50.43,8186900,2026-03-07T03:45:46Z
MCD,2007-05-31,29.71,29.88,29.56,29.77,13478048,50.55,50.83,50.3,50.65,7921600,2026-03-07T03:45:46Z
MCD,2007-06-01,29.95,30.11,29.71,30.08,6606822,50.95,51.23,50.55,51.18,3883100,2026-03-07T03:45:46Z
MCD,2007-06-04,30.03,30.1,29.65,29.95,8459668,51.1,51.21,50.45,50.95,4972100,2026-03-07T03:45:46Z
MCD,2007-06-05,29.89,30.09,29.64,30.03,10223356,50.85,51.2,50.43,51.1,6008700,2026-03-07T03:45:46Z
MCD,2007-06-06,29.76,29.9,29.66,29.89,12712062,50.64,50.88,50.47,50.85,7471400,2026-03-07T03:45:46Z
MCD,2007-06-07,29.51,30.26,29.51,29.79,14115048,50.21,51.48,50.21,50.68,8296000,2026-03-07T03:45:46Z
MCD,2007-06-08,30.22,30.26,29.72,29.97,20496760,51.41,51.48,50.56,50.99,12046800,2026-03-07T03:45:46Z
MCD,2007-06-11,30.12,30.34,29.96,30.25,10373081,51.25,51.62,50.98,51.47,6096700,2026-03-07T03:45:46Z
MCD,2007-06-12,30.26,30.62,30.18,30.22,14703757,51.48,52.1,51.35,51.42,8642000,2026-03-07T03:45:46Z
MCD,2007-06-13,30.67,30.69,30.12,30.21,12697770,52.19,52.22,51.25,51.4,7463000,2026-03-07T03:45:46Z
MCD,2007-06-14,30.71,30.87,30.43,30.62,8672518,52.25,52.53,51.77,52.1,5097200,2026-03-07T03:45:46Z
MCD,2007-06-15,30.66,30.91,30.64,30.85,10914652,52.17,52.6,52.13,52.49,6415000,2026-03-07T03:45:46Z
MCD,2007-06-18,30.8,30.86,30.38,30.6,9954020,52.4,52.51,51.69,52.07,5850400,2026-03-07T03:45:46Z
MCD,2007-06-19,30.84,31.08,30.67,30.71,10220811,52.48,52.88,52.19,52.25,6007200,2026-03-07T03:45:46Z
MCD,2007-06-20,30.17,30.84,30.15,30.8,12925738,51.33,52.47,51.3,52.41,7597000,2026-03-07T03:45:46Z
MCD,2007-06-21,30.02,30.19,29.76,30.16,9915739,51.07,51.37,50.64,51.32,5827900,2026-03-07T03:45:46Z
MCD,2007-06-22,29.63,30.03,29.4,29.95,17851060,50.42,51.09,50.02,50.96,10491800,2026-03-07T03:45:46Z
MCD,2007-06-25,30.15,30.47,29.5,29.74,18424450,51.3,51.85,50.19,50.6,10828800,2026-03-07T03:45:46Z
MCD,2007-06-26,30.42,30.53,30.09,30.27,14593160,51.75,51.94,51.2,51.5,8577000,2026-03-07T03:45:46Z
MCD,2007-06-27,30.17,30.36,30.09,30.3,14359567,51.34,51.66,51.19,51.55,8439700,2026-03-07T03:45:46Z
MCD,2007-06-28,29.89,30.25,29.85,30.19,9350525,50.85,51.47,50.79,51.36,5495700,2026-03-07T03:45:46Z
MCD,2007-06-29,29.83,30.19,29.66,30.1,11181600,50.76,51.37,50.47,51.22,6571900,2026-03-07T03:45:46Z
MCD,2007-07-02,30.2,30.21,29.86,30.09,20067298,51.38,51.4,50.81,51.19,11794400,2026-03-07T03:45:46Z
MCD,2007-07-03,30.21,30.6,30.18,30.23,8217221,51.4,52.06,51.34,51.44,4829600,2026-03-07T03:45:46Z
MCD,2007-07-05,30.1,30.49,30.03,30.21,10546828,51.21,51.87,51.1,51.4,6198800,2026-03-07T03:45:46Z
MCD,2007-07-06,30.23,30.34,29.98,30.18,10007305,51.43,51.62,51,51.35,5881700,2026-03-07T03:45:46Z
MCD,2007-07-09,30.06,30.24,29.86,30.23,8511564,51.14,51.45,50.81,51.44,5002600,2026-03-07T03:45:46Z
MCD,2007-07-10,29.59,30.04,29.53,29.88,11070004,50.34,51.11,50.25,50.83,6506300,2026-03-07T03:45:46Z
MCD,2007-07-11,29.81,29.9,29.52,29.52,7329059,50.72,50.88,50.23,50.23,4307600,2026-03-07T03:45:46Z
MCD,2007-07-12,30.36,30.36,29.68,29.98,11209671,51.65,51.66,50.5,51,6588400,2026-03-07T03:45:46Z
MCD,2007-07-13,30.51,30.86,30.21,30.4,11862512,51.91,52.5,51.4,51.73,6972100,2026-03-07T03:45:46Z
MCD,2007-07-16,30.62,30.9,30.46,30.9,10472981,52.1,52.57,51.82,52.57,6155400,2026-03-07T03:45:46Z
MCD,2007-07-17,30.66,30.8,30.56,30.57,9335735,52.16,52.4,52,52.02,5487000,2026-03-07T03:45:46Z
MCD,2007-07-18,30.68,31.06,30.52,30.7,8654827,52.2,52.84,51.92,52.23,5086800,2026-03-07T03:45:46Z
MCD,2007-07-19,30.96,30.99,30.66,30.97,5703875,52.67,52.73,52.16,52.69,3352400,2026-03-07T03:45:46Z
MCD,2007-07-20,30.62,31.28,30.53,30.99,12793190,52.09,53.22,51.95,52.73,7519100,2026-03-07T03:45:46Z
MCD,2007-07-23,30.86,31.07,30.5,30.95,9241656,52.5,52.87,51.89,52.65,5431700,2026-03-07T03:45:46Z
MCD,2007-07-24,30.3,31.02,30.26,30.39,12164180,51.55,52.78,51.49,51.7,7149400,2026-03-07T03:45:46Z
MCD,2007-07-25,29.95,30.56,29.85,30.33,14810596,50.96,52,50.79,51.61,8704800,2026-03-07T03:45:46Z
MCD,2007-07-26,29.09,30,28.72,29.77,29508213,49.5,51.04,48.86,50.65,17343200,2026-03-07T03:45:46Z
MCD,2007-07-27,28.66,29.11,28.49,28.92,19168272,48.76,49.53,48.47,49.2,11266000,2026-03-07T03:45:46Z
MCD,2007-07-30,28.44,28.75,28.24,28.69,14451257,48.39,48.92,48.05,48.81,8493600,2026-03-07T03:45:46Z
MCD,2007-07-31,28.14,28.74,28.13,28.48,14459239,47.87,48.9,47.86,48.45,8498300,2026-03-07T03:45:46Z
MCD,2007-08-01,28.37,28.43,27.92,28.02,21245381,48.27,48.37,47.5,47.68,12486800,2026-03-07T03:45:46Z
MCD,2007-08-02,28.79,28.96,28.25,28.46,20718599,48.99,49.28,48.07,48.42,12177200,2026-03-07T03:45:46Z
MCD,2007-08-03,28.52,29.04,28.48,28.82,13165829,48.52,49.41,48.46,49.04,7738100,2026-03-07T03:45:46Z
MCD,2007-08-06,29.07,29.11,28.36,28.37,17005090,49.46,49.53,48.26,48.27,9994600,2026-03-07T03:45:46Z
MCD,2007-08-07,29.23,29.56,28.8,28.8,12389113,49.73,50.3,49,49,7281600,2026-03-07T03:45:46Z
MCD,2007-08-08,29.56,29.98,28.4,29.33,17426380,50.29,51,48.32,49.9,10242200,2026-03-07T03:45:46Z
MCD,2007-08-09,29.35,30.49,28.8,29.09,22559093,49.93,51.88,49.01,49.5,13258900,2026-03-07T03:45:46Z
MCD,2007-08-10,29.04,29.35,28.56,29.18,14483581,49.41,49.93,48.59,49.65,8512600,2026-03-07T03:45:46Z
MCD,2007-08-13,28.63,29.38,28.56,29.2,11559157,48.71,49.99,48.6,49.69,6793800,2026-03-07T03:45:46Z
MCD,2007-08-14,28.21,28.63,27.85,28.57,17113131,48,48.71,47.38,48.61,10058100,2026-03-07T03:45:46Z
MCD,2007-08-15,27.95,28.65,27.92,28.33,13965487,47.56,48.75,47.5,48.2,8208100,2026-03-07T03:45:46Z
MCD,2007-08-16,28.25,28.42,27.41,27.54,18597482,48.07,48.35,46.64,46.85,10930500,2026-03-07T03:45:46Z
MCD,2007-08-17,27.96,28.92,27.82,28.89,20678109,47.57,49.2,47.33,49.16,12153400,2026-03-07T03:45:46Z
MCD,2007-08-20,28.38,28.64,28.01,28.05,8751477,48.29,48.72,47.66,47.73,5143600,2026-03-07T03:45:46Z
MCD,2007-08-21,28.49,28.7,28.25,28.52,9495851,48.47,48.84,48.06,48.52,5581100,2026-03-07T03:45:46Z
MCD,2007-08-22,29.01,29.06,28.54,28.58,10863967,49.36,49.45,48.56,48.62,6385200,2026-03-07T03:45:46Z
MCD,2007-08-23,29.3,29.41,29.09,29.19,11342065,49.85,50.03,49.5,49.67,6666200,2026-03-07T03:45:46Z
MCD,2007-08-24,29.46,29.66,29.17,29.3,9950464,50.12,50.46,49.63,49.85,5848300,2026-03-07T03:45:46Z
MCD,2007-08-27,29.08,29.72,29.03,29.39,7716820,49.47,50.56,49.39,50,4535500,2026-03-07T03:45:46Z
MCD,2007-08-28,28.59,29.15,28.51,29.15,9834271,48.64,49.59,48.5,49.59,5780000,2026-03-07T03:45:46Z
MCD,2007-08-29,28.91,28.98,28.31,28.62,11485322,49.19,49.31,48.17,48.7,6750400,2026-03-07T03:45:46Z
MCD,2007-08-30,28.7,28.92,28.58,28.66,7026222,48.83,49.21,48.63,48.77,4129600,2026-03-07T03:45:46Z
MCD,2007-08-31,28.95,29.12,28.87,28.96,6949306,49.25,49.54,49.12,49.28,4084400,2026-03-07T03:45:46Z
MCD,2007-09-04,29.19,29.26,28.84,28.88,9859961,49.66,49.79,49.07,49.13,5795100,2026-03-07T03:45:46Z
MCD,2007-09-05,28.94,29.39,28.79,29.02,7053609,49.24,50,48.98,49.37,4145700,2026-03-07T03:45:46Z
MCD,2007-09-06,29.25,29.31,28.69,28.92,9983306,49.76,49.87,48.81,49.2,5867600,2026-03-07T03:45:46Z
MCD,2007-09-07,28.94,29.14,28.8,29.09,9900268,49.24,49.58,49,49.5,5818800,2026-03-07T03:45:46Z
MCD,2007-09-10,29.48,29.75,29.09,29.09,15209255,50.15,50.62,49.49,49.49,8939100,2026-03-07T03:45:46Z
MCD,2007-09-11,30.42,30.88,29.93,29.98,29393364,51.76,52.54,50.93,51.01,17275700,2026-03-07T03:45:46Z
MCD,2007-09-12,30.09,30.53,30.07,30.49,13112722,51.2,51.95,51.16,51.88,7706900,2026-03-07T03:45:46Z
MCD,2007-09-13,31.91,32.14,30.95,30.97,34209385,54.3,54.68,52.66,52.69,20106300,2026-03-07T03:45:46Z
MCD,2007-09-14,32.59,32.63,31.21,31.68,26553652,55.45,55.51,53.11,53.9,15606700,2026-03-07T03:45:46Z
MCD,2007-09-17,32.11,32.58,31.82,32.5,19944478,54.64,55.44,54.14,55.3,11722200,2026-03-07T03:45:46Z
MCD,2007-09-18,32.34,32.44,32.1,32.31,18910886,55.02,55.19,54.61,54.97,11114700,2026-03-07T03:45:46Z
MCD,2007-09-19,32.57,32.76,32.18,32.24,20154411,55.41,55.73,54.75,54.85,11845600,2026-03-07T03:45:46Z
MCD,2007-09-20,32.25,32.7,32.2,32.56,14013802,54.87,55.63,54.79,55.4,8236500,2026-03-07T03:45:46Z
MCD,2007-09-21,32.21,32.61,32.15,32.61,17483045,54.8,55.48,54.7,55.48,10275500,2026-03-07T03:45:46Z
MCD,2007-09-24,32.3,32.56,32.16,32.21,8018484,54.96,55.4,54.71,54.8,4712800,2026-03-07T03:45:46Z
MCD,2007-09-25,31.83,32.27,31.67,32.21,23092806,54.15,54.9,53.89,54.8,13572600,2026-03-07T03:45:46Z
MCD,2007-09-26,32.21,32.28,31.86,31.94,13116665,54.8,54.92,54.2,54.35,7709200,2026-03-07T03:45:46Z
MCD,2007-09-27,32.07,32.3,31.77,32.23,11484972,54.56,54.95,54.06,54.83,6750200,2026-03-07T03:45:46Z
MCD,2007-09-28,32.01,32.27,31.8,32.01,12331943,54.47,54.9,54.11,54.46,7248000,2026-03-07T03:45:46Z
MCD,2007-10-01,32.92,33.04,32.13,32.18,14043929,56.01,56.22,54.67,54.75,8254200,2026-03-07T03:45:46Z
MCD,2007-10-02,32.88,33.17,32.73,33.12,13528070,55.95,56.44,55.68,56.36,7951000,2026-03-07T03:45:46Z
MCD,2007-10-03,32.98,33.05,32.64,32.88,9808046,56.11,56.24,55.54,55.95,5764600,2026-03-07T03:45:46Z
MCD,2007-10-04,32.94,33.14,32.83,33.04,8288345,56.04,56.39,55.85,56.22,4871400,2026-03-07T03:45:46Z
MCD,2007-10-05,33.13,33.24,32.87,32.95,10247357,56.37,56.56,55.93,56.07,6022800,2026-03-07T03:45:46Z
MCD,2007-10-08,33.42,33.47,32.92,32.98,7185292,56.87,56.95,56.02,56.11,4223100,2026-03-07T03:45:46Z
MCD,2007-10-09,33.72,33.77,33.33,33.51,10997013,57.38,57.46,56.7,57.02,6463400,2026-03-07T03:45:46Z
MCD,2007-10-10,33.52,33.81,33.08,33.6,11140610,57.03,57.53,56.28,57.17,6547800,2026-03-07T03:45:46Z
MCD,2007-10-11,33.06,33.75,32.88,33.68,13555942,56.25,57.42,55.95,57.31,7967400,2026-03-07T03:45:46Z
MCD,2007-10-12,33.51,33.71,33.02,33.41,21372674,57.02,57.36,56.18,56.85,12561600,2026-03-07T03:45:46Z
MCD,2007-10-15,33.03,33.71,32.87,33.67,16003971,56.19,57.35,55.93,57.29,9406200,2026-03-07T03:45:46Z
MCD,2007-10-16,33.39,33.53,32.94,33.06,16282326,56.81,57.05,56.04,56.25,9569800,2026-03-07T03:45:46Z
MCD,2007-10-17,33.48,33.67,33.18,33.63,9326877,56.96,57.29,56.45,57.22,5481800,2026-03-07T03:45:46Z
MCD,2007-10-18,33.38,33.56,33.31,33.44,6314178,56.79,57.1,56.67,56.89,3711100,2026-03-07T03:45:46Z
MCD,2007-10-19,33.16,33.54,33.1,33.12,15205312,56.42,57.07,56.32,56.35,8936800,2026-03-07T03:45:46Z
MCD,2007-10-22,32.93,33.07,32.68,32.93,20377312,56.02,56.26,55.61,56.03,11976600,2026-03-07T03:45:46Z
MCD,2007-10-23,33.48,33.48,32.73,33.03,15308615,56.97,56.97,55.69,56.2,8997500,2026-03-07T03:45:46Z
MCD,2007-10-24,33.59,33.65,33.05,33.43,14037134,57.15,57.25,56.23,56.88,8250200,2026-03-07T03:45:46Z
MCD,2007-10-25,34.13,34.25,33.47,33.59,13392092,58.07,58.28,56.94,57.15,7871100,2026-03-07T03:45:46Z
MCD,2007-10-26,34.37,34.42,33.85,34.16,9922912,58.47,58.56,57.6,58.13,5832100,2026-03-07T03:45:46Z
MCD,2007-10-29,34.78,34.99,34.34,34.34,10708461,59.18,59.53,58.42,58.42,6293800,2026-03-07T03:45:46Z
MCD,2007-10-30,34.78,34.98,34.45,34.58,7751376,59.18,59.51,58.62,58.83,4555800,2026-03-07T03:45:46Z
MCD,2007-10-31,35.12,35.18,34.58,34.81,13037007,59.75,59.85,58.83,59.23,7662400,2026-03-07T03:45:46Z
MCD,2007-11-01,34.68,35.09,34.58,34.88,11778663,59,59.71,58.84,59.35,6922800,2026-03-07T03:45:46Z
MCD,2007-11-02,34.69,34.94,34.38,34.79,13041619,59.02,59.45,58.5,59.2,7665100,2026-03-07T03:45:46Z
MCD,2007-11-05,35.07,35.2,34.54,34.68,11965646,59.67,59.89,58.76,59,7032700,2026-03-07T03:45:46Z
MCD,2007-11-06,35.11,35.22,34.91,35.09,12814980,59.74,59.92,59.39,59.71,7531900,2026-03-07T03:45:46Z
MCD,2007-11-07,34.31,35.18,34.24,35.03,16508980,58.38,59.86,58.25,59.6,9703000,2026-03-07T03:45:46Z
MCD,2007-11-08,34.89,35.02,34.56,34.8,29679385,59.37,59.59,58.81,59.21,17443800,2026-03-07T03:45:46Z
MCD,2007-11-09,34.27,34.84,34.15,34.68,17093574,58.31,59.27,58.1,59,10046600,2026-03-07T03:45:46Z
MCD,2007-11-12,34.41,34.82,34.39,34.7,28321284,58.54,59.25,58.51,59.04,16645600,2026-03-07T03:45:46Z
MCD,2007-11-13,34.44,35.29,34.24,35.29,27993465,57.1,58.5,56.77,58.5,16885600,2026-03-07T03:45:46Z
MCD,2007-11-14,34.2,34.8,34.13,34.72,13692197,56.7,57.7,56.58,57.56,8259100,2026-03-07T03:45:46Z
MCD,2007-11-15,34.49,34.56,33.92,34.13,14425969,57.18,57.3,56.24,56.59,8701700,2026-03-07T03:45:46Z
MCD,2007-11-16,35.06,35.19,34.68,34.68,20641480,58.13,58.34,57.49,57.49,12450900,2026-03-07T03:45:46Z
MCD,2007-11-19,35.35,35.56,34.91,34.91,17776087,58.6,58.95,57.88,57.88,10722500,2026-03-07T03:45:46Z
MCD,2007-11-20,35.27,35.47,34.92,35.35,15609309,58.48,58.81,57.9,58.6,9415500,2026-03-07T03:45:46Z
MCD,2007-11-21,34.58,35.23,34.58,35.05,15121090,57.33,58.4,57.32,58.11,9121000,2026-03-07T03:45:46Z
MCD,2007-11-23,34.82,34.99,34.56,34.88,7772735,57.72,58,57.3,57.82,4688500,2026-03-07T03:45:46Z
MCD,2007-11-26,34.27,34.89,34.23,34.89,17355831,56.82,57.84,56.75,57.84,10469000,2026-03-07T03:45:46Z
MCD,2007-11-27,34.66,34.85,34.32,34.38,12487297,57.46,57.78,56.89,57,7532300,2026-03-07T03:45:46Z
MCD,2007-11-28,34.97,35.11,34.64,34.74,18140140,57.97,58.2,57.42,57.6,10942100,2026-03-07T03:45:46Z
MCD,2007-11-29,35.2,35.23,34.73,34.79,10776726,58.35,58.4,57.57,57.67,6500500,2026-03-07T03:45:46Z
MCD,2007-11-30,35.27,35.95,35.11,35.59,19780561,58.47,59.6,58.2,59,11931600,2026-03-07T03:45:46Z
MCD,2007-12-03,36.09,36.4,35.05,35.26,17328823,59.83,60.35,58.1,58.45,10452700,2026-03-07T03:45:46Z
MCD,2007-12-04,36.21,36.48,35.86,35.94,15468252,60.03,60.47,59.45,59.59,9330400,2026-03-07T03:45:46Z
MCD,2007-12-05,35.9,36.11,35.62,35.85,15725024,59.51,59.86,59.06,59.44,9485300,2026-03-07T03:45:46Z
MCD,2007-12-06,36.36,36.43,35.64,36.08,10700655,60.28,60.39,59.08,59.81,6454600,2026-03-07T03:45:46Z
MCD,2007-12-07,36.29,36.66,36.16,36.46,10148904,60.16,60.77,59.94,60.45,6121800,2026-03-07T03:45:46Z
MCD,2007-12-10,37.34,37.48,36.61,36.8,14567710,61.9,62.14,60.7,61,8787200,2026-03-07T03:45:46Z
MCD,2007-12-11,38.08,38.3,37.25,37.31,21506532,63.13,63.49,61.75,61.85,12972700,2026-03-07T03:45:46Z
MCD,2007-12-12,37.19,38.42,36.85,38.3,16912850,61.66,63.69,61.1,63.5,10201800,2026-03-07T03:45:46Z
MCD,2007-12-13,37.1,37.55,36.85,37.09,12818679,61.51,62.25,61.1,61.48,7732200,2026-03-07T03:45:46Z
MCD,2007-12-14,36.89,37.4,36.86,36.92,11271751,61.16,62,61.11,61.21,6799100,2026-03-07T03:45:46Z
MCD,2007-12-17,36.05,36.8,36.02,36.62,12085421,59.76,61,59.71,60.71,7289900,2026-03-07T03:45:46Z
MCD,2007-12-18,36.09,36.49,35.91,36.37,12217891,59.83,60.49,59.53,60.3,7369800,2026-03-07T03:45:46Z
MCD,2007-12-19,35.5,36.25,35.44,36.17,10249205,58.85,60.1,58.75,59.96,6182300,2026-03-07T03:45:46Z
MCD,2007-12-20,35.46,35.69,35.12,35.69,10842213,58.79,59.16,58.23,59.16,6540000,2026-03-07T03:45:46Z
MCD,2007-12-21,36.21,36.34,35.59,35.71,16280923,60.03,60.25,59,59.2,9820600,2026-03-07T03:45:46Z
MCD,2007-12-24,36.38,36.49,36.19,36.29,4850987,60.31,60.49,60,60.16,2926100,2026-03-07T03:45:46Z
MCD,2007-12-26,36.12,36.49,36.08,36.2,5494049,59.88,60.5,59.81,60.01,3314000,2026-03-07T03:45:46Z
MCD,2007-12-27,35.7,36.14,35.69,35.98,6948462,59.19,59.92,59.16,59.64,4191300,2026-03-07T03:45:46Z
MCD,2007-12-28,35.89,36.06,35.69,36.05,9085569,59.5,59.79,59.17,59.76,5480400,2026-03-07T03:45:46Z
MCD,2007-12-31,35.53,36.16,35.49,36.02,7204764,58.91,59.94,58.83,59.72,4345900,2026-03-07T03:45:46Z
MCD,2008-01-02,35.05,35.88,34.92,35.88,13027564,58.1,59.48,57.89,59.48,7858200,2026-03-07T03:45:46Z
MCD,2008-01-03,34.94,35.47,34.83,35.23,10800618,57.93,58.8,57.74,58.4,6514900,2026-03-07T03:45:46Z
MCD,2008-01-04,34.41,34.67,34.04,34.58,16060916,57.05,57.47,56.43,57.33,9687900,2026-03-07T03:45:46Z
MCD,2008-01-07,35,35.14,34.3,34.6,17878694,58.03,58.25,56.87,57.36,10784400,2026-03-07T03:45:46Z
MCD,2008-01-08,34.43,35.37,34.36,35.25,16713272,57.08,58.64,56.96,58.44,10081400,2026-03-07T03:45:46Z
MCD,2008-01-09,34.67,34.7,33.84,34.42,19233978,57.47,57.53,56.1,57.06,11601900,2026-03-07T03:45:46Z
MCD,2008-01-10,35.09,35.28,34.36,34.8,17850370,58.17,58.49,56.96,57.69,10767300,2026-03-07T03:45:46Z
MCD,2008-01-11,32.77,34.32,32.16,34.32,55067015,54.32,56.9,53.32,56.9,33216300,2026-03-07T03:45:46Z
MCD,2008-01-14,33.15,33.36,32.4,33.11,21440098,54.96,55.31,53.72,54.89,12932600,2026-03-07T03:45:46Z
MCD,2008-01-15,32.43,33.29,32.23,32.81,16757031,53.76,55.19,53.44,54.39,10107800,2026-03-07T03:45:46Z
MCD,2008-01-16,31.61,32.47,31.5,32.22,21961782,52.41,53.83,52.22,53.41,13247300,2026-03-07T03:45:46Z
MCD,2008-01-17,31.35,31.99,31.32,31.77,21350556,51.98,53.04,51.92,52.67,12878600,2026-03-07T03:45:46Z
MCD,2008-01-18,31.61,32.14,31.52,31.64,19487119,52.4,53.29,52.26,52.45,11754600,2026-03-07T03:45:46Z
MCD,2008-01-22,31.64,31.74,29.78,29.78,27998136,52.45,52.62,49.37,49.37,16888400,2026-03-07T03:45:46Z
MCD,2008-01-23,31.98,32,30.7,31.15,31759745,53.01,53.05,50.89,51.64,19157400,2026-03-07T03:45:46Z
MCD,2008-01-24,32.57,32.69,31.96,32.45,17089076,54,54.19,52.99,53.8,10308100,2026-03-07T03:45:46Z
MCD,2008-01-25,32.63,33.02,32.57,32.98,21186085,54.1,54.75,53.99,54.68,12779400,2026-03-07T03:45:46Z
MCD,2008-01-28,30.81,31.02,29.77,30.82,82427059,51.07,51.43,49.36,51.1,49719800,2026-03-07T03:45:46Z
MCD,2008-01-29,30.61,31.02,30.2,31.02,34293380,50.75,51.43,50.07,51.43,20685700,2026-03-07T03:45:46Z
MCD,2008-01-30,30.77,31.23,30.64,30.67,22540546,51.01,51.78,50.8,50.84,13596400,2026-03-07T03:45:46Z
MCD,2008-01-31,32.32,32.32,30.23,30.31,30407639,53.58,53.58,50.11,50.25,18341800,2026-03-07T03:45:46Z
MCD,2008-02-01,32.71,32.8,31.88,32.34,19325328,54.22,54.37,52.85,53.61,11657000,2026-03-07T03:45:46Z
MCD,2008-02-04,32.5,32.75,32.15,32.71,10077953,53.88,54.29,53.3,54.23,6079000,2026-03-07T03:45:46Z
MCD,2008-02-05,32.48,32.87,31.9,32.19,22256858,53.84,54.5,52.88,53.37,13425300,2026-03-07T03:45:46Z
MCD,2008-02-06,32.41,32.69,32.29,32.69,19292686,53.73,54.19,53.53,54.19,11637300,2026-03-07T03:45:46Z
MCD,2008-02-07,32.85,33.09,32.15,32.19,18615646,54.46,54.86,53.3,53.37,11228900,2026-03-07T03:45:46Z
MCD,2008-02-08,33.56,34.03,33.06,33.12,21453343,55.64,56.41,54.81,54.9,12940600,2026-03-07T03:45:46Z
MCD,2008-02-11,33.77,33.98,33.29,33.62,9791650,55.98,56.34,55.19,55.73,5906300,2026-03-07T03:45:46Z
MCD,2008-02-12,34,34.27,33.73,33.99,15760528,56.37,56.82,55.92,56.35,9506700,2026-03-07T03:45:46Z
MCD,2008-02-13,34.17,34.42,33.69,34.42,12829796,56.64,57.07,55.85,57.07,7738900,2026-03-07T03:45:46Z
MCD,2008-02-14,33.53,34.24,33.48,34.24,9301933,55.58,56.77,55.5,56.77,5610900,2026-03-07T03:45:46Z
MCD,2008-02-15,33.36,33.46,33.08,33.39,11558742,55.3,55.47,54.84,55.35,6972200,2026-03-07T03:45:46Z
MCD,2008-02-19,33.58,33.77,33.48,33.67,13019948,55.67,55.99,55.5,55.82,7853600,2026-03-07T03:45:46Z
MCD,2008-02-20,33.9,34.02,33.18,33.34,13275088,56.2,56.4,55.01,55.27,8007500,2026-03-07T03:45:46Z
MCD,2008-02-21,33.31,33.99,33.25,33.95,9556570,55.23,56.35,55.12,56.28,5764500,2026-03-07T03:45:46Z
MCD,2008-02-22,33.59,33.59,32.81,33.39,9885973,55.69,55.69,54.39,55.35,5963200,2026-03-07T03:45:46Z
MCD,2008-02-25,33.81,33.88,33.25,33.54,8681241,56.05,56.16,55.12,55.61,5236500,2026-03-07T03:45:46Z
MCD,2008-02-26,34.05,34.27,33.59,33.59,15496085,56.45,56.82,55.68,55.68,9347200,2026-03-07T03:45:46Z
MCD,2008-02-27,33.37,34.38,33.24,33.91,22902627,55.33,57,55.1,56.22,13814800,2026-03-07T03:45:46Z
MCD,2008-02-28,33.17,33.46,32.98,33.4,11475937,54.62,55.1,54.3,55,6969500,2026-03-07T03:45:46Z
MCD,2008-02-29,32.86,33.26,32.76,32.98,12286089,54.11,54.76,53.94,54.3,7461500,2026-03-07T03:45:46Z
MCD,2008-03-03,32.28,33.24,31.99,33.24,12342384,53.16,54.74,52.67,54.74,7495700,2026-03-07T03:45:46Z
MCD,2008-03-04,32.57,32.57,31.96,32.13,12990498,53.63,53.63,52.62,52.9,7889300,2026-03-07T03:45:46Z
MCD,2008-03-05,32.76,32.9,32.35,32.69,11676009,53.94,54.17,53.27,53.83,7091000,2026-03-07T03:45:46Z
MCD,2008-03-06,32.21,32.92,32.19,32.58,10745853,53.04,54.2,53,53.64,6526100,2026-03-07T03:45:46Z
MCD,2008-03-07,31.74,32.05,31.58,31.91,13265461,52.27,52.78,52,52.55,8056300,2026-03-07T03:45:46Z
MCD,2008-03-10,32.67,33.24,32.15,33.19,28980224,53.8,54.73,52.93,54.65,17600100,2026-03-07T03:45:46Z
MCD,2008-03-11,32.95,33.28,32.46,33.28,15364038,54.25,54.8,53.45,54.8,9330800,2026-03-07T03:45:46Z
MCD,2008-03-12,32.61,33.18,32.55,33.08,12197667,53.7,54.63,53.6,54.47,7407800,2026-03-07T03:45:46Z
MCD,2008-03-13,33.34,33.48,32.43,32.43,19715374,54.89,55.12,53.4,53.4,11973400,2026-03-07T03:45:46Z
MCD,2008-03-14,33.27,33.51,32.64,33.51,16918625,54.78,55.18,53.75,55.18,10274900,2026-03-07T03:45:46Z
MCD,2008-03-17,32.97,33.28,32.19,32.41,17340124,54.28,54.8,53.01,53.37,10530900,2026-03-07T03:45:46Z
MCD,2008-03-18,33.31,33.69,32.8,33.31,17151409,54.85,55.48,54.01,54.85,10416300,2026-03-07T03:45:46Z
MCD,2008-03-19,32.59,33.7,32.55,33.41,14391925,53.66,55.49,53.59,55.01,8740400,2026-03-07T03:45:46Z
MCD,2008-03-20,33.05,33.26,32.59,32.75,21529902,54.42,54.76,53.66,53.92,13075400,2026-03-07T03:45:46Z
MCD,2008-03-24,33.87,34.01,33.04,33.15,12965287,55.77,56,54.4,54.58,7874000,2026-03-07T03:45:46Z
MCD,2008-03-25,34.13,34.32,33.62,33.81,12444485,56.2,56.51,55.36,55.67,7557700,2026-03-07T03:45:46Z
MCD,2008-03-26,33.77,34.19,33.52,33.91,8629487,55.6,56.3,55.2,55.83,5240800,2026-03-07T03:45:46Z
MCD,2008-03-27,33.68,34.14,33.66,33.91,13499796,55.45,56.22,55.42,55.83,8198600,2026-03-07T03:45:46Z
MCD,2008-03-28,33.69,33.97,33.54,33.82,7868741,55.48,55.94,55.23,55.69,4778800,2026-03-07T03:45:46Z
MCD,2008-03-31,33.87,34.01,33.74,33.74,10626299,55.77,56,55.56,55.56,6453500,2026-03-07T03:45:46Z
MCD,2008-04-01,34.56,34.65,34.01,34.13,21967245,56.91,57.05,56,56.2,13341000,2026-03-07T03:45:46Z
MCD,2008-04-02,34.41,34.76,34.23,34.65,13790069,56.66,57.24,56.37,57.05,8374900,2026-03-07T03:45:46Z
MCD,2008-04-03,34.16,34.53,33.87,34.28,11174298,56.24,56.85,55.77,56.44,6786300,2026-03-07T03:45:46Z
MCD,2008-04-04,33.84,34.21,33.65,34.14,12217087,55.72,56.33,55.4,56.22,7419600,2026-03-07T03:45:46Z
MCD,2008-04-07,33.8,34.16,33.67,34.02,11106618,55.65,56.24,55.45,56.02,6745200,2026-03-07T03:45:46Z
MCD,2008-04-08,33.93,34.03,33.65,33.66,8058113,55.87,56.03,55.4,55.42,4893800,2026-03-07T03:45:46Z
MCD,2008-04-09,33.85,34.07,33.64,33.88,12657202,55.74,56.1,55.39,55.79,7686900,2026-03-07T03:45:46Z
MCD,2008-04-10,33.92,34.14,33.76,33.76,11135422,55.85,56.21,55.59,55.59,6762700,2026-03-07T03:45:46Z
MCD,2008-04-11,33.65,33.92,33.49,33.65,8778654,55.4,55.85,55.14,55.41,5331400,2026-03-07T03:45:46Z
MCD,2008-04-14,33.73,33.89,33.54,33.7,6393895,55.54,55.81,55.23,55.49,3883100,2026-03-07T03:45:46Z
MCD,2008-04-15,33.99,34.09,33.81,33.88,10959072,55.96,56.14,55.67,55.79,6655600,2026-03-07T03:45:46Z
MCD,2008-04-16,34.73,34.74,33.83,34.2,12252810,57.18,57.2,55.7,56.31,7441300,2026-03-07T03:45:46Z
MCD,2008-04-17,34.82,34.87,34.53,34.68,8881734,57.33,57.42,56.86,57.11,5394000,2026-03-07T03:45:46Z
MCD,2008-04-18,35.41,35.51,34.95,34.96,11135428,58.3,58.47,57.55,57.56,6762700,2026-03-07T03:45:46Z
MCD,2008-04-21,35.63,35.64,35.26,35.58,10174805,58.67,58.68,58.05,58.59,6179300,2026-03-07T03:45:46Z
MCD,2008-04-22,35.44,35.69,34.87,35.19,17973934,58.35,58.77,57.42,57.94,10915800,2026-03-07T03:45:46Z
MCD,2008-04-23,35.64,36.1,35.28,35.47,14511956,58.69,59.44,58.1,58.41,8813300,2026-03-07T03:45:46Z
MCD,2008-04-24,36.18,36.37,35.4,35.76,11850729,59.58,59.88,58.29,58.88,7197100,2026-03-07T03:45:46Z
MCD,2008-04-25,36.24,36.43,35.99,36.29,13122545,59.67,59.98,59.26,59.75,7969500,2026-03-07T03:45:46Z
MCD,2008-04-28,36.19,36.43,35.95,36.29,12687026,59.59,59.99,59.2,59.75,7705000,2026-03-07T03:45:46Z
MCD,2008-04-29,36.56,36.74,35.92,35.92,12879500,60.2,60.5,59.15,59.15,7821900,2026-03-07T03:45:46Z
MCD,2008-04-30,36.18,36.8,36.16,36.44,13973852,59.58,60.6,59.54,60,8486500,2026-03-07T03:45:46Z
MCD,2008-05-01,37,37,36.04,36.16,11450769,60.92,60.93,59.35,59.54,6954200,2026-03-07T03:45:46Z
MCD,2008-05-02,37.02,37.19,36.92,36.98,12107901,60.95,61.24,60.8,60.9,7353300,2026-03-07T03:45:46Z
MCD,2008-05-05,36.97,37.04,36.62,37.02,8746381,60.87,60.99,60.3,60.96,5311800,2026-03-07T03:45:46Z
MCD,2008-05-06,36.74,36.86,36.49,36.81,8475687,60.49,60.7,60.09,60.61,5147400,2026-03-07T03:45:46Z
MCD,2008-05-07,36.06,36.86,35.98,36.68,10246924,59.38,60.69,59.25,60.4,6223100,2026-03-07T03:45:46Z
MCD,2008-05-08,36.3,36.32,35.7,36.16,13150714,59.77,59.8,58.79,59.54,7986600,2026-03-07T03:45:46Z
MCD,2008-05-09,35.98,36.18,35.87,35.87,8594232,59.24,59.58,59.06,59.06,5219400,2026-03-07T03:45:46Z
MCD,2008-05-12,36.97,37.07,36.01,36.01,10321350,60.87,61.04,59.3,59.3,6268300,2026-03-07T03:45:46Z
MCD,2008-05-13,37.15,37.51,36.9,36.98,10869335,61.17,61.76,60.76,60.9,6601100,2026-03-07T03:45:46Z
MCD,2008-05-14,36.71,37.35,36.6,37.26,14098988,60.44,61.5,60.27,61.35,8562500,2026-03-07T03:45:46Z
MCD,2008-05-15,36.96,36.97,36.23,36.68,10057901,60.86,60.88,59.66,60.4,6108300,2026-03-07T03:45:46Z
MCD,2008-05-16,36.76,37.02,36.6,36.97,9370609,60.53,60.95,60.27,60.87,5690900,2026-03-07T03:45:46Z
MCD,2008-05-19,36.71,36.97,36.68,36.9,8108661,60.45,60.87,60.4,60.76,4924500,2026-03-07T03:45:46Z
MCD,2008-05-20,36.24,36.71,35.92,36.61,14191176,59.68,60.45,59.14,60.28,8618500,2026-03-07T03:45:46Z
MCD,2008-05-21,35.7,36.41,35.47,36.3,12913919,58.78,59.96,58.41,59.77,7842800,2026-03-07T03:45:46Z
MCD,2008-05-22,35.55,35.99,35.48,35.68,8415577,58.53,59.26,58.42,58.75,5110900,2026-03-07T03:45:46Z
MCD,2008-05-23,35.06,35.45,34.8,35.44,9515186,57.73,58.37,57.31,58.35,5778700,2026-03-07T03:45:46Z
MCD,2008-05-27,35.29,35.5,34.95,35.15,9708327,58.11,58.46,57.55,57.87,5896000,2026-03-07T03:45:46Z
MCD,2008-05-28,35.64,35.86,35.44,35.45,9026317,58.69,59.05,58.35,58.37,5481800,2026-03-07T03:45:46Z
MCD,2008-05-29,36.12,36.34,35.6,35.65,7420221,59.48,59.84,58.62,58.7,4506400,2026-03-07T03:45:46Z
MCD,2008-05-30,36.03,36.22,35.71,36.16,8450504,59.32,59.64,58.8,59.54,5132100,2026-03-07T03:45:46Z
MCD,2008-06-02,35.56,35.95,35.27,35.9,8118377,58.55,59.19,58.07,59.12,4930400,2026-03-07T03:45:46Z
MCD,2008-06-03,34.96,35.78,34.74,35.65,15130390,57.56,58.91,57.21,58.7,9188900,2026-03-07T03:45:46Z
MCD,2008-06-04,35.21,35.6,34.88,35.01,12516447,57.98,58.62,57.43,57.64,7601400,2026-03-07T03:45:46Z
MCD,2008-06-05,35.48,35.76,35.31,35.42,12622616,58.05,58.5,57.77,57.94,7715800,2026-03-07T03:45:46Z
MCD,2008-06-06,34.81,35.34,34.74,35.26,12050038,56.95,57.82,56.84,57.68,7365800,2026-03-07T03:45:46Z
MCD,2008-06-09,36.25,36.41,35.45,35.68,19089012,59.31,59.56,58,58.37,11668500,2026-03-07T03:45:46Z
MCD,2008-06-10,36.54,36.93,36.07,36.13,14859312,59.77,60.41,59.01,59.11,9083000,2026-03-07T03:45:46Z
MCD,2008-06-11,35.91,36.53,35.84,36.36,10819014,58.75,59.77,58.64,59.48,6613300,2026-03-07T03:45:46Z
MCD,2008-06-12,36.27,36.58,36.02,36.02,10242983,59.34,59.85,58.92,58.92,6261200,2026-03-07T03:45:46Z
MCD,2008-06-13,36.65,36.88,36.31,36.44,8234689,59.95,60.33,59.4,59.61,5033600,2026-03-07T03:45:46Z
MCD,2008-06-16,36.64,36.86,36.3,36.33,7395467,59.94,60.3,59.39,59.44,4520600,2026-03-07T03:45:46Z
MCD,2008-06-17,36.19,36.88,36.11,36.84,8679354,59.21,60.33,59.07,60.27,5305400,2026-03-07T03:45:46Z
MCD,2008-06-18,35.58,36.31,35.48,36.15,10222523,58.21,59.4,58.05,59.14,6248700,2026-03-07T03:45:46Z
MCD,2008-06-19,35.81,36.05,35.37,35.5,9915153,58.59,58.97,57.87,58.07,6060800,2026-03-07T03:45:46Z
MCD,2008-06-20,35.09,35.76,35.06,35.6,17058515,57.4,58.5,57.35,58.24,10427300,2026-03-07T03:45:46Z
MCD,2008-06-23,34.85,35.48,34.81,35.23,11507092,57.01,58.05,56.94,57.63,7033900,2026-03-07T03:45:46Z
MCD,2008-06-24,34.85,35.34,34.28,34.74,15864400,57.02,57.81,56.08,56.84,9697400,2026-03-07T03:45:46Z
MCD,2008-06-25,35.48,35.69,34.71,35.05,13568846,58.05,58.39,56.78,57.34,8294200,2026-03-07T03:45:46Z
MCD,2008-06-26,34.51,35.52,34.48,35.22,17121498,56.45,58.1,56.41,57.62,10465800,2026-03-07T03:45:46Z
MCD,2008-06-27,34.54,34.96,33.72,34.62,23357379,56.5,57.19,55.17,56.63,14277600,2026-03-07T03:45:46Z
MCD,2008-06-30,34.37,35.1,33.94,34.66,20070463,56.22,57.43,55.52,56.7,12268400,2026-03-07T03:45:46Z
MCD,2008-07-01,35.02,35.06,33.96,34.2,19777111,57.29,57.35,55.55,55.95,12089100,2026-03-07T03:45:46Z
MCD,2008-07-02,35.11,35.72,34.95,35.06,16138430,57.43,58.43,57.18,57.35,9864900,2026-03-07T03:45:46Z
MCD,2008-07-03,34.96,35.38,34.39,35.21,9545244,57.19,57.88,56.26,57.6,5834700,2026-03-07T03:45:46Z
MCD,2008-07-07,35.06,35.46,34.62,35.1,13106701,57.36,58.01,56.64,57.42,8011700,2026-03-07T03:45:46Z
MCD,2008-07-08,35.77,35.86,35.04,35.27,15886323,58.52,58.66,57.33,57.7,9710800,2026-03-07T03:45:46Z
MCD,2008-07-09,36.22,36.37,35.62,35.88,17274924,59.25,59.5,58.28,58.7,10559600,2026-03-07T03:45:46Z
MCD,2008-07-10,35.72,36.25,35.54,36.15,14289844,58.44,59.3,58.14,59.14,8734900,2026-03-07T03:45:46Z
MCD,2008-07-11,35.04,35.67,34.96,35.38,16046353,57.32,58.36,57.19,57.88,9808600,2026-03-07T03:45:46Z
MCD,2008-07-14,35.51,35.76,35.15,35.4,11517389,58.09,58.5,57.51,57.91,7040200,2026-03-07T03:45:46Z
MCD,2008-07-15,35.8,36.35,35.04,35.16,15666312,58.56,59.46,57.33,57.52,9576300,2026-03-07T03:45:46Z
MCD,2008-07-16,36.77,36.88,35.58,35.77,16710384,60.16,60.34,58.2,58.52,10214500,2026-03-07T03:45:46Z
MCD,2008-07-17,36.9,37.27,36.07,36.55,15512529,60.37,60.98,59.01,59.8,9482300,2026-03-07T03:45:46Z
MCD,2008-07-18,36.95,37.29,36.62,36.93,11873527,60.44,61,59.91,60.41,7257900,2026-03-07T03:45:46Z
MCD,2008-07-21,36.52,37.23,36.18,36.9,14093351,59.75,60.9,59.19,60.36,8614800,2026-03-07T03:45:46Z
MCD,2008-07-22,36.75,37.04,36.37,36.37,15741062,60.12,60.6,59.5,59.5,9622000,2026-03-07T03:45:46Z
MCD,2008-07-23,36.47,37.42,35.77,37.41,24616893,59.66,61.21,58.52,61.2,15047500,2026-03-07T03:45:46Z
MCD,2008-07-24,35.68,36.22,35.45,35.88,13807696,58.37,59.25,58,58.7,8440200,2026-03-07T03:45:46Z
MCD,2008-07-25,35.85,36.67,35.67,35.81,13003977,58.65,59.99,58.35,58.59,7948900,2026-03-07T03:45:46Z
MCD,2008-07-28,35.33,36.11,35.27,35.88,11898571,57.79,59.08,57.7,58.7,7273200,2026-03-07T03:45:46Z
MCD,2008-07-29,36.49,36.68,35.44,35.69,16607490,59.7,60,57.97,58.38,10151600,2026-03-07T03:45:46Z
MCD,2008-07-30,36.95,37.15,36.62,36.71,12662221,60.45,60.78,59.9,60.05,7740000,2026-03-07T03:45:46Z
MCD,2008-07-31,36.55,37.27,36.49,36.8,11386172,59.79,60.98,59.69,60.2,6960000,2026-03-07T03:45:46Z
MCD,2008-08-01,36.54,36.99,36.33,36.57,11725654,59.77,60.51,59.44,59.83,7167500,2026-03-07T03:45:46Z
MCD,2008-08-04,37.01,37.26,36.53,36.58,9927745,60.55,60.96,59.77,59.84,6068500,2026-03-07T03:45:46Z
MCD,2008-08-05,38.1,38.15,37.09,37.15,21815001,62.33,62.41,60.68,60.77,13334800,2026-03-07T03:45:46Z
MCD,2008-08-06,37.98,38.16,37.54,37.84,15851841,62.14,62.42,61.42,61.9,9689700,2026-03-07T03:45:46Z
MCD,2008-08-07,37.81,38.55,37.48,37.84,20578719,61.86,63.06,61.31,61.91,12579100,2026-03-07T03:45:46Z
MCD,2008-08-08,40.14,40.49,37.62,38.14,45048731,65.67,66.24,61.55,62.39,27536800,2026-03-07T03:45:46Z
MCD,2008-08-11,40.31,40.95,39.59,39.76,24213615,65.95,67,64.77,65.04,14801000,2026-03-07T03:45:46Z
MCD,2008-08-12,39.08,39.99,38.89,39.86,21527423,63.94,65.43,63.62,65.21,13159000,2026-03-07T03:45:46Z
MCD,2008-08-13,38.38,39.18,37.86,39.13,20270377,62.78,64.09,61.94,64.01,12390600,2026-03-07T03:45:46Z
MCD,2008-08-14,38.88,39.3,37.9,38.3,15210695,63.6,64.29,62,62.65,9297800,2026-03-07T03:45:46Z
MCD,2008-08-15,38.89,39.34,38.65,39.2,8457356,63.63,64.35,63.23,64.13,5169700,2026-03-07T03:45:46Z
MCD,2008-08-18,38.69,39.26,38.53,39.05,11375386,63.29,64.23,63.04,63.89,6953400,2026-03-07T03:45:46Z
MCD,2008-08-19,38.18,38.52,38.05,38.51,9235416,62.46,63.02,62.25,63,5645300,2026-03-07T03:45:46Z
MCD,2008-08-20,38.16,38.31,37.87,38.29,7568541,62.43,62.67,61.96,62.64,4626400,2026-03-07T03:45:46Z
MCD,2008-08-21,38.09,38.42,37.84,37.86,8401227,62.31,62.85,61.9,61.93,5135400,2026-03-07T03:45:46Z
MCD,2008-08-22,38.77,39.06,38.32,38.32,9179119,63.42,63.9,62.69,62.69,5610900,2026-03-07T03:45:46Z
MCD,2008-08-25,37.95,38.64,37.84,38.64,9811576,62.08,63.21,61.9,63.21,5997500,2026-03-07T03:45:46Z
MCD,2008-08-26,37.98,38.06,37.42,37.91,9074434,62.13,62.27,61.21,62.01,5546900,2026-03-07T03:45:46Z
MCD,2008-08-27,37.95,38.26,37.51,38.26,8001404,62.08,62.59,61.37,62.59,4891000,2026-03-07T03:45:46Z
MCD,2008-08-28,38.68,38.71,37.95,38.34,9370847,62.89,62.95,61.71,62.34,5762900,2026-03-07T03:45:46Z
MCD,2008-08-29,38.13,38.71,38.01,38.6,9684182,62,62.94,61.81,62.76,5955600,2026-03-07T03:45:46Z
MCD,2008-09-02,38.69,39.54,38.37,38.44,15721768,62.91,64.29,62.39,62.5,9668600,2026-03-07T03:45:46Z
MCD,2008-09-03,37.96,38.84,37.64,38.82,16431046,61.72,63.15,61.2,63.13,10104800,2026-03-07T03:45:46Z
MCD,2008-09-04,36.91,37.85,36.87,37.85,12618424,60.02,61.54,59.96,61.54,7760100,2026-03-07T03:45:46Z
MCD,2008-09-05,37.08,37.19,36.63,36.77,14493600,60.3,60.47,59.56,59.79,8913300,2026-03-07T03:45:46Z
MCD,2008-09-08,38.39,38.44,37.47,37.67,16963413,62.42,62.5,60.93,61.26,10432200,2026-03-07T03:45:46Z
MCD,2008-09-09,38.86,39.76,38.74,38.8,23528664,63.19,64.65,62.99,63.09,14469700,2026-03-07T03:45:46Z
MCD,2008-09-10,38.87,39.22,38.49,38.98,14127878,63.2,63.77,62.59,63.38,8688400,2026-03-07T03:45:46Z
MCD,2008-09-11,39.7,39.75,38.29,38.47,21729434,64.56,64.64,62.26,62.56,13363200,2026-03-07T03:45:46Z
MCD,2008-09-12,39.4,39.89,39.09,39.43,15243715,64.06,64.87,63.57,64.12,9374600,2026-03-07T03:45:46Z
MCD,2008-09-15,39.19,39.89,38.79,39.19,18428648,63.72,64.87,63.08,63.73,11333300,2026-03-07T03:45:46Z
MCD,2008-09-16,39.54,40.02,38.81,39.05,25451796,64.29,65.08,63.11,63.49,15652400,2026-03-07T03:45:46Z
MCD,2008-09-17,38.45,39.86,38.37,39.28,21732166,62.52,64.82,62.39,63.87,13364900,2026-03-07T03:45:46Z
MCD,2008-09-18,39.33,39.5,38.18,38.79,21468783,63.96,64.23,62.09,63.07,13202900,2026-03-07T03:45:46Z
MCD,2008-09-19,39.35,40.26,39.11,39.77,22614185,63.98,65.47,63.6,64.66,13907300,2026-03-07T03:45:46Z
MCD,2008-09-22,38.48,39.83,38.26,39.1,19750997,62.57,64.76,62.22,63.58,12146500,2026-03-07T03:45:46Z
MCD,2008-09-23,37.99,39.67,37.7,38.52,18627368,61.78,64.5,61.31,62.63,11455500,2026-03-07T03:45:46Z
MCD,2008-09-24,37.78,38.53,37.33,38.13,14455886,61.43,62.65,60.7,62,8890100,2026-03-07T03:45:46Z
MCD,2008-09-25,38.29,38.56,38,38,14516859,62.27,62.7,61.79,61.79,8927600,2026-03-07T03:45:46Z
MCD,2008-09-26,38.87,38.95,38.16,38.16,13460217,63.2,63.34,62.05,62.05,8277800,2026-03-07T03:45:46Z
MCD,2008-09-29,37,39.04,36.81,38.8,20092142,60.16,63.48,59.86,63.09,12356300,2026-03-07T03:45:46Z
MCD,2008-09-30,37.94,37.96,36.83,37.69,21084675,61.7,61.73,59.88,61.29,12966700,2026-03-07T03:45:46Z
MCD,2008-10-01,39.15,39.37,37.43,37.62,20134225,63.66,64.02,60.86,61.18,12382200,2026-03-07T03:45:46Z
MCD,2008-10-02,38.06,39.3,37.62,39.14,17732871,61.88,63.9,61.17,63.64,10905400,2026-03-07T03:45:46Z
MCD,2008-10-03,37.04,38.72,36.91,38.68,17982623,60.23,62.96,60.02,62.9,11059000,2026-03-07T03:45:46Z
MCD,2008-10-06,35.15,36.8,34.1,36.28,26146310,57.15,59.84,55.45,58.99,16079500,2026-03-07T03:45:46Z
MCD,2008-10-07,33.81,36.25,32.43,35.67,24954197,54.97,58.94,52.73,58.01,15346400,2026-03-07T03:45:46Z
MCD,2008-10-08,32.85,34.33,32.75,32.75,33724229,53.41,55.83,53.25,53.26,20739800,2026-03-07T03:45:46Z
MCD,2008-10-09,32.03,34.26,32.03,33.77,28000949,52.08,55.71,52.08,54.91,17220100,2026-03-07T03:45:46Z
MCD,2008-10-10,32.81,35.53,28.16,30.77,53803184,53.35,57.78,45.79,50.04,33088000,2026-03-07T03:45:46Z
MCD,2008-10-13,35.21,35.44,33.67,34.02,23565907,57.25,57.62,54.75,55.32,14492600,2026-03-07T03:45:46Z
MCD,2008-10-14,34.45,36.8,33.6,36.48,28276104,56.02,59.84,54.64,59.32,17389300,2026-03-07T03:45:46Z
MCD,2008-10-15,31.7,34.49,31.56,33.81,21261450,51.55,56.08,51.32,54.98,13075400,2026-03-07T03:45:46Z
MCD,2008-10-16,33.49,33.99,31.24,31.98,28086690,54.46,55.27,50.8,52,17272800,2026-03-07T03:45:46Z
MCD,2008-10-17,33.09,34.52,32.35,32.96,18818780,53.8,56.13,52.6,53.6,11573200,2026-03-07T03:45:46Z
MCD,2008-10-20,34.96,34.97,33.38,33.56,14441062,56.84,56.86,54.28,54.57,8881000,2026-03-07T03:45:46Z
MCD,2008-10-21,33.9,35.62,33.68,34.56,17599681,55.13,57.92,54.76,56.2,10823500,2026-03-07T03:45:46Z
MCD,2008-10-22,33.32,34.55,32.96,33.92,29188520,54.18,56.18,53.6,55.16,17950400,2026-03-07T03:45:46Z
MCD,2008-10-23,34.18,34.63,32.33,33.83,21718849,55.58,56.31,52.57,55.01,13356700,2026-03-07T03:45:46Z
MCD,2008-10-24,32.63,33.55,31.8,32.25,21848149,53.06,54.55,51.7,52.44,13436200,2026-03-07T03:45:46Z
MCD,2008-10-27,31.83,33.4,31.76,32.88,19637303,51.76,54.31,51.64,53.47,12076600,2026-03-07T03:45:46Z
MCD,2008-10-28,34.82,34.89,32.12,32.45,21968109,56.62,56.73,52.23,52.76,13510000,2026-03-07T03:45:46Z
MCD,2008-10-29,35.16,36.86,34.45,34.84,29022288,57.18,59.94,56.01,56.65,17848200,2026-03-07T03:45:46Z
MCD,2008-10-30,35.59,36.59,34.96,36.26,18079720,57.87,59.5,56.85,58.96,11118700,2026-03-07T03:45:46Z
MCD,2008-10-31,35.63,35.85,34.71,35.18,18151428,57.93,58.29,56.44,57.2,11162800,2026-03-07T03:45:46Z
MCD,2008-11-03,35.07,36.24,34.8,35.9,12620865,57.03,58.93,56.59,58.37,7761600,2026-03-07T03:45:46Z
MCD,2008-11-04,35.53,35.82,34.68,35.53,17241624,57.78,58.24,56.39,57.77,10603300,2026-03-07T03:45:46Z
MCD,2008-11-05,34.44,35.71,34.28,35.36,13765603,56,58.06,55.75,57.5,8465600,2026-03-07T03:45:46Z
MCD,2008-11-06,33.31,34.96,32.87,34.13,18042465,54.17,56.85,53.44,55.5,11095800,2026-03-07T03:45:46Z
MCD,2008-11-07,34.11,34.35,33.17,33.42,13985593,55.47,55.85,53.93,54.34,8600900,2026-03-07T03:45:46Z
MCD,2008-11-10,34.73,35.73,34.38,35.18,14621884,56.48,58.1,55.9,57.21,8992200,2026-03-07T03:45:46Z
MCD,2008-11-11,34.62,35.06,34.2,34.64,14758172,56.29,57.01,55.62,56.33,9076000,2026-03-07T03:45:46Z
MCD,2008-11-12,33.22,34.59,33.05,33.97,17790616,54.02,56.25,53.75,55.24,10940900,2026-03-07T03:45:46Z
MCD,2008-11-13,34.59,34.62,31.98,33.3,25497845,56.25,56.3,52,54.15,15680700,2026-03-07T03:45:46Z
MCD,2008-11-14,34.52,35.85,33.6,34.14,20897545,56.13,58.3,54.63,55.51,12851600,2026-03-07T03:45:46Z
MCD,2008-11-17,34.2,35.12,34.13,34.38,18335522,55.61,57.11,55.5,55.9,11276000,2026-03-07T03:45:46Z
MCD,2008-11-18,34.75,35.2,33.7,33.84,20985023,56.51,57.23,54.8,55.02,12905400,2026-03-07T03:45:46Z
MCD,2008-11-19,34.09,35.63,33.98,34.8,26254102,55.44,57.94,55.26,56.58,16145800,2026-03-07T03:45:46Z
MCD,2008-11-20,32.54,34.62,32.34,33.79,25827258,52.91,56.3,52.58,54.95,15883300,2026-03-07T03:45:46Z
MCD,2008-11-21,33.92,33.95,31.46,33.01,33647770,55.15,55.21,51.15,53.68,20692800,2026-03-07T03:45:46Z
MCD,2008-11-24,34.14,34.75,33.82,34.14,21907827,55.51,56.5,55,55.51,13472900,2026-03-07T03:45:46Z
MCD,2008-11-25,34.94,35.12,33.72,34.75,23999420,56.81,57.11,54.83,56.5,14759200,2026-03-07T03:45:46Z
MCD,2008-11-26,35.92,36.02,34.31,34.52,15114544,57.9,58.05,55.3,55.63,9377700,2026-03-07T03:45:46Z
MCD,2008-11-28,36.45,36.59,35.4,35.58,6312268,58.75,58.98,57.06,57.35,3916400,2026-03-07T03:45:46Z
MCD,2008-12-01,34.85,36.45,34.74,36.01,17853363,56.17,58.74,55.99,58.04,11077000,2026-03-07T03:45:46Z
MCD,2008-12-02,35.4,35.83,34.4,35.32,16465158,57.05,57.75,55.44,56.92,10215700,2026-03-07T03:45:46Z
MCD,2008-12-03,36.95,37.12,35.05,35.22,21685140,59.55,59.83,56.5,56.76,13454400,2026-03-07T03:45:46Z
MCD,2008-12-04,37.75,38.52,36.46,36.76,27393852,60.84,62.08,58.77,59.24,16996300,2026-03-07T03:45:46Z
MCD,2008-12-05,38.91,39,36.33,37.29,28758956,62.72,62.86,58.55,60.1,17843300,2026-03-07T03:45:46Z
MCD,2008-12-08,37.8,39.7,37.48,39.3,27341098,60.92,63.99,60.4,63.35,16963600,2026-03-07T03:45:46Z
MCD,2008-12-09,37.03,37.83,36.62,37.61,21693232,59.68,60.97,59.03,60.62,13459400,2026-03-07T03:45:46Z
MCD,2008-12-10,38.26,38.42,37.08,37.36,18392027,61.66,61.93,59.76,60.22,11411200,2026-03-07T03:45:46Z
MCD,2008-12-11,37.77,38.75,37.61,37.91,18777744,60.87,62.45,60.62,61.1,11650500,2026-03-07T03:45:46Z
MCD,2008-12-12,37.59,37.96,36.93,36.99,15839666,60.59,61.18,59.52,59.62,9827600,2026-03-07T03:45:46Z
MCD,2008-12-15,37.65,37.99,37.23,37.66,12836950,60.69,61.23,60,60.69,7964600,2026-03-07T03:45:46Z
MCD,2008-12-16,39.04,39.09,37.79,37.93,21739128,62.92,63,60.91,61.14,13487900,2026-03-07T03:45:46Z
MCD,2008-12-17,38.86,39.45,38.58,38.85,17728966,62.63,63.59,62.18,62.61,10999800,2026-03-07T03:45:46Z
MCD,2008-12-18,38.03,39.1,37.78,39.1,18364161,61.29,63.02,60.9,63.02,11393900,2026-03-07T03:45:46Z
MCD,2008-12-19,37.43,38.57,37.33,38.33,25734208,60.32,62.17,60.16,61.78,15966600,2026-03-07T03:45:46Z
MCD,2008-12-22,38.1,38.09,37.27,37.42,14611495,61.4,61.4,60.07,60.32,9065600,2026-03-07T03:45:46Z
MCD,2008-12-23,37.63,38.58,37.54,38.21,11569980,60.65,62.18,60.51,61.58,7178500,2026-03-07T03:45:46Z
MCD,2008-12-24,38.02,38.26,37.69,37.99,4157035,61.28,61.66,60.75,61.23,2579200,2026-03-07T03:45:46Z
MCD,2008-12-26,37.88,38.2,37.74,38.16,3884326,61.06,61.57,60.83,61.5,2410000,2026-03-07T03:45:46Z
MCD,2008-12-29,37.46,38.08,37.1,37.84,9325768,60.38,61.37,59.79,60.99,5786100,2026-03-07T03:45:46Z
MCD,2008-12-30,38.31,38.31,37.48,37.77,9349623,61.74,61.75,60.4,60.87,5800900,2026-03-07T03:45:46Z
MCD,2008-12-31,38.59,38.71,38.05,38.24,10041870,62.19,62.39,61.32,61.64,6230400,2026-03-07T03:45:46Z
MCD,2009-01-02,39.55,39.79,38.59,38.7,13946017,63.75,64.13,62.2,62.38,8652700,2026-03-07T03:45:46Z
MCD,2009-01-05,39.44,39.61,39.02,39.25,12398901,63.56,63.84,62.89,63.26,7692800,2026-03-07T03:45:46Z
MCD,2009-01-06,38.55,39.99,38.36,39.7,17499767,62.14,64.46,61.83,63.99,10857600,2026-03-07T03:45:46Z
MCD,2009-01-07,38,38.82,37.75,38.42,12749449,61.24,62.57,60.84,61.93,7910300,2026-03-07T03:45:46Z
MCD,2009-01-08,37.55,37.74,37.04,37.74,15121781,60.52,60.83,59.7,60.83,9382200,2026-03-07T03:45:46Z
MCD,2009-01-09,37.27,37.82,37.13,37.67,11524994,60.07,60.95,59.85,60.71,7150600,2026-03-07T03:45:46Z
MCD,2009-01-12,37.33,37.99,37.07,37.29,13995341,60.16,61.23,59.75,60.1,8683300,2026-03-07T03:45:46Z
MCD,2009-01-13,36.8,37.72,36.49,37.42,14638887,59.32,60.8,58.82,60.31,9082600,2026-03-07T03:45:46Z
MCD,2009-01-14,35.57,36.37,35,36.3,24725719,57.33,58.62,56.41,58.51,15340900,2026-03-07T03:45:46Z
MCD,2009-01-15,35.97,36.35,35.09,35.49,19608884,57.98,58.59,56.55,57.2,12166200,2026-03-07T03:45:46Z
MCD,2009-01-16,37.02,37.21,36.32,36.45,20059393,59.67,59.98,58.54,58.74,12445700,2026-03-07T03:45:46Z
MCD,2009-01-20,35.41,37.1,35.31,36.97,19228670,57.07,59.8,56.91,59.59,11930300,2026-03-07T03:45:46Z
MCD,2009-01-21,36.42,36.57,35.47,35.97,16538669,58.7,58.94,57.16,57.98,10261300,2026-03-07T03:45:46Z
MCD,2009-01-22,36.43,36.89,35.79,36.03,17679793,58.72,59.46,57.69,58.07,10969300,2026-03-07T03:45:46Z
MCD,2009-01-23,36,36.43,35.21,35.51,16548983,58.02,58.72,56.75,57.24,10267700,2026-03-07T03:45:46Z
MCD,2009-01-26,36.23,36.4,35.02,35.51,22775967,58.4,58.67,56.45,57.23,14131200,2026-03-07T03:45:46Z
MCD,2009-01-27,36.31,36.74,36.17,36.48,16106243,58.52,59.22,58.3,58.8,9993000,2026-03-07T03:45:46Z
MCD,2009-01-28,36.73,37.04,36.18,37.04,17907539,59.2,59.7,58.31,59.7,11110600,2026-03-07T03:45:46Z
MCD,2009-01-29,36.07,36.64,36,36.47,15407402,58.14,59.06,58.02,58.78,9559400,2026-03-07T03:45:46Z
MCD,2009-01-30,36,36.44,35.59,36.3,15571294,58.02,58.73,57.37,58.5,9661100,2026-03-07T03:45:46Z
MCD,2009-02-02,35.92,36.26,35.64,35.75,12333141,57.9,58.44,57.45,57.62,7652000,2026-03-07T03:45:46Z
MCD,2009-02-03,36.53,36.7,35.48,36.17,13061951,58.88,59.15,57.19,58.29,8104200,2026-03-07T03:45:46Z
MCD,2009-02-04,35.9,37.08,35.67,36.71,14937727,57.86,59.77,57.5,59.17,9268000,2026-03-07T03:45:46Z
MCD,2009-02-05,36.21,36.35,35.41,35.67,17836315,58.36,58.58,57.07,57.5,11066400,2026-03-07T03:45:46Z
MCD,2009-02-06,36.27,36.81,36.06,36.06,17389026,58.46,59.33,58.12,58.12,10788900,2026-03-07T03:45:46Z
MCD,2009-02-09,36.62,36.87,36.02,36.62,19920468,59.02,59.43,58.05,59.03,12359500,2026-03-07T03:45:46Z
MCD,2009-02-10,35.54,36.62,35.29,36.61,21473672,57.28,59.02,56.88,59,13323200,2026-03-07T03:45:46Z
MCD,2009-02-11,35.41,35.89,35.14,35.67,15440090,57.08,57.85,56.63,57.49,9579700,2026-03-07T03:45:46Z
MCD,2009-02-12,35.34,35.4,34.52,35.23,20627377,56.96,57.05,55.63,56.79,12798100,2026-03-07T03:45:46Z
MCD,2009-02-13,35.25,35.73,35.17,35.4,11244567,56.81,57.59,56.69,57.06,6976600,2026-03-07T03:45:46Z
MCD,2009-02-17,34.55,35,34.29,34.68,15705743,55.68,56.41,55.26,55.9,9744500,2026-03-07T03:45:46Z
MCD,2009-02-18,35,35.09,34.47,34.74,15294873,56.41,56.56,55.55,56,9489600,2026-03-07T03:45:46Z
MCD,2009-02-19,34.32,35.43,34.32,34.7,15350968,55.31,57.11,55.31,55.92,9524400,2026-03-07T03:45:46Z
MCD,2009-02-20,33.86,34.27,33.53,34.05,21825355,54.57,55.23,54.05,54.88,13541400,2026-03-07T03:45:46Z
MCD,2009-02-23,33.42,34.37,33.31,33.97,17503173,53.87,55.39,53.69,54.75,10859700,2026-03-07T03:45:46Z
MCD,2009-02-24,33.98,34.09,33.45,33.64,17573764,54.76,54.94,53.92,54.22,10903500,2026-03-07T03:45:46Z
MCD,2009-02-25,33.68,34.22,33.45,33.75,18589003,54.29,55.15,53.92,54.4,11533400,2026-03-07T03:45:46Z
MCD,2009-02-26,32.69,34.25,32.6,34.14,16242454,52.2,54.69,52.06,54.52,10171200,2026-03-07T03:45:46Z
MCD,2009-02-27,32.72,33.14,32.25,32.29,21373642,52.25,52.92,51.5,51.57,13384400,2026-03-07T03:45:46Z
MCD,2009-03-02,32.47,32.96,32.11,32.44,21151840,51.85,52.63,51.28,51.8,13245500,2026-03-07T03:45:46Z
MCD,2009-03-03,32.83,33.55,32.65,32.83,23759115,52.43,53.57,52.14,52.42,14878200,2026-03-07T03:45:46Z
MCD,2009-03-04,33.28,33.63,32.74,33.25,18554617,53.15,53.7,52.29,53.1,11619100,2026-03-07T03:45:46Z
MCD,2009-03-05,31.85,32.88,31.59,32.79,24840421,50.86,52.5,50.44,52.36,15555300,2026-03-07T03:45:46Z
MCD,2009-03-06,32.64,32.68,31.87,32.09,29045018,52.12,52.19,50.9,51.24,18188300,2026-03-07T03:45:46Z
MCD,2009-03-09,32.76,33.48,32.13,32.37,28623947,52.32,53.46,51.31,51.69,17924600,2026-03-07T03:45:46Z
MCD,2009-03-10,32.94,33.5,32.61,33.08,27682605,52.6,53.5,52.07,52.83,17335100,2026-03-07T03:45:46Z
MCD,2009-03-11,31.96,33.15,31.74,32.88,26551473,51.03,52.94,50.69,52.51,16626800,2026-03-07T03:45:46Z
MCD,2009-03-12,32.67,32.83,31.63,32.18,24436832,52.17,52.43,50.51,51.39,15302600,2026-03-07T03:45:46Z
MCD,2009-03-13,32.8,33.17,32.48,32.98,18132564,52.38,52.97,51.87,52.67,11354800,2026-03-07T03:45:46Z
MCD,2009-03-16,32.37,33.15,32.28,32.97,15782721,51.69,52.93,51.55,52.65,9883300,2026-03-07T03:45:46Z
MCD,2009-03-17,33.59,33.63,32.16,32.38,21809938,53.64,53.7,51.36,51.7,13657600,2026-03-07T03:45:46Z
MCD,2009-03-18,34.7,34.79,33.45,33.45,20599292,55.42,55.55,53.42,53.42,12899500,2026-03-07T03:45:46Z
MCD,2009-03-19,34.26,34.97,34,34.8,16539044,54.71,55.84,54.3,55.58,10356900,2026-03-07T03:45:46Z
MCD,2009-03-20,33.31,34.59,33.15,34.42,22031569,53.2,55.23,52.94,54.96,13796400,2026-03-07T03:45:46Z
MCD,2009-03-23,34.54,34.55,33.25,33.8,17322167,55.16,55.17,53.1,53.97,10847300,2026-03-07T03:45:46Z
MCD,2009-03-24,33.54,34.44,33.43,34.44,15713742,53.56,55,53.38,55,9840100,2026-03-07T03:45:46Z
MCD,2009-03-25,34.45,34.47,33.35,33.83,17375645,55.01,55.04,53.25,54.03,10880800,2026-03-07T03:45:46Z
MCD,2009-03-26,35.11,35.12,34.3,34.75,17718832,56.06,56.09,54.78,55.49,11095700,2026-03-07T03:45:46Z
MCD,2009-03-27,34.45,35.01,34.34,34.73,10597726,55.01,55.9,54.84,55.46,6636400,2026-03-07T03:45:46Z
MCD,2009-03-30,33.77,33.92,33.21,33.81,13897431,53.92,54.17,53.03,54,8702700,2026-03-07T03:45:46Z
MCD,2009-03-31,34.17,34.66,33.98,34,14444188,54.57,55.35,54.27,54.3,9045100,2026-03-07T03:45:46Z
MCD,2009-04-01,34.59,34.65,33.73,34,13222576,55.24,55.33,53.87,54.3,8280100,2026-03-07T03:45:46Z
MCD,2009-04-02,35.29,35.73,34.84,35.03,14049133,56.35,57.06,55.63,55.94,8797700,2026-03-07T03:45:46Z
MCD,2009-04-03,35.47,35.47,34.79,35.19,11458787,56.64,56.64,55.56,56.2,7175600,2026-03-07T03:45:46Z
MCD,2009-04-06,35.03,35.45,34.82,35.36,10371756,55.94,56.61,55.6,56.47,6494900,2026-03-07T03:45:46Z
MCD,2009-04-07,34.69,34.92,34.19,34.84,11389320,55.4,55.77,54.6,55.64,7132100,2026-03-07T03:45:46Z
MCD,2009-04-08,34.79,34.96,34.47,34.73,9303117,55.56,55.83,55.05,55.46,5825700,2026-03-07T03:45:46Z
MCD,2009-04-09,35.49,35.86,35.17,35.25,11644343,56.67,57.27,56.16,56.29,7291800,2026-03-07T03:45:46Z
MCD,2009-04-13,35.14,35.48,35.01,35.28,8793067,56.11,56.66,55.9,56.34,5506300,2026-03-07T03:45:46Z
MCD,2009-04-14,34.33,35.01,34.14,34.94,13735181,54.82,55.9,54.52,55.8,8601100,2026-03-07T03:45:46Z
MCD,2009-04-15,33.78,33.92,33.21,33.85,19452436,53.95,54.17,53.03,54.05,12181300,2026-03-07T03:45:46Z
MCD,2009-04-16,34.25,34.35,33.69,33.91,13674960,54.7,54.85,53.8,54.15,8563400,2026-03-07T03:45:46Z
MCD,2009-04-17,35.12,35.33,34.32,34.5,18663716,56.09,56.41,54.8,55.09,11687400,2026-03-07T03:45:46Z
MCD,2009-04-20,34.65,34.94,34.53,34.76,11468517,55.33,55.79,55.14,55.51,7181700,2026-03-07T03:45:46Z
MCD,2009-04-21,34.84,35.16,34.41,34.79,14254307,55.63,56.15,54.95,55.55,8926200,2026-03-07T03:45:46Z
MCD,2009-04-22,33.97,35.39,33.94,34.93,20283765,54.25,56.51,54.2,55.78,12701900,2026-03-07T03:45:46Z
MCD,2009-04-23,34.63,34.76,33.82,34.28,15773629,55.3,55.5,54.01,54.75,9877600,2026-03-07T03:45:46Z
MCD,2009-04-24,34.01,34.72,33.85,34.55,15875969,54.31,55.45,54.05,55.17,9941700,2026-03-07T03:45:46Z
MCD,2009-04-27,34.12,34.37,33.67,33.75,13009847,54.49,54.89,53.77,53.9,8146900,2026-03-07T03:45:46Z
MCD,2009-04-28,34.15,34.65,33.81,33.85,11879251,54.53,55.33,54,54.05,7438900,2026-03-07T03:45:46Z
MCD,2009-04-29,34.07,34.55,33.94,34.5,14193155,54.41,55.18,54.2,55.09,8887900,2026-03-07T03:45:46Z
MCD,2009-04-30,33.37,34.59,33.25,34.26,17830936,53.29,55.24,53.1,54.71,11165900,2026-03-07T03:45:46Z
MCD,2009-05-01,32.81,33.32,32.41,33.32,17828207,52.4,53.21,51.76,53.21,11164200,2026-03-07T03:45:46Z
MCD,2009-05-04,33.05,33.8,32.88,33.12,20741444,52.77,53.97,52.5,52.89,12988500,2026-03-07T03:45:46Z
MCD,2009-05-05,33.29,33.6,33.17,33.19,19775170,53.16,53.65,52.97,53,12383400,2026-03-07T03:45:46Z
MCD,2009-05-06,33.62,34.19,33.43,33.53,19688611,53.69,54.6,53.39,53.55,12329200,2026-03-07T03:45:46Z
MCD,2009-05-07,33.43,34.05,33.15,33.83,17930434,53.39,54.37,52.94,54.02,11228200,2026-03-07T03:45:46Z
MCD,2009-05-08,34.39,34.72,34.13,34.5,21787550,54.92,55.45,54.51,55.1,13643600,2026-03-07T03:45:46Z
MCD,2009-05-11,34.07,34.34,33.84,34.34,15433332,54.4,54.83,54.04,54.83,9664500,2026-03-07T03:45:46Z
MCD,2009-05-12,33.8,34.32,33.35,34.28,13520844,53.97,54.81,53.25,54.74,8466900,2026-03-07T03:45:46Z
MCD,2009-05-13,33.5,33.77,33.28,33.52,13840075,53.49,53.92,53.14,53.52,8666800,2026-03-07T03:45:46Z
MCD,2009-05-14,33.55,33.89,33.34,33.41,13133920,53.57,54.12,53.24,53.36,8224600,2026-03-07T03:45:46Z
MCD,2009-05-15,33.48,34.15,33.21,33.48,13200198,53.46,54.54,53.03,53.47,8266100,2026-03-07T03:45:46Z
MCD,2009-05-18,33.94,33.98,33.21,33.51,13180395,54.2,54.27,53.04,53.51,8253700,2026-03-07T03:45:46Z
MCD,2009-05-19,33.73,34.1,33.64,34.03,10106683,53.87,54.46,53.72,54.34,6328900,2026-03-07T03:45:46Z
MCD,2009-05-20,35.22,35.69,34.45,34.55,24349508,56.25,57,55.02,55.18,15247900,2026-03-07T03:45:46Z
MCD,2009-05-21,34.87,35.22,34.58,34.87,16391482,55.69,56.25,55.22,55.68,10264500,2026-03-07T03:45:46Z
MCD,2009-05-22,35.74,36.13,34.87,35.02,17130181,57.08,57.69,55.69,55.92,10727100,2026-03-07T03:45:46Z
MCD,2009-05-26,36.85,36.9,35.56,35.67,19574262,58.84,58.92,56.78,56.97,12257600,2026-03-07T03:45:46Z
MCD,2009-05-27,36.21,36.91,36.18,36.75,16663402,57.82,58.95,57.77,58.68,10434800,2026-03-07T03:45:46Z
MCD,2009-05-28,36.4,36.7,35.94,36.25,13417698,58.13,58.6,57.4,57.89,8402300,2026-03-07T03:45:46Z
MCD,2009-05-29,36.94,36.97,36.13,36.49,12871250,58.99,59.03,57.69,58.28,8060100,2026-03-07T03:45:46Z
MCD,2009-06-01,37.48,37.57,36.9,37.06,12369641,59.85,59.99,58.92,59.18,7746000,2026-03-07T03:45:46Z
MCD,2009-06-02,37.81,38.05,37.25,37.3,14902174,60.38,60.77,59.48,59.57,9331900,2026-03-07T03:45:46Z
MCD,2009-06-03,38.19,38.2,37.42,37.48,16648110,60.99,61.01,59.75,59.85,10425200,2026-03-07T03:45:46Z
MCD,2009-06-04,38.03,38.29,37.76,38.29,16213217,60.24,60.65,59.8,60.65,10236800,2026-03-07T03:45:46Z
MCD,2009-06-05,37.8,38.19,37.47,38.14,16290500,59.87,60.49,59.35,60.4,10285600,2026-03-07T03:45:46Z
MCD,2009-06-08,37.08,37.37,36.46,36.99,23371273,58.72,59.18,57.75,58.58,14756300,2026-03-07T03:45:46Z
MCD,2009-06-09,37.3,37.6,37.09,37.26,12594826,59.08,59.55,58.75,59.02,7952200,2026-03-07T03:45:46Z
MCD,2009-06-10,36.85,37.64,36.54,37.63,15837692,58.36,59.62,57.87,59.6,9999700,2026-03-07T03:45:46Z
MCD,2009-06-11,36.41,37.07,36.39,36.82,14767207,57.67,58.71,57.63,58.32,9323800,2026-03-07T03:45:46Z
MCD,2009-06-12,36.85,36.92,36.3,36.41,11186497,58.36,58.48,57.5,57.67,7063000,2026-03-07T03:45:46Z
MCD,2009-06-15,36.48,36.72,36.14,36.68,11939284,57.78,58.15,57.24,58.1,7538300,2026-03-07T03:45:46Z
MCD,2009-06-16,36.03,36.56,35.88,36.56,13801541,57.07,57.91,56.82,57.91,8714100,2026-03-07T03:45:46Z
MCD,2009-06-17,36.22,36.7,36.12,36.12,11429779,57.37,58.12,57.21,57.21,7216600,2026-03-07T03:45:46Z
MCD,2009-06-18,36.72,37.14,36.12,36.34,10998978,58.16,58.82,57.21,57.55,6944600,2026-03-07T03:45:46Z
MCD,2009-06-19,36.73,37.14,36.62,36.88,15213207,58.17,58.83,58,58.41,9605400,2026-03-07T03:45:46Z
MCD,2009-06-22,36.12,36.63,36.07,36.49,12118570,57.2,58.02,57.13,57.8,7651500,2026-03-07T03:45:46Z
MCD,2009-06-23,35.84,36.37,35.76,36.33,11608102,56.76,57.61,56.64,57.54,7329200,2026-03-07T03:45:46Z
MCD,2009-06-24,35.55,36.05,35.38,36.03,11557757,56.3,57.1,56.04,57.07,7297400,2026-03-07T03:45:46Z
MCD,2009-06-25,36.28,36.43,35.45,35.49,12419674,57.46,57.7,56.15,56.21,7841600,2026-03-07T03:45:46Z
MCD,2009-06-26,35.99,36.24,35.83,36.23,12979541,57,57.4,56.75,57.39,8195100,2026-03-07T03:45:46Z
MCD,2009-06-29,36.13,36.21,35.74,36.11,10518927,57.23,57.35,56.6,57.19,6641500,2026-03-07T03:45:46Z
MCD,2009-06-30,36.3,36.71,36.12,36.18,11616342,57.49,58.14,57.21,57.3,7334400,2026-03-07T03:45:46Z
MCD,2009-07-01,36.76,36.97,36.4,36.4,9080814,58.22,58.55,57.65,57.65,5733500,2026-03-07T03:45:46Z
MCD,2009-07-02,36.27,36.51,36.15,36.42,11041272,57.45,57.83,57.25,57.69,6971300,2026-03-07T03:45:46Z
MCD,2009-07-06,36.61,36.77,35.86,36.04,11931678,57.99,58.24,56.8,57.08,7533500,2026-03-07T03:45:46Z
MCD,2009-07-07,35.86,36.62,35.83,36.62,12975589,56.8,58,56.75,58,8192600,2026-03-07T03:45:46Z
MCD,2009-07-08,36.01,36.11,35.63,36.05,17059907,57.04,57.19,56.44,57.1,10771400,2026-03-07T03:45:46Z
MCD,2009-07-09,35.84,36.17,35.53,36.15,12343473,56.77,57.29,56.28,57.25,7793500,2026-03-07T03:45:46Z
MCD,2009-07-10,36.02,36.44,35.71,35.76,10674285,57.05,57.72,56.56,56.63,6739600,2026-03-07T03:45:46Z
MCD,2009-07-13,36.16,36.32,35.71,36.03,11177466,57.27,57.53,56.56,57.07,7057300,2026-03-07T03:45:46Z
MCD,2009-07-14,36.28,36.32,35.9,36.14,10564546,57.46,57.52,56.86,57.24,6670300,2026-03-07T03:45:46Z
MCD,2009-07-15,36.04,36.3,35.81,36.29,18849807,57.08,57.49,56.71,57.48,11901500,2026-03-07T03:45:46Z
MCD,2009-07-16,36.13,36.2,35.94,36.11,15965989,57.22,57.33,56.92,57.19,10080700,2026-03-07T03:45:46Z
MCD,2009-07-17,36.52,36.65,36.15,36.2,15471661,57.84,58.05,57.26,57.34,9768600,2026-03-07T03:45:46Z
MCD,2009-07-20,36.8,36.94,36.61,36.76,12818457,58.28,58.5,57.98,58.22,8093400,2026-03-07T03:45:46Z
MCD,2009-07-21,37.02,37.04,36.56,36.95,12272670,58.63,58.67,57.91,58.52,7748800,2026-03-07T03:45:46Z
MCD,2009-07-22,37.14,37.62,36.92,36.95,14487659,58.82,59.59,58.48,58.53,9147300,2026-03-07T03:45:46Z
MCD,2009-07-23,35.41,36.11,35.12,35.98,54235351,56.09,57.19,55.62,56.99,34243400,2026-03-07T03:45:46Z
MCD,2009-07-24,35.41,35.65,35.2,35.6,19545269,56.08,56.47,55.75,56.39,12340600,2026-03-07T03:45:46Z
MCD,2009-07-27,35.34,35.55,35.17,35.5,12346955,55.97,56.31,55.7,56.22,7795700,2026-03-07T03:45:46Z
MCD,2009-07-28,35.65,35.8,35.23,35.29,13859179,56.47,56.7,55.8,55.9,8750500,2026-03-07T03:45:46Z
MCD,2009-07-29,35.62,35.96,35.48,35.52,12674491,56.41,56.96,56.2,56.25,8002500,2026-03-07T03:45:46Z
MCD,2009-07-30,35.1,35.79,35.07,35.74,21932351,55.59,56.69,55.55,56.61,13847800,2026-03-07T03:45:46Z
MCD,2009-07-31,34.76,35.23,34.68,35.04,21415118,55.06,55.79,54.92,55.5,13521200,2026-03-07T03:45:46Z
MCD,2009-08-03,34.81,34.97,34.52,34.8,16804464,55.13,55.39,54.68,55.11,10610100,2026-03-07T03:45:46Z
MCD,2009-08-04,34.73,35.04,34.67,34.93,18666101,55.01,55.49,54.91,55.32,11785500,2026-03-07T03:45:46Z
MCD,2009-08-05,34.78,34.88,34.6,34.81,14929675,55.09,55.24,54.8,55.13,9426400,2026-03-07T03:45:46Z
MCD,2009-08-06,34.63,34.88,34.52,34.85,16232388,54.84,55.25,54.67,55.2,10248900,2026-03-07T03:45:46Z
MCD,2009-08-07,34.85,34.98,34.59,34.78,12887998,55.2,55.4,54.79,55.08,8137300,2026-03-07T03:45:46Z
MCD,2009-08-10,35.53,35.67,35.2,35.23,17447009,56.27,56.49,55.75,55.8,11015800,2026-03-07T03:45:46Z
MCD,2009-08-11,35.37,35.59,35.26,35.4,13801082,56.02,56.37,55.85,56.06,8713800,2026-03-07T03:45:46Z
MCD,2009-08-12,35.52,35.76,35.21,35.3,11442595,56.26,56.63,55.76,55.91,7224700,2026-03-07T03:45:46Z
MCD,2009-08-13,35.22,35.77,35.08,35.64,15722716,55.78,56.65,55.56,56.45,9927100,2026-03-07T03:45:46Z
MCD,2009-08-14,34.9,35.23,34.62,35.16,12204737,55.27,55.8,54.83,55.69,7705900,2026-03-07T03:45:46Z
MCD,2009-08-17,34.41,34.88,34.41,34.58,16536018,54.5,55.25,54.5,54.77,10440600,2026-03-07T03:45:46Z
MCD,2009-08-18,34.89,34.9,34.37,34.45,16322181,55.26,55.27,54.43,54.57,10305600,2026-03-07T03:45:46Z
MCD,2009-08-19,35.14,35.35,34.8,34.86,12613055,55.65,55.99,55.11,55.21,7963700,2026-03-07T03:45:46Z
MCD,2009-08-20,35.45,35.52,35.14,35.21,8745999,56.14,56.25,55.65,55.76,5522100,2026-03-07T03:45:46Z
MCD,2009-08-21,35.53,35.75,35.39,35.67,12149617,56.27,56.62,56.05,56.5,7671100,2026-03-07T03:45:46Z
MCD,2009-08-24,35.3,35.6,35.17,35.6,10515751,55.91,56.38,55.7,56.38,6639500,2026-03-07T03:45:46Z
MCD,2009-08-25,35.64,35.83,35.45,35.47,11793591,56.45,56.75,56.15,56.18,7446300,2026-03-07T03:45:46Z
MCD,2009-08-26,35.99,36.13,35.55,35.65,13080271,57,57.22,56.3,56.47,8258700,2026-03-07T03:45:46Z
MCD,2009-08-27,36.09,36.1,35.73,36.03,13405912,57.16,57.18,56.59,57.06,8464300,2026-03-07T03:45:46Z
MCD,2009-08-28,35.71,36.34,35.52,36.32,13637176,56.07,57.05,55.76,57.02,8686300,2026-03-07T03:45:46Z
MCD,2009-08-31,35.82,35.82,35.45,35.51,12384654,56.24,56.24,55.65,55.75,7888500,2026-03-07T03:45:46Z
MCD,2009-09-01,35.44,35.92,35.33,35.7,12230020,55.64,56.4,55.46,56.05,7790000,2026-03-07T03:45:46Z
MCD,2009-09-02,35.27,35.48,34.84,35.44,10925199,55.37,55.7,54.69,55.64,6958900,2026-03-07T03:45:46Z
MCD,2009-09-03,35.4,35.41,35.07,35.38,8917399,55.57,55.6,55.06,55.55,5680000,2026-03-07T03:45:46Z
MCD,2009-09-04,35.76,35.82,35.29,35.41,7665973,56.14,56.24,55.4,55.6,4882900,2026-03-07T03:45:46Z
MCD,2009-09-08,35.81,36.06,35.67,35.92,11742839,56.22,56.62,56,56.4,7479700,2026-03-07T03:45:46Z
MCD,2009-09-09,35.09,35.36,34.84,35.11,27982392,55.09,55.52,54.69,55.12,17823600,2026-03-07T03:45:46Z
MCD,2009-09-10,34.94,35.28,34.87,35.19,19549195,54.85,55.39,54.75,55.25,12452000,2026-03-07T03:45:46Z
MCD,2009-09-11,34.64,35.11,34.54,35.1,19164397,54.39,55.12,54.23,55.11,12206900,2026-03-07T03:45:46Z
MCD,2009-09-14,34.54,34.61,34.32,34.46,16132476,54.23,54.34,53.88,54.1,10275700,2026-03-07T03:45:46Z
MCD,2009-09-15,35.02,35.22,34.5,34.77,22410770,54.98,55.29,54.17,54.59,14274700,2026-03-07T03:45:46Z
MCD,2009-09-16,35.97,36.08,35.03,35.22,27257854,56.47,56.64,55,55.29,17362100,2026-03-07T03:45:46Z
MCD,2009-09-17,35.96,36.13,35.7,35.93,15261308,56.46,56.73,56.05,56.41,9720800,2026-03-07T03:45:46Z
MCD,2009-09-18,36.31,36.31,35.86,36.05,22552041,57,57,56.3,56.6,14364700,2026-03-07T03:45:46Z
MCD,2009-09-21,35.76,36.15,35.56,36.01,15430382,56.14,56.75,55.83,56.54,9828500,2026-03-07T03:45:46Z
MCD,2009-09-22,35.55,35.99,35.4,35.99,12583570,55.81,56.5,55.58,56.5,8015200,2026-03-07T03:45:46Z
MCD,2009-09-23,35.38,35.84,35.35,35.59,13487249,55.54,56.27,55.5,55.88,8590800,2026-03-07T03:45:46Z
MCD,2009-09-24,35.75,35.92,35.38,35.47,14557153,56.12,56.39,55.54,55.68,9272300,2026-03-07T03:45:46Z
MCD,2009-09-25,36.27,36.6,35.94,35.98,17710459,56.95,57.46,56.42,56.48,11280800,2026-03-07T03:45:46Z
MCD,2009-09-28,36.41,36.73,36.36,36.46,12220738,57.17,57.67,57.08,57.24,7784100,2026-03-07T03:45:46Z
MCD,2009-09-29,36.41,36.73,36.34,36.42,11842848,57.17,57.66,57.05,57.18,7543400,2026-03-07T03:45:46Z
MCD,2009-09-30,36.35,36.52,35.81,36.28,15426760,57.07,57.33,56.22,56.96,9826200,2026-03-07T03:45:46Z
MCD,2009-10-01,36.14,36.4,35.96,36.3,15709826,56.74,57.14,56.46,56.99,10006500,2026-03-07T03:45:46Z
MCD,2009-10-02,36.12,36.42,35.73,35.84,13912843,56.71,57.18,56.09,56.27,8861900,2026-03-07T03:45:46Z
MCD,2009-10-05,36.06,36.31,35.85,36.24,12625005,56.61,57,56.29,56.9,8041600,2026-03-07T03:45:46Z
MCD,2009-10-06,36.59,36.71,36.13,36.13,11252694,57.44,57.64,56.72,56.72,7167500,2026-03-07T03:45:46Z
MCD,2009-10-07,36.4,36.66,36.13,36.45,11436696,57.14,57.56,56.72,57.23,7284700,2026-03-07T03:45:46Z
MCD,2009-10-08,36.22,36.7,36.19,36.61,13688343,56.87,57.62,56.81,57.47,8718900,2026-03-07T03:45:46Z
MCD,2009-10-09,36.12,36.16,35.69,36.01,16057268,56.7,56.77,56.03,56.54,10227800,2026-03-07T03:45:46Z
MCD,2009-10-12,36.1,36.65,36.03,36.26,13429292,56.68,57.54,56.57,56.93,8553900,2026-03-07T03:45:46Z
MCD,2009-10-13,36.34,36.5,36.1,36.12,9678046,57.05,57.3,56.68,56.71,6164500,2026-03-07T03:45:46Z
MCD,2009-10-14,36.63,36.9,36.55,36.56,11904234,57.5,57.93,57.39,57.4,7582500,2026-03-07T03:45:46Z
MCD,2009-10-15,37.07,37.1,36.48,36.48,12780924,58.2,58.25,57.27,57.27,8140900,2026-03-07T03:45:46Z
MCD,2009-10-16,37.44,37.73,36.98,36.99,15668846,58.78,59.23,58.06,58.08,9980400,2026-03-07T03:45:46Z
MCD,2009-10-19,37.76,37.87,37.47,37.56,11880051,59.28,59.45,58.82,58.97,7567100,2026-03-07T03:45:46Z
MCD,2009-10-20,37.53,37.99,37.34,37.96,11946774,58.92,59.65,58.62,59.6,7609600,2026-03-07T03:45:46Z
MCD,2009-10-21,37.15,37.65,36.94,37.45,15117503,58.33,59.11,58,58.8,9629200,2026-03-07T03:45:46Z
MCD,2009-10-22,37.9,38.6,37.64,38.13,38685283,59.5,60.6,59.09,59.87,24640900,2026-03-07T03:45:46Z
MCD,2009-10-23,37.85,37.97,37.59,37.9,11980699,59.43,59.61,59.02,59.5,7631200,2026-03-07T03:45:46Z
MCD,2009-10-26,37.71,38.19,37.66,37.91,14163261,59.2,59.96,59.12,59.51,9021400,2026-03-07T03:45:46Z
MCD,2009-10-27,37.59,37.76,37.22,37.72,13088010,59.02,59.28,58.44,59.22,8336500,2026-03-07T03:45:46Z
MCD,2009-10-28,37.35,37.78,37.33,37.36,13742042,58.64,59.32,58.6,58.65,8753100,2026-03-07T03:45:46Z
MCD,2009-10-29,37.67,37.72,37.33,37.57,10912334,59.14,59.22,58.6,58.98,6950700,2026-03-07T03:45:46Z
MCD,2009-10-30,37.33,37.9,37.3,37.64,15509188,58.61,59.5,58.56,59.09,9878700,2026-03-07T03:45:46Z
MCD,2009-11-02,37.68,37.92,37.33,37.48,11907232,59.16,59.54,58.6,58.84,7584400,2026-03-07T03:45:46Z
MCD,2009-11-03,37.73,37.92,37.47,37.47,10302090,59.24,59.54,58.82,58.82,6562000,2026-03-07T03:45:46Z
MCD,2009-11-04,38.4,38.76,37.71,37.9,19303469,60.29,60.85,59.2,59.5,12295500,2026-03-07T03:45:46Z
MCD,2009-11-05,39.16,39.17,38.4,38.51,17274599,61.48,61.5,60.29,60.46,11003200,2026-03-07T03:45:46Z
MCD,2009-11-06,39.31,39.61,38.87,38.89,16947762,61.72,62.18,61.03,61.05,10795000,2026-03-07T03:45:46Z
MCD,2009-11-09,39.9,40.05,39.57,39.66,16515552,62.64,62.88,62.13,62.27,10519700,2026-03-07T03:45:46Z
MCD,2009-11-10,39.67,39.98,39.48,39.8,11631862,62.28,62.76,61.98,62.49,7409000,2026-03-07T03:45:46Z
MCD,2009-11-11,40.02,40.19,39.78,39.92,10429565,62.83,63.1,62.45,62.68,6643200,2026-03-07T03:45:46Z
MCD,2009-11-12,39.6,40.01,39.48,39.95,10075070,62.17,62.81,61.99,62.72,6417400,2026-03-07T03:45:46Z
MCD,2009-11-13,40.5,40.64,39.6,39.64,15227688,63.58,63.8,62.17,62.23,9699400,2026-03-07T03:45:46Z
MCD,2009-11-16,41.1,41.24,40.58,40.71,19012712,64.53,64.75,63.71,63.92,12110300,2026-03-07T03:45:46Z
MCD,2009-11-17,40.49,41.07,40.41,40.98,13484725,63.57,64.48,63.45,64.34,8589200,2026-03-07T03:45:46Z
MCD,2009-11-18,40.75,40.75,40.27,40.52,10968533,63.98,63.98,63.22,63.61,6986500,2026-03-07T03:45:46Z
MCD,2009-11-19,40.39,40.73,40.16,40.73,9181925,63.41,63.94,63.05,63.94,5848500,2026-03-07T03:45:46Z
MCD,2009-11-20,40.75,40.89,40.29,40.36,13895422,63.97,64.19,63.25,63.36,8850800,2026-03-07T03:45:46Z
MCD,2009-11-23,40.76,40.96,40.56,40.96,10788321,63.99,64.3,63.68,64.3,6871700,2026-03-07T03:45:46Z
MCD,2009-11-24,40.91,40.95,40.3,40.77,12990666,64.22,64.29,63.27,64.01,8274500,2026-03-07T03:45:46Z
MCD,2009-11-25,41.05,41.15,40.94,41.03,11935493,64.45,64.6,64.27,64.41,7602400,2026-03-07T03:45:46Z
MCD,2009-11-27,40.86,41.03,40.46,40.46,5537946,63.6,63.86,62.98,62.98,3557800,2026-03-07T03:45:46Z
MCD,2009-11-30,40.63,40.96,40.49,40.96,10220728,63.25,63.76,63.03,63.76,6566200,2026-03-07T03:45:46Z
MCD,2009-12-01,40.82,41.15,40.8,40.88,14968223,63.54,64.05,63.51,63.64,9616200,2026-03-07T03:45:46Z
MCD,2009-12-02,40.15,41.02,40.15,40.8,16379428,62.5,63.85,62.49,63.5,10522800,2026-03-07T03:45:46Z
MCD,2009-12-03,39.81,40.38,39.8,40.24,16750983,61.97,62.85,61.95,62.63,10761500,2026-03-07T03:45:46Z
MCD,2009-12-04,39.57,40.28,39.28,40.13,14785342,61.59,62.7,61.14,62.46,9498700,2026-03-07T03:45:46Z
MCD,2009-12-07,39.79,40,39.38,39.61,14066218,61.93,62.26,61.29,61.66,9036700,2026-03-07T03:45:46Z
MCD,2009-12-08,38.94,39.12,38.57,38.84,22878082,60.61,60.9,60.04,60.45,14697800,2026-03-07T03:45:46Z
MCD,2009-12-09,38.93,39.21,38.76,39.02,16985228,60.6,61.03,60.33,60.73,10912000,2026-03-07T03:45:46Z
