ticker,tradeDate,clsPx,hiPx,loPx,open,stockVolume,unadjClsPx,unadjHiPx,unadjLoPx,unadjOpen,unadjStockVolume,updatedAt
MDT,2006-01-03,36.56,36.68,36.05,36.57,7161502,57.85,58.04,57.04,57.87,4525500,2025-12-30T03:45:15Z
MDT,2006-01-04,36.95,37,36.74,37,5376695,58.37,58.46,58.05,58.45,3403300,2025-12-30T03:45:15Z
MDT,2006-01-05,36.52,36.96,36.34,36.96,7301268,57.7,58.39,57.41,58.39,4621500,2025-12-30T03:45:15Z
MDT,2006-01-06,37.29,37.34,36.67,36.68,8836703,58.92,59,57.94,57.95,5593400,2025-12-30T03:45:15Z
MDT,2006-01-09,37.38,37.45,36.42,37.28,6529198,59.05,59.17,57.54,58.9,4132800,2025-12-30T03:45:15Z
MDT,2006-01-10,37.26,37.29,36.65,37.09,7116099,58.86,58.91,57.9,58.6,4504300,2025-12-30T03:45:15Z
MDT,2006-01-11,37.05,37.25,36.81,37.22,5760757,58.54,58.85,58.15,58.8,3646400,2025-12-30T03:45:15Z
MDT,2006-01-12,36.83,37.35,36.74,37.09,4579180,58.18,59.01,58.05,58.59,2898500,2025-12-30T03:45:15Z
MDT,2006-01-13,36.93,37,36.62,36.83,3903962,58.34,58.45,57.85,58.18,2471100,2025-12-30T03:45:15Z
MDT,2006-01-17,37.22,37.3,36.83,36.93,6168669,58.8,58.93,58.19,58.34,3904600,2025-12-30T03:45:15Z
MDT,2006-01-18,37.68,37.84,37.29,37.31,5573220,59.53,59.78,58.91,58.95,3527700,2025-12-30T03:45:15Z
MDT,2006-01-19,37.69,37.9,37.57,37.73,5237350,59.54,59.87,59.35,59.6,3315100,2025-12-30T03:45:15Z
MDT,2006-01-20,37.23,37.69,37.1,37.69,6070238,58.82,59.54,58.62,59.54,3842300,2025-12-30T03:45:15Z
MDT,2006-01-23,37.37,37.5,37.12,37.25,4159579,59.04,59.24,58.64,58.85,2632900,2025-12-30T03:45:15Z
MDT,2006-01-24,37.49,37.52,37.25,37.31,4472385,59.23,59.27,58.85,58.95,2830900,2025-12-30T03:45:15Z
MDT,2006-01-25,36.25,37.49,36.16,37.22,9647795,57.27,59.23,57.13,58.8,6106800,2025-12-30T03:45:15Z
MDT,2006-01-26,36.17,36.47,36.08,36.31,6616713,57.15,57.61,57,57.36,4188200,2025-12-30T03:45:15Z
MDT,2006-01-27,36.08,36.78,35.76,36.78,6045907,57,58.1,56.5,58.1,3826900,2025-12-30T03:45:15Z
MDT,2006-01-30,35.95,36.14,35.7,36.08,6710074,56.8,57.1,56.4,57,4247300,2025-12-30T03:45:15Z
MDT,2006-01-31,35.74,36,35.46,36,7504266,56.47,56.88,56.02,56.88,4750000,2025-12-30T03:45:15Z
MDT,2006-02-01,35.43,35.83,35.26,35.74,6379898,55.98,56.61,55.7,56.47,4038300,2025-12-30T03:45:15Z
MDT,2006-02-02,35.43,35.64,35.16,35.43,5036707,55.97,56.3,55.55,55.98,3188100,2025-12-30T03:45:15Z
MDT,2006-02-03,35.03,35.49,34.86,35.16,6733783,55.34,56.07,55.07,55.55,4262300,2025-12-30T03:45:15Z
MDT,2006-02-06,34.66,35,34.53,34.88,6913243,54.75,55.3,54.55,55.1,4375900,2025-12-30T03:45:15Z
MDT,2006-02-07,34.62,34.87,34.4,34.5,6632988,54.7,55.09,54.34,54.5,4198500,2025-12-30T03:45:15Z
MDT,2006-02-08,35.11,35.29,34.73,34.81,5956654,55.47,55.75,54.87,55,3770400,2025-12-30T03:45:15Z
MDT,2006-02-09,35.09,35.49,35.05,35.11,5161045,55.44,56.07,55.37,55.47,3266800,2025-12-30T03:45:15Z
MDT,2006-02-10,35.31,35.31,34.9,35.12,5336715,55.79,55.79,55.14,55.49,3378000,2025-12-30T03:45:15Z
MDT,2006-02-13,35.45,35.5,35.14,35.26,4626104,56,56.08,55.52,55.7,2928200,2025-12-30T03:45:15Z
MDT,2006-02-14,36.03,36.07,35.6,35.67,5779081,56.92,56.99,56.25,56.35,3658000,2025-12-30T03:45:15Z
MDT,2006-02-15,36.17,36.26,35.66,35.91,4397815,57.14,57.28,56.33,56.73,2783700,2025-12-30T03:45:15Z
MDT,2006-02-16,35.74,36.03,35.48,36.02,6373729,56.47,56.93,56.05,56.9,4034400,2025-12-30T03:45:15Z
MDT,2006-02-17,35.61,35.91,35.26,35.74,5778912,56.26,56.74,55.7,56.47,3657900,2025-12-30T03:45:15Z
MDT,2006-02-21,35.17,35.45,35.1,35.41,6985449,55.57,56,55.45,55.95,4421600,2025-12-30T03:45:15Z
MDT,2006-02-22,34.37,35.16,34.28,34.94,13340234,54.3,55.55,54.15,55.2,8444000,2025-12-30T03:45:15Z
MDT,2006-02-23,34.35,34.59,33.93,34.4,8265450,54.27,54.65,53.6,54.35,5231800,2025-12-30T03:45:15Z
MDT,2006-02-24,34.22,34.4,33.95,34.18,5434994,54.07,54.35,53.63,54,3440200,2025-12-30T03:45:15Z
MDT,2006-02-27,34.62,34.78,34.22,34.23,6699974,54.7,54.95,54.06,54.08,4240900,2025-12-30T03:45:15Z
MDT,2006-02-28,34.15,34.41,33.79,34.4,8962624,53.95,54.36,53.38,54.35,5673100,2025-12-30T03:45:15Z
MDT,2006-03-01,34.04,34.29,33.84,34.15,9213659,53.78,54.18,53.46,53.95,5832000,2025-12-30T03:45:15Z
MDT,2006-03-02,34.05,34.12,33.71,33.83,7649625,53.8,53.9,53.25,53.45,4842000,2025-12-30T03:45:15Z
MDT,2006-03-03,33.88,34.14,33.86,34.04,5240040,53.53,53.94,53.49,53.78,3316800,2025-12-30T03:45:15Z
MDT,2006-03-06,33.79,34.02,33.66,33.99,5215076,53.39,53.74,53.17,53.7,3301000,2025-12-30T03:45:15Z
MDT,2006-03-07,33.69,33.83,33.56,33.66,5511934,53.23,53.44,53.02,53.17,3488900,2025-12-30T03:45:15Z
MDT,2006-03-08,33.74,33.81,33.5,33.61,6796806,53.3,53.41,52.92,53.1,4302200,2025-12-30T03:45:15Z
MDT,2006-03-09,34.07,34.16,33.84,33.86,7092095,53.83,53.97,53.47,53.5,4489100,2025-12-30T03:45:15Z
MDT,2006-03-10,34.13,34.32,33.9,34.01,6307536,53.92,54.22,53.55,53.73,3992500,2025-12-30T03:45:15Z
MDT,2006-03-13,33.74,34.1,33.64,34.09,4408875,53.31,53.88,53.15,53.86,2790700,2025-12-30T03:45:15Z
MDT,2006-03-14,33.74,33.93,33.43,33.55,5770539,53.3,53.6,52.81,53,3652600,2025-12-30T03:45:15Z
MDT,2006-03-15,33.64,33.93,33.42,33.93,6065980,53.15,53.6,52.8,53.6,3839600,2025-12-30T03:45:15Z
MDT,2006-03-16,33.52,33.67,33.42,33.58,5914794,52.96,53.2,52.8,53.05,3743900,2025-12-30T03:45:15Z
MDT,2006-03-17,33.33,33.54,33.21,33.53,8367512,52.66,52.99,52.47,52.98,5296400,2025-12-30T03:45:15Z
MDT,2006-03-20,33.88,33.99,33.16,33.33,5959029,53.53,53.7,52.38,52.65,3771900,2025-12-30T03:45:15Z
MDT,2006-03-21,33.62,33.96,33.55,33.89,4391656,53.11,53.65,53.01,53.54,2779800,2025-12-30T03:45:15Z
MDT,2006-03-22,34.07,34.12,33.23,33.23,4530845,53.83,53.9,52.5,52.5,2867900,2025-12-30T03:45:15Z
MDT,2006-03-23,34.09,34.51,33.74,34.51,6979923,53.86,54.52,53.31,54.52,4418100,2025-12-30T03:45:15Z
MDT,2006-03-24,33.69,34.24,33.67,34.09,7243763,53.23,54.1,53.2,53.86,4585100,2025-12-30T03:45:15Z
MDT,2006-03-27,32.81,33.55,32.78,33.55,9285867,51.84,53.01,51.79,53,5877700,2025-12-30T03:45:15Z
MDT,2006-03-28,32.93,33.12,32.55,32.79,9790481,52.02,52.33,51.42,51.8,6197100,2025-12-30T03:45:15Z
MDT,2006-03-29,32.84,33.12,32.6,32.91,9317154,51.88,52.33,51.5,52,5897500,2025-12-30T03:45:15Z
MDT,2006-03-30,32.65,32.78,32.46,32.76,7454673,51.58,51.79,51.28,51.75,4718600,2025-12-30T03:45:15Z
MDT,2006-03-31,32.12,32.35,32,32.34,12077915,50.75,51.11,50.55,51.1,7645000,2025-12-30T03:45:15Z
MDT,2006-04-03,32.37,32.56,32.23,32.45,10813585,51.14,51.44,50.92,51.26,6844700,2025-12-30T03:45:15Z
MDT,2006-04-04,32.6,32.73,32.2,32.47,8522640,51.5,51.71,50.87,51.3,5394600,2025-12-30T03:45:15Z
MDT,2006-04-05,32.08,32.28,31.71,32.02,26859405,50.58,50.9,50,50.5,17033100,2025-12-30T03:45:15Z
MDT,2006-04-06,32.65,32.75,32.18,32.22,11675953,51.49,51.64,50.75,50.8,7404400,2025-12-30T03:45:15Z
MDT,2006-04-07,32.31,32.69,32.28,32.63,8623101,50.95,51.55,50.9,51.45,5468400,2025-12-30T03:45:15Z
MDT,2006-04-10,32.3,32.44,31.99,32.13,6349219,50.93,51.16,50.45,50.66,4026400,2025-12-30T03:45:15Z
MDT,2006-04-11,32.02,32.4,31.92,32.34,8129697,50.5,51.09,50.34,51,5155500,2025-12-30T03:45:15Z
MDT,2006-04-12,32.37,32.79,31.99,32.2,11837752,51.04,51.71,50.44,50.78,7507000,2025-12-30T03:45:15Z
MDT,2006-04-13,31.66,32.37,31.47,32.07,209771915,49.93,51.04,49.62,50.57,133028496,2025-12-30T03:45:15Z
MDT,2006-04-17,31.43,32.04,31.39,31.66,15997310,49.56,50.52,49.5,49.93,10144800,2025-12-30T03:45:15Z
MDT,2006-04-18,31.26,31.69,31.04,31.49,20774192,49.29,49.97,48.95,49.65,13174100,2025-12-30T03:45:15Z
MDT,2006-04-19,31.14,31.42,31.05,31.26,14806877,49.11,49.55,48.96,49.29,9389900,2025-12-30T03:45:15Z
MDT,2006-04-20,31.36,31.71,31.19,31.19,20150349,49.45,50,49.19,49.19,12778500,2025-12-30T03:45:15Z
MDT,2006-04-21,31.4,31.89,31.25,31.61,10562510,49.52,50.28,49.28,49.85,6698300,2025-12-30T03:45:15Z
MDT,2006-04-24,31.57,31.66,31.2,31.39,11214249,49.79,49.92,49.2,49.5,7111600,2025-12-30T03:45:15Z
MDT,2006-04-25,31.11,31.61,30.93,31.58,13509745,49.05,49.85,48.77,49.8,8567300,2025-12-30T03:45:15Z
MDT,2006-04-26,31.54,31.64,31.21,31.26,12928985,49.73,49.9,49.22,49.3,8199000,2025-12-30T03:45:15Z
MDT,2006-04-27,31.64,32.17,31.51,32.17,12324390,49.89,50.73,49.69,50.73,7815600,2025-12-30T03:45:15Z
MDT,2006-04-28,31.78,31.87,31.61,31.64,9294844,50.12,50.25,49.85,49.9,5894400,2025-12-30T03:45:15Z
MDT,2006-05-01,31.68,31.9,31.58,31.8,8266707,49.95,50.31,49.8,50.15,5242400,2025-12-30T03:45:15Z
MDT,2006-05-02,31.4,31.75,31.18,31.75,9085276,49.52,50.06,49.16,50.06,5761500,2025-12-30T03:45:15Z
MDT,2006-05-03,30.75,31.41,30.62,31.41,10717841,48.49,49.53,48.28,49.53,6796800,2025-12-30T03:45:15Z
MDT,2006-05-04,30.78,31.03,30.57,30.85,10577343,48.54,48.93,48.2,48.65,6707700,2025-12-30T03:45:15Z
MDT,2006-05-05,30.67,30.96,30.45,30.91,22238135,48.36,48.82,48.02,48.75,14102500,2025-12-30T03:45:15Z
MDT,2006-05-08,30.47,30.69,30.4,30.67,13102409,48.05,48.39,47.94,48.37,8309000,2025-12-30T03:45:15Z
MDT,2006-05-09,30.66,30.71,30.44,30.45,16425264,48.35,48.43,48,48.02,10416200,2025-12-30T03:45:15Z
MDT,2006-05-10,30.66,30.75,30.47,30.55,10059952,48.34,48.49,48.05,48.17,6379600,2025-12-30T03:45:15Z
MDT,2006-05-11,30.92,30.93,30.6,30.65,9662104,48.75,48.77,48.25,48.33,6127300,2025-12-30T03:45:15Z
MDT,2006-05-12,30.9,30.97,30.66,30.91,11142956,48.72,48.84,48.35,48.74,7066400,2025-12-30T03:45:15Z
MDT,2006-05-15,31.11,31.15,30.72,30.76,10700819,49.05,49.12,48.44,48.5,6786000,2025-12-30T03:45:15Z
MDT,2006-05-16,31.31,31.41,31.25,31.33,8465246,49.38,49.53,49.28,49.4,5368300,2025-12-30T03:45:15Z
MDT,2006-05-17,31.19,31.49,31.15,31.26,12296790,49.19,49.66,49.12,49.3,7798100,2025-12-30T03:45:15Z
MDT,2006-05-18,31.3,31.42,31.01,31.07,11919898,49.35,49.55,48.9,49,7559100,2025-12-30T03:45:15Z
MDT,2006-05-19,31.26,31.49,31.07,31.39,12039424,49.3,49.65,49,49.5,7634900,2025-12-30T03:45:15Z
MDT,2006-05-22,30.8,31.14,30.76,31.11,11908094,48.57,49.11,48.51,49.05,7551600,2025-12-30T03:45:15Z
MDT,2006-05-23,30.41,30.85,30.31,30.69,14372163,47.95,48.65,47.8,48.4,9114200,2025-12-30T03:45:15Z
MDT,2006-05-24,31.82,32.11,30.97,31.38,24782471,50.17,50.64,48.84,49.48,15716000,2025-12-30T03:45:15Z
MDT,2006-05-25,32.09,32.44,31.82,31.82,15172398,50.6,51.15,50.17,50.18,9621700,2025-12-30T03:45:15Z
MDT,2006-05-26,31.87,32.26,31.71,32.09,7580124,50.26,50.87,50.01,50.61,4807000,2025-12-30T03:45:15Z
MDT,2006-05-30,31.88,32.1,31.77,31.99,8937369,50.27,50.62,50.09,50.45,5667700,2025-12-30T03:45:15Z
MDT,2006-05-31,32.02,32.02,31.68,31.94,8679865,50.49,50.5,49.95,50.37,5504400,2025-12-30T03:45:15Z
MDT,2006-06-01,32.35,32.37,32.02,32.02,8756504,51.02,51.05,50.5,50.5,5553000,2025-12-30T03:45:15Z
MDT,2006-06-02,32.47,32.6,32.39,32.47,11335499,51.2,51.4,51.07,51.2,7188500,2025-12-30T03:45:15Z
MDT,2006-06-05,32.16,32.56,32.06,32.34,9118404,50.71,51.35,50.55,51,5782500,2025-12-30T03:45:15Z
MDT,2006-06-06,32.26,32.39,32.04,32.16,7181178,50.87,51.07,50.52,50.72,4554000,2025-12-30T03:45:15Z
MDT,2006-06-07,32.61,32.87,32.37,32.41,8452164,51.43,51.83,51.05,51.1,5360000,2025-12-30T03:45:15Z
MDT,2006-06-08,32.55,32.74,32.22,32.6,10502755,51.33,51.63,50.8,51.4,6660400,2025-12-30T03:45:15Z
MDT,2006-06-09,32.27,32.66,32.18,32.41,6568564,50.88,51.5,50.74,51.1,4165500,2025-12-30T03:45:15Z
MDT,2006-06-12,32.08,32.39,32.06,32.27,4890266,50.58,51.07,50.56,50.88,3101200,2025-12-30T03:45:15Z
MDT,2006-06-13,32.12,32.47,31.95,31.99,9436135,50.65,51.2,50.39,50.45,5984000,2025-12-30T03:45:15Z
MDT,2006-06-14,32.07,32.34,31.93,32.25,7500670,50.57,51,50.35,50.85,4756600,2025-12-30T03:45:15Z
MDT,2006-06-15,32.04,32.08,31.66,32.02,11165358,50.53,50.58,49.92,50.5,7080600,2025-12-30T03:45:15Z
MDT,2006-06-16,31.87,32.14,31.8,31.94,7784031,50.25,50.68,50.15,50.37,4936300,2025-12-30T03:45:15Z
MDT,2006-06-19,31.55,32.03,31.49,32.02,5600823,49.75,50.51,49.66,50.5,3551800,2025-12-30T03:45:15Z
MDT,2006-06-20,31.55,31.64,31.39,31.45,5992997,49.75,49.9,49.5,49.6,3800500,2025-12-30T03:45:15Z
MDT,2006-06-21,31.31,31.93,31.2,31.93,7292351,49.38,50.35,49.2,50.35,4624500,2025-12-30T03:45:15Z
MDT,2006-06-22,31.04,31.38,30.95,31.17,11756388,48.95,49.48,48.81,49.15,7455400,2025-12-30T03:45:15Z
MDT,2006-06-23,30.74,31.03,30.73,30.76,6725764,48.48,48.93,48.46,48.5,4265200,2025-12-30T03:45:15Z
MDT,2006-06-26,30.62,30.91,30.54,30.82,5520556,48.28,48.74,48.16,48.6,3500900,2025-12-30T03:45:15Z
MDT,2006-06-27,29.96,30.66,29.89,30.5,14412035,47.24,48.35,47.14,48.1,9139500,2025-12-30T03:45:15Z
MDT,2006-06-28,29.8,30.12,29.66,29.89,9567168,46.99,47.5,46.77,47.14,6067100,2025-12-30T03:45:15Z
MDT,2006-06-29,29.81,29.96,29.75,29.9,13069309,47,47.24,46.91,47.15,8288000,2025-12-30T03:45:15Z
MDT,2006-06-30,29.75,29.9,29.54,29.87,16521272,46.92,47.15,46.58,47.1,10477100,2025-12-30T03:45:15Z
MDT,2006-07-03,29.72,29.9,29.65,29.8,4479016,46.86,47.15,46.75,47,2840400,2025-12-30T03:45:15Z
MDT,2006-07-05,29.91,29.99,29.5,29.56,12385445,47.05,47.18,46.41,46.5,7872800,2025-12-30T03:45:15Z
MDT,2006-07-06,30.15,30.24,29.95,30.03,8942651,47.43,47.57,47.12,47.25,5684400,2025-12-30T03:45:15Z
MDT,2006-07-07,30.25,30.35,30.01,30.14,8237547,47.59,47.74,47.21,47.41,5236200,2025-12-30T03:45:15Z
MDT,2006-07-10,30.32,30.48,29.84,30.03,7855739,47.7,47.95,46.94,47.25,4993500,2025-12-30T03:45:15Z
MDT,2006-07-11,30.5,30.59,30.24,30.24,7260123,47.98,48.13,47.57,47.57,4614900,2025-12-30T03:45:15Z
MDT,2006-07-12,30.34,30.57,30.28,30.38,9747651,47.73,48.09,47.64,47.8,6196100,2025-12-30T03:45:15Z
MDT,2006-07-13,30.19,30.46,30.15,30.34,9547699,47.5,47.92,47.43,47.73,6069000,2025-12-30T03:45:15Z
MDT,2006-07-14,29.91,30.34,29.71,30.16,10017315,47.05,47.73,46.74,47.45,6367500,2025-12-30T03:45:15Z
MDT,2006-07-17,30.19,30.33,29.87,29.88,5868161,47.5,47.71,46.99,47,3730100,2025-12-30T03:45:15Z
MDT,2006-07-18,30.05,30.31,29.7,30.2,5406440,47.28,47.68,46.72,47.51,3436600,2025-12-30T03:45:15Z
MDT,2006-07-19,30.4,30.57,30.1,30.16,9718393,47.82,48.1,47.35,47.45,6177500,2025-12-30T03:45:15Z
MDT,2006-07-20,30.48,30.66,30.24,30.32,3968066,47.95,48.23,47.58,47.7,2522300,2025-12-30T03:45:15Z
MDT,2006-07-21,30.39,30.65,30.22,30.51,5439633,47.81,48.22,47.54,48,3457700,2025-12-30T03:45:15Z
MDT,2006-07-24,30.32,30.61,30.27,30.45,6762370,47.7,48.15,47.62,47.9,4298500,2025-12-30T03:45:15Z
MDT,2006-07-25,31.35,31.55,30.08,30.13,13441698,49.32,49.64,47.32,47.4,8544200,2025-12-30T03:45:15Z
MDT,2006-07-26,31.72,31.85,31.2,31.46,10405895,49.9,50.1,49.09,49.5,6614500,2025-12-30T03:45:15Z
MDT,2006-07-27,31.66,31.84,31.39,31.83,6969407,49.81,50.09,49.38,50.08,4430100,2025-12-30T03:45:15Z
MDT,2006-07-28,32.1,32.24,31.72,31.86,7585154,50.5,50.72,49.9,50.12,4821500,2025-12-30T03:45:15Z
MDT,2006-07-31,32.11,32.2,31.73,31.97,9750188,50.52,50.66,49.91,50.3,6197700,2025-12-30T03:45:15Z
MDT,2006-08-01,32.08,32.08,31.74,31.91,7268006,50.47,50.47,49.94,50.2,4619900,2025-12-30T03:45:15Z
MDT,2006-08-02,32.37,33.53,32.29,33.53,23729294,50.93,52.75,50.8,52.75,15083500,2025-12-30T03:45:15Z
MDT,2006-08-03,28.17,29.17,28.1,28.61,75301677,44.32,45.89,44.2,45.01,47865500,2025-12-30T03:45:15Z
MDT,2006-08-04,27.73,28.51,27.64,28.29,21164045,43.62,44.85,43.48,44.5,13452900,2025-12-30T03:45:15Z
MDT,2006-08-07,27.84,27.87,27.68,27.71,8866977,43.8,43.85,43.55,43.6,5636300,2025-12-30T03:45:15Z
MDT,2006-08-08,27.26,28,27.23,27.97,13909998,42.88,44.05,42.83,44,8841900,2025-12-30T03:45:15Z
MDT,2006-08-09,27.68,27.91,27.48,27.65,12102753,43.55,43.9,43.23,43.5,7693100,2025-12-30T03:45:15Z
MDT,2006-08-10,27.59,27.81,27.43,27.49,8720840,43.4,43.75,43.16,43.25,5543400,2025-12-30T03:45:15Z
MDT,2006-08-11,27.37,27.54,27.31,27.4,7121526,43.06,43.33,42.96,43.1,4526800,2025-12-30T03:45:15Z
MDT,2006-08-14,27,27.49,26.93,27.25,14066260,42.47,43.25,42.37,42.87,8941200,2025-12-30T03:45:15Z
MDT,2006-08-15,27.49,27.57,26.98,27.02,13821631,43.25,43.37,42.44,42.5,8785700,2025-12-30T03:45:15Z
MDT,2006-08-16,27.52,27.68,27.43,27.59,10731395,43.3,43.55,43.16,43.4,6821400,2025-12-30T03:45:15Z
MDT,2006-08-17,28.29,28.89,27.4,27.4,24535378,44.5,45.45,43.1,43.11,15595900,2025-12-30T03:45:15Z
MDT,2006-08-18,28.94,29.08,28.29,28.34,13469383,45.53,45.75,44.5,44.58,8561800,2025-12-30T03:45:15Z
MDT,2006-08-21,28.97,29.13,28.54,28.6,10052062,45.57,45.83,44.9,45,6389600,2025-12-30T03:45:15Z
MDT,2006-08-22,28.83,28.99,28.59,28.76,9548645,45.36,45.6,44.97,45.25,6069600,2025-12-30T03:45:15Z
MDT,2006-08-23,28.8,29.4,28.36,29.21,19444506,45.31,46.25,44.61,45.95,12359900,2025-12-30T03:45:15Z
MDT,2006-08-24,29.37,29.55,28.23,28.23,8879895,46.2,46.49,44.41,44.41,5644500,2025-12-30T03:45:15Z
MDT,2006-08-25,29.33,29.55,29.03,29.44,4632264,46.14,46.49,45.67,46.32,2944500,2025-12-30T03:45:15Z
MDT,2006-08-28,29.2,29.53,29.17,29.3,7676252,45.94,46.46,45.89,46.1,4879400,2025-12-30T03:45:15Z
MDT,2006-08-29,29.23,29.49,29.05,29.49,7275698,45.98,46.39,45.7,46.39,4624800,2025-12-30T03:45:15Z
MDT,2006-08-30,29.59,29.72,29.28,29.38,9244554,46.55,46.75,46.07,46.22,5876300,2025-12-30T03:45:15Z
MDT,2006-08-31,29.81,29.89,29.59,29.88,7016436,46.9,47.02,46.55,47,4460000,2025-12-30T03:45:15Z
MDT,2006-09-01,29.82,29.94,29.65,29.94,5629835,46.91,47.1,46.64,47.1,3578600,2025-12-30T03:45:15Z
MDT,2006-09-05,29.58,30,29.51,29.94,5350270,46.53,47.2,46.42,47.1,3400900,2025-12-30T03:45:15Z
MDT,2006-09-06,29.75,29.83,29.48,29.59,6447734,46.8,46.93,46.38,46.55,4098500,2025-12-30T03:45:15Z
MDT,2006-09-07,29.71,29.81,29.56,29.75,6366078,46.74,46.9,46.5,46.8,4046600,2025-12-30T03:45:15Z
MDT,2006-09-08,29.66,29.85,28.03,28.03,5368210,46.66,46.96,44.1,44.1,3412300,2025-12-30T03:45:15Z
MDT,2006-09-11,29.78,30.82,28.52,30.82,5312043,46.85,48.49,44.86,48.49,3376600,2025-12-30T03:45:15Z
MDT,2006-09-12,29.99,29.99,29.36,29.78,8230962,47.18,47.18,46.19,46.85,5232000,2025-12-30T03:45:15Z
MDT,2006-09-13,29.47,29.97,29.43,29.96,9042879,46.36,47.15,46.3,47.14,5748100,2025-12-30T03:45:15Z
MDT,2006-09-14,29.5,29.63,29.46,29.47,10284439,46.41,46.62,46.35,46.36,6537300,2025-12-30T03:45:15Z
MDT,2006-09-15,29.37,29.61,29.25,29.54,16266201,46.2,46.58,46.01,46.47,10339600,2025-12-30T03:45:15Z
MDT,2006-09-18,29.57,29.58,28.92,28.92,7218918,46.52,46.53,45.5,45.5,4588700,2025-12-30T03:45:15Z
MDT,2006-09-19,29.55,29.81,29.48,29.57,6710604,46.49,46.9,46.37,46.52,4265600,2025-12-30T03:45:15Z
MDT,2006-09-20,30.21,30.41,29.62,29.72,10868890,47.53,47.84,46.6,46.75,6908800,2025-12-30T03:45:15Z
MDT,2006-09-21,30.02,30.35,29.89,30.29,10189744,47.23,47.75,47.02,47.65,6477100,2025-12-30T03:45:15Z
MDT,2006-09-22,29.62,29.82,29.35,29.81,11058596,46.6,46.91,46.17,46.9,7029400,2025-12-30T03:45:15Z
MDT,2006-09-25,29.54,29.91,29.28,29.88,10120682,46.47,47.05,46.06,47,6433200,2025-12-30T03:45:15Z
MDT,2006-09-26,29.42,29.59,29.2,29.37,8850147,46.28,46.55,45.93,46.2,5625600,2025-12-30T03:45:15Z
MDT,2006-09-27,29.22,29.41,29.16,29.26,9020224,45.97,46.27,45.88,46.03,5733700,2025-12-30T03:45:15Z
MDT,2006-09-28,29.46,29.47,28.8,29.16,11615817,46.35,46.36,45.3,45.88,7383600,2025-12-30T03:45:15Z
MDT,2006-09-29,29.52,29.67,29.26,29.3,10057102,46.44,46.68,46.03,46.1,6392800,2025-12-30T03:45:15Z
MDT,2006-10-02,29.68,29.99,29.56,29.56,10646601,46.7,47.18,46.5,46.5,6767500,2025-12-30T03:45:15Z
MDT,2006-10-03,30.03,30.26,29.76,29.82,11964942,47.25,47.6,46.82,46.92,7605500,2025-12-30T03:45:15Z
MDT,2006-10-04,31.17,31.22,30.07,30.17,16569092,48.92,49,47.2,47.35,10556700,2025-12-30T03:45:15Z
MDT,2006-10-05,31.33,31.62,30.69,30.9,13366127,49.18,49.63,48.17,48.5,8516000,2025-12-30T03:45:15Z
MDT,2006-10-06,31.4,31.52,31.23,31.33,7087371,49.29,49.48,49.02,49.18,4515600,2025-12-30T03:45:15Z
MDT,2006-10-09,31.4,31.47,31.25,31.35,4073872,49.29,49.4,49.05,49.2,2595600,2025-12-30T03:45:15Z
MDT,2006-10-10,31.5,31.52,31.22,31.42,6707873,49.44,49.47,49,49.31,4273800,2025-12-30T03:45:15Z
MDT,2006-10-11,31.28,31.53,31.22,31.5,8507317,49.09,49.49,49,49.44,5420300,2025-12-30T03:45:15Z
MDT,2006-10-12,31.23,31.28,30.9,31.28,8505905,49.02,49.1,48.5,49.09,5419400,2025-12-30T03:45:15Z
MDT,2006-10-13,30.98,31.28,30.93,31.22,6369786,48.62,49.1,48.55,49,4058400,2025-12-30T03:45:15Z
MDT,2006-10-16,30.98,31.32,30.91,31.09,4777492,48.63,49.15,48.51,48.79,3043900,2025-12-30T03:45:15Z
MDT,2006-10-17,31,31.08,30.88,30.98,6266827,48.65,48.78,48.46,48.63,3992800,2025-12-30T03:45:15Z
MDT,2006-10-18,30.65,31.13,30.52,31,10685208,48.1,48.86,47.91,48.65,6807900,2025-12-30T03:45:15Z
MDT,2006-10-19,30.63,30.66,30.32,30.45,8303775,48.08,48.12,47.59,47.8,5290600,2025-12-30T03:45:15Z
MDT,2006-10-20,30.86,31.11,30.55,30.77,8324798,48.44,48.83,47.95,48.3,5304000,2025-12-30T03:45:15Z
MDT,2006-10-23,30.91,31.02,30.65,30.72,6504606,48.52,48.68,48.1,48.22,4144300,2025-12-30T03:45:15Z
MDT,2006-10-24,31.23,31.46,31.05,31.19,13389495,49.02,49.38,48.73,48.95,8530900,2025-12-30T03:45:15Z
MDT,2006-10-25,31.21,31.38,30.99,31.36,7150322,48.99,49.25,48.64,49.22,4555700,2025-12-30T03:45:15Z
MDT,2006-10-26,31.07,31.21,30.96,31.17,5576073,48.76,48.98,48.6,48.92,3552700,2025-12-30T03:45:15Z
MDT,2006-10-27,31.01,31.16,30.95,31,4913724,48.67,48.9,48.57,48.65,3130700,2025-12-30T03:45:15Z
MDT,2006-10-30,31.03,31.32,30.98,31.09,4343202,48.7,49.16,48.62,48.79,2767200,2025-12-30T03:45:15Z
MDT,2006-10-31,31.02,31.1,30.85,30.98,6014449,48.68,48.81,48.42,48.63,3832000,2025-12-30T03:45:15Z
MDT,2006-11-01,31,31.16,30.9,31.04,7214975,48.66,48.91,48.5,48.72,4596900,2025-12-30T03:45:15Z
MDT,2006-11-02,31.17,31.18,30.86,30.86,5975997,48.92,48.93,48.44,48.44,3807500,2025-12-30T03:45:15Z
MDT,2006-11-03,31.23,31.35,31.13,31.22,7154547,49.01,49.2,48.86,49,4558400,2025-12-30T03:45:15Z
MDT,2006-11-06,31.6,31.61,31.22,31.25,7039980,49.59,49.62,49,49.04,4485400,2025-12-30T03:45:15Z
MDT,2006-11-07,31.54,31.91,31.54,31.75,5819988,49.51,50.08,49.5,49.84,3708100,2025-12-30T03:45:15Z
MDT,2006-11-08,31.51,31.56,31.25,31.45,6241873,49.45,49.54,49.05,49.37,3976900,2025-12-30T03:45:15Z
MDT,2006-11-09,31.23,31.76,31.14,31.45,8955104,49.02,49.85,48.88,49.36,5705600,2025-12-30T03:45:15Z
MDT,2006-11-10,31.19,31.38,31.12,31.2,4526531,48.96,49.25,48.84,48.97,2884000,2025-12-30T03:45:15Z
MDT,2006-11-13,31.16,31.44,31.13,31.23,3675371,48.9,49.35,48.86,49.01,2341700,2025-12-30T03:45:15Z
MDT,2006-11-14,31.19,31.37,30.75,30.91,8027060,48.96,49.23,48.26,48.51,5114300,2025-12-30T03:45:15Z
MDT,2006-11-15,30.79,31.37,30.71,31.2,10180304,48.33,49.23,48.2,48.97,6486200,2025-12-30T03:45:15Z
MDT,2006-11-16,31.1,31.28,30.72,30.72,11202043,48.81,49.09,48.21,48.21,7137200,2025-12-30T03:45:15Z
MDT,2006-11-17,31.03,31.11,30.61,31.11,13805302,48.71,48.83,48.05,48.83,8795800,2025-12-30T03:45:15Z
MDT,2006-11-20,31.19,31.37,30.98,31.12,10814996,48.95,49.23,48.63,48.85,6890600,2025-12-30T03:45:15Z
MDT,2006-11-21,34.12,34.32,33.32,33.45,43457922,53.55,53.86,52.29,52.5,27688500,2025-12-30T03:45:15Z
MDT,2006-11-22,34.32,34.52,33.74,33.77,11745290,53.87,54.18,52.95,53,7483300,2025-12-30T03:45:15Z
MDT,2006-11-24,34.05,34.13,33.93,34.07,2274561,53.45,53.57,53.26,53.47,1449200,2025-12-30T03:45:15Z
MDT,2006-11-27,33.65,33.82,33.25,33.79,11129846,52.82,53.08,52.19,53.03,7091200,2025-12-30T03:45:15Z
MDT,2006-11-28,33.55,33.76,33.42,33.46,9086814,52.65,52.99,52.46,52.51,5789500,2025-12-30T03:45:15Z
MDT,2006-11-29,33.6,33.74,33.31,33.49,6039245,52.73,52.96,52.28,52.56,3847800,2025-12-30T03:45:15Z
MDT,2006-11-30,33.21,33.65,33.17,33.56,7872777,52.13,52.82,52.07,52.68,5016000,2025-12-30T03:45:15Z
MDT,2006-12-01,33.23,33.5,32.75,32.95,9216431,52.16,52.58,51.4,51.72,5872100,2025-12-30T03:45:15Z
MDT,2006-12-04,33.99,34.09,33.2,33.34,9437601,53.35,53.51,52.11,52.33,6013000,2025-12-30T03:45:15Z
MDT,2006-12-05,33.83,34.12,33.65,33.77,8554405,53.1,53.55,52.81,53,5450300,2025-12-30T03:45:15Z
MDT,2006-12-06,34.14,34.23,33.77,33.83,5907555,53.58,53.72,53,53.1,3763900,2025-12-30T03:45:15Z
MDT,2006-12-07,34.11,34.32,33.92,34.14,10546315,53.53,53.87,53.24,53.58,6719400,2025-12-30T03:45:15Z
MDT,2006-12-08,34.04,34.21,33.81,33.93,4716599,53.43,53.7,53.06,53.25,3005100,2025-12-30T03:45:15Z
MDT,2006-12-11,34.35,34.55,34.05,34.08,6955064,53.92,54.22,53.45,53.49,4431300,2025-12-30T03:45:15Z
MDT,2006-12-12,34.51,34.65,33.97,34.25,6518737,54.16,54.39,53.31,53.75,4153300,2025-12-30T03:45:15Z
MDT,2006-12-13,34.48,34.71,34.34,34.58,6448882,54.11,54.48,53.9,54.28,4108800,2025-12-30T03:45:15Z
MDT,2006-12-14,34.37,34.66,34.3,34.47,6279075,53.94,54.4,53.84,54.1,4000600,2025-12-30T03:45:15Z
MDT,2006-12-15,34.6,34.72,34.05,34.05,6662663,54.3,54.49,53.45,53.45,4245000,2025-12-30T03:45:15Z
MDT,2006-12-18,34.49,34.63,34.25,34.41,4893171,54.13,54.35,53.75,54,3117600,2025-12-30T03:45:15Z
MDT,2006-12-19,34.65,34.83,34.38,34.49,5359319,54.38,54.66,53.96,54.14,3414600,2025-12-30T03:45:15Z
MDT,2006-12-20,34.6,34.74,34.21,34.21,4884379,54.31,54.53,53.69,53.69,3112000,2025-12-30T03:45:15Z
MDT,2006-12-21,34.21,34.74,34.18,34.57,4017219,53.7,54.53,53.65,54.26,2559500,2025-12-30T03:45:15Z
MDT,2006-12-22,33.91,34.27,33.91,34.23,3320658,53.22,53.79,53.22,53.73,2115700,2025-12-30T03:45:15Z
MDT,2006-12-26,34.05,34.09,33.8,33.88,2369990,53.44,53.51,53.05,53.17,1510000,2025-12-30T03:45:15Z
MDT,2006-12-27,33.97,34.67,33.93,34.28,4606263,53.32,54.41,53.25,53.81,2934800,2025-12-30T03:45:15Z
MDT,2006-12-28,33.9,34.06,33.65,33.97,3855236,53.2,53.46,52.82,53.32,2456300,2025-12-30T03:45:15Z
MDT,2006-12-29,34.09,34.25,33.8,33.93,4965209,53.51,53.75,53.05,53.25,3163500,2025-12-30T03:45:15Z
MDT,2007-01-03,33.56,34.2,33.45,33.89,9186527,52.57,53.57,52.4,53.08,5865100,2025-12-30T03:45:15Z
MDT,2007-01-04,33.97,34.04,33.33,33.56,9503551,53.2,53.32,52.21,52.57,6067500,2025-12-30T03:45:15Z
MDT,2007-01-05,34.07,34.22,33.68,33.78,6950486,53.36,53.6,52.76,52.91,4437500,2025-12-30T03:45:15Z
MDT,2007-01-08,34.28,34.6,34.07,34.07,8561739,53.7,54.19,53.36,53.36,5466200,2025-12-30T03:45:15Z
MDT,2007-01-09,34.38,34.73,34.34,34.45,11902970,53.85,54.4,53.79,53.96,7599400,2025-12-30T03:45:15Z
MDT,2007-01-10,34.61,34.8,34.08,34.38,6679354,54.21,54.5,53.38,53.85,4264400,2025-12-30T03:45:15Z
MDT,2007-01-11,34.44,34.7,34.16,34.62,10975889,53.95,54.35,53.51,54.22,7007500,2025-12-30T03:45:15Z
MDT,2007-01-12,34.3,34.65,34.25,34.55,4473364,53.72,54.27,53.64,54.12,2856000,2025-12-30T03:45:15Z
MDT,2007-01-16,34.8,34.82,34.1,34.11,6636737,54.51,54.54,53.41,53.42,4237200,2025-12-30T03:45:15Z
MDT,2007-01-17,34.67,34.86,34.45,34.8,10070082,54.3,54.6,53.96,54.51,6429200,2025-12-30T03:45:15Z
MDT,2007-01-18,34.57,35.02,34.48,34.8,8431426,54.14,54.86,54,54.5,5383000,2025-12-30T03:45:15Z
MDT,2007-01-19,34.33,34.56,33.93,34.56,11630127,53.77,54.14,53.15,54.14,7425200,2025-12-30T03:45:15Z
MDT,2007-01-22,33.95,34.41,33.88,34.25,7664874,53.18,53.9,53.06,53.65,4893600,2025-12-30T03:45:15Z
MDT,2007-01-23,33.73,34.07,33.65,33.88,8591957,52.83,53.37,52.71,53.06,5485500,2025-12-30T03:45:15Z
MDT,2007-01-24,34.12,34.13,33.74,33.84,5630085,53.44,53.46,52.85,53,3594500,2025-12-30T03:45:15Z
MDT,2007-01-25,34.09,34.36,33.79,34.07,5802688,53.39,53.82,52.93,53.37,3704700,2025-12-30T03:45:15Z
MDT,2007-01-26,33.93,34.2,33.82,34.16,6963475,53.14,53.56,52.97,53.5,4445800,2025-12-30T03:45:15Z
MDT,2007-01-29,33.65,34.46,33.53,34.46,6926033,52.71,53.98,52.52,53.98,4421900,2025-12-30T03:45:15Z
MDT,2007-01-30,33.91,33.97,33.65,33.74,5377440,53.12,53.21,52.71,52.85,3433200,2025-12-30T03:45:15Z
MDT,2007-01-31,34.12,34.22,33.63,33.77,6652567,53.45,53.6,52.67,52.9,4247300,2025-12-30T03:45:15Z
MDT,2007-02-01,34.05,34.21,33.84,34.12,8174382,53.34,53.58,53,53.45,5218900,2025-12-30T03:45:15Z
MDT,2007-02-02,34.28,34.35,33.98,34.05,11395342,53.7,53.8,53.22,53.33,7275300,2025-12-30T03:45:15Z
MDT,2007-02-05,34.04,34.32,34.02,34.28,7051509,53.31,53.76,53.29,53.7,4502000,2025-12-30T03:45:15Z
MDT,2007-02-06,33.99,34.27,33.83,34.04,5502434,53.24,53.67,52.98,53.32,3513000,2025-12-30T03:45:15Z
MDT,2007-02-07,33.99,34.04,33.76,33.93,6310491,53.24,53.32,52.87,53.14,4028900,2025-12-30T03:45:15Z
MDT,2007-02-08,34.41,34.49,34.03,34.09,6873729,53.9,54.02,53.3,53.4,4388500,2025-12-30T03:45:15Z
MDT,2007-02-09,34.34,34.54,34.2,34.37,6163250,53.78,54.1,53.57,53.84,3934900,2025-12-30T03:45:15Z
MDT,2007-02-12,34.21,34.48,34.21,34.34,4075210,53.59,54,53.58,53.79,2601800,2025-12-30T03:45:15Z
MDT,2007-02-13,34.74,34.76,34.18,34.21,7046020,54.42,54.45,53.53,53.59,4498500,2025-12-30T03:45:15Z
MDT,2007-02-14,34.85,34.9,34.6,34.74,6330386,54.58,54.67,54.19,54.42,4041600,2025-12-30T03:45:15Z
MDT,2007-02-15,34.51,34.87,34.45,34.79,7112267,54.06,54.62,53.96,54.49,4540800,2025-12-30T03:45:15Z
MDT,2007-02-16,34.56,34.92,34.3,34.37,8972746,54.13,54.69,53.73,53.84,5728600,2025-12-30T03:45:15Z
MDT,2007-02-20,34.82,34.88,34.16,34.17,9843601,54.54,54.63,53.5,53.52,6284600,2025-12-30T03:45:15Z
MDT,2007-02-21,33.21,33.56,32.87,33.49,36956994,52.02,52.57,51.48,52.45,23595000,2025-12-30T03:45:15Z
MDT,2007-02-22,32.72,33.18,32.55,33.13,17421865,51.25,51.97,50.99,51.9,11122900,2025-12-30T03:45:15Z
MDT,2007-02-23,32.78,32.88,32.46,32.6,9382939,51.35,51.5,50.84,51.07,5990500,2025-12-30T03:45:15Z
MDT,2007-02-26,32.51,32.88,32.4,32.88,7356784,50.92,51.5,50.75,51.5,4696900,2025-12-30T03:45:15Z
MDT,2007-02-27,31.88,32.55,31.72,32.18,17549482,49.94,50.99,49.69,50.41,11204400,2025-12-30T03:45:15Z
MDT,2007-02-28,32.15,32.61,31.88,32.48,22172772,50.36,51.08,49.94,50.87,14156100,2025-12-30T03:45:15Z
MDT,2007-03-01,32.02,32.54,31.86,32.16,18973296,50.15,50.97,49.9,50.38,12113400,2025-12-30T03:45:15Z
MDT,2007-03-02,31.38,31.97,31.27,31.95,17318000,49.15,50.08,48.98,50.05,11056600,2025-12-30T03:45:15Z
MDT,2007-03-05,31.35,31.67,30.96,31.04,17228863,49.1,49.6,48.5,48.61,10999700,2025-12-30T03:45:15Z
MDT,2007-03-06,31.6,31.77,31.48,31.6,11785833,49.5,49.77,49.3,49.5,7524600,2025-12-30T03:45:15Z
MDT,2007-03-07,31.65,31.92,31.53,31.61,9261096,49.58,50,49.39,49.51,5912700,2025-12-30T03:45:15Z
MDT,2007-03-08,31.87,32.16,31.79,31.81,9198435,49.92,50.38,49.79,49.83,5872700,2025-12-30T03:45:15Z
MDT,2007-03-09,31.87,31.97,31.71,31.85,6994488,49.92,50.07,49.67,49.88,4465600,2025-12-30T03:45:15Z
MDT,2007-03-12,31.69,32.2,31.65,32.18,7381060,49.64,50.43,49.58,50.41,4712400,2025-12-30T03:45:15Z
MDT,2007-03-13,31.44,32.01,31.35,31.37,10719488,49.25,50.13,49.11,49.13,6843800,2025-12-30T03:45:15Z
MDT,2007-03-14,31.69,31.77,31.34,31.47,6699877,49.63,49.77,49.08,49.29,4277500,2025-12-30T03:45:15Z
MDT,2007-03-15,31.49,31.61,31.3,31.59,6719136,49.33,49.51,49.03,49.48,4289800,2025-12-30T03:45:15Z
MDT,2007-03-16,31.2,31.6,31.01,31.6,12084990,48.87,49.5,48.57,49.5,7715600,2025-12-30T03:45:15Z
MDT,2007-03-19,31.4,31.41,31.1,31.21,6791036,49.18,49.2,48.71,48.89,4335700,2025-12-30T03:45:15Z
MDT,2007-03-20,31.51,31.6,31.09,31.38,6698607,49.36,49.49,48.7,49.15,4276700,2025-12-30T03:45:15Z
MDT,2007-03-21,31.77,31.8,31.37,31.73,8565035,49.76,49.81,49.13,49.7,5468300,2025-12-30T03:45:15Z
MDT,2007-03-22,31.79,31.9,31.41,31.77,10891298,49.79,49.97,49.2,49.77,6953500,2025-12-30T03:45:15Z
MDT,2007-03-23,31.87,31.95,31.63,31.81,11425720,49.92,50.04,49.54,49.82,7294700,2025-12-30T03:45:15Z
MDT,2007-03-26,31.81,31.85,31.27,31.72,12077161,49.83,49.89,48.98,49.69,7710600,2025-12-30T03:45:15Z
MDT,2007-03-27,31.08,31.79,31.05,31.64,15566260,48.68,49.79,48.63,49.56,9938200,2025-12-30T03:45:15Z
MDT,2007-03-28,31.07,31.24,30.72,30.72,11454400,48.67,48.93,48.12,48.12,7313000,2025-12-30T03:45:15Z
MDT,2007-03-29,31.26,31.39,31,31.08,10282467,48.97,49.17,48.55,48.68,6564800,2025-12-30T03:45:15Z
MDT,2007-03-30,31.32,31.53,31,31.26,7005461,49.06,49.39,48.55,48.96,4472600,2025-12-30T03:45:15Z
MDT,2007-04-02,31.19,31.35,30.75,30.75,6812337,48.86,49.1,48.16,48.16,4349300,2025-12-30T03:45:15Z
MDT,2007-04-03,31.61,31.61,31.06,31.07,11986186,49.4,49.4,48.54,48.56,7669800,2025-12-30T03:45:15Z
MDT,2007-04-04,31.51,31.73,31.44,31.61,6811210,49.25,49.58,49.13,49.4,4358400,2025-12-30T03:45:15Z
MDT,2007-04-05,31.44,31.57,31.35,31.37,4878837,49.13,49.34,49,49.03,3121900,2025-12-30T03:45:15Z
MDT,2007-04-09,31.32,31.44,31.11,31.28,6402238,48.95,49.13,48.62,48.88,4096700,2025-12-30T03:45:15Z
MDT,2007-04-10,31.66,31.82,31.16,31.33,7992195,49.47,49.72,48.7,48.96,5114100,2025-12-30T03:45:15Z
MDT,2007-04-11,32,32.06,31.58,31.69,12344541,50.01,50.1,49.35,49.52,7899100,2025-12-30T03:45:15Z
MDT,2007-04-12,32.61,32.91,32.03,32.16,16633269,50.96,51.43,50.06,50.26,10643400,2025-12-30T03:45:15Z
MDT,2007-04-13,32.5,32.72,32.31,32.61,9268372,50.79,51.13,50.5,50.96,5930700,2025-12-30T03:45:15Z
MDT,2007-04-16,32.89,33.11,32.42,32.52,11984337,51.4,51.74,50.67,50.82,7668600,2025-12-30T03:45:15Z
MDT,2007-04-17,33.31,33.38,33.08,33.29,8850786,52.05,52.17,51.69,52.03,5663500,2025-12-30T03:45:15Z
MDT,2007-04-18,33.22,33.31,32.88,33.26,7061878,51.92,52.06,51.39,51.98,4518800,2025-12-30T03:45:15Z
MDT,2007-04-19,33.11,33.43,33.02,33.22,7778729,51.74,52.25,51.61,51.92,4977500,2025-12-30T03:45:15Z
MDT,2007-04-20,33.49,33.72,33.13,33.45,10764271,52.34,52.7,51.77,52.27,6887900,2025-12-30T03:45:15Z
MDT,2007-04-23,33.63,33.86,33.4,33.41,7622296,52.56,52.91,52.19,52.21,4877400,2025-12-30T03:45:15Z
MDT,2007-04-24,34.11,34.22,33.69,33.79,12619444,53.3,53.48,52.65,52.81,8075000,2025-12-30T03:45:15Z
MDT,2007-04-25,34.29,34.52,33.94,33.98,14975946,53.58,53.95,53.04,53.1,9582900,2025-12-30T03:45:15Z
MDT,2007-04-26,34.6,34.76,34.28,34.28,14499473,54.07,54.32,53.57,53.58,9278000,2025-12-30T03:45:15Z
MDT,2007-04-27,34.3,34.55,34.15,34.39,7833736,53.6,53.99,53.37,53.75,5012700,2025-12-30T03:45:15Z
MDT,2007-04-30,33.87,34.36,33.85,34.23,9527936,52.93,53.7,52.9,53.5,6096800,2025-12-30T03:45:15Z
MDT,2007-05-01,34.43,34.66,33.97,33.98,12102144,53.8,54.17,53.08,53.11,7744000,2025-12-30T03:45:15Z
MDT,2007-05-02,34.59,34.67,34.23,34.4,10500944,54.05,54.19,53.49,53.76,6719400,2025-12-30T03:45:15Z
MDT,2007-05-03,34.57,34.68,34.22,34.55,5190618,54.02,54.2,53.47,53.99,3321400,2025-12-30T03:45:15Z
MDT,2007-05-04,34.36,34.55,34.16,34.5,5430651,53.69,54,53.38,53.92,3475000,2025-12-30T03:45:15Z
MDT,2007-05-07,34.34,34.57,34.27,34.54,5424244,53.66,54.03,53.55,53.98,3470900,2025-12-30T03:45:15Z
MDT,2007-05-08,34.19,34.34,34.03,34.34,5054183,53.43,53.66,53.19,53.66,3234100,2025-12-30T03:45:15Z
MDT,2007-05-09,34.3,34.55,34.09,34.19,5442686,53.6,53.99,53.28,53.43,3482700,2025-12-30T03:45:15Z
MDT,2007-05-10,33.74,34.22,33.7,34.04,7227222,52.73,53.48,52.66,53.2,4624600,2025-12-30T03:45:15Z
MDT,2007-05-11,34.18,34.28,33.73,33.74,8837357,53.42,53.57,52.71,52.73,5654900,2025-12-30T03:45:15Z
MDT,2007-05-14,34.23,34.41,34.11,34.18,7479458,53.5,53.78,53.3,53.42,4786000,2025-12-30T03:45:15Z
MDT,2007-05-15,33.86,34.37,33.85,34.3,12771481,52.91,53.71,52.9,53.6,8172300,2025-12-30T03:45:15Z
MDT,2007-05-16,33.45,33.91,33.24,33.82,13765906,52.27,53,51.95,52.85,8808600,2025-12-30T03:45:15Z
MDT,2007-05-17,32.93,33.31,32.76,33.21,15462925,51.46,52.05,51.2,51.9,9894500,2025-12-30T03:45:15Z
MDT,2007-05-18,32.79,32.97,32.77,32.95,10449972,51.25,51.53,51.21,51.5,6686800,2025-12-30T03:45:15Z
MDT,2007-05-21,32.36,32.63,31.99,32.51,23032720,50.57,50.99,50,50.8,14738300,2025-12-30T03:45:15Z
MDT,2007-05-22,32.51,32.67,32,32.4,13604145,50.8,51.05,50.01,50.64,8705100,2025-12-30T03:45:15Z
MDT,2007-05-23,33.9,34.67,33.85,34.23,33998047,52.98,54.18,52.9,53.5,21754900,2025-12-30T03:45:15Z
MDT,2007-05-24,33.96,34.19,33.59,33.61,11259366,53.07,53.43,52.5,52.52,7204700,2025-12-30T03:45:15Z
MDT,2007-05-25,33.98,34.17,33.72,33.85,6628064,53.11,53.4,52.7,52.9,4241200,2025-12-30T03:45:15Z
MDT,2007-05-29,33.91,34.03,33.6,33.75,7264275,53,53.19,52.51,52.74,4648300,2025-12-30T03:45:15Z
MDT,2007-05-30,33.91,34.03,33.56,33.82,6849513,53,53.18,52.45,52.86,4382900,2025-12-30T03:45:15Z
MDT,2007-05-31,34.02,34.1,33.88,33.91,7622928,53.17,53.29,52.95,52.99,4877800,2025-12-30T03:45:15Z
MDT,2007-06-01,34.15,34.31,33.96,34.22,7047664,53.37,53.62,53.07,53.47,4509700,2025-12-30T03:45:15Z
MDT,2007-06-04,34.05,34.17,33.71,33.91,5678986,53.22,53.4,52.68,53,3633900,2025-12-30T03:45:15Z
MDT,2007-06-05,33.65,34.05,33.61,33.68,9273059,52.59,53.22,52.52,52.64,5933700,2025-12-30T03:45:15Z
MDT,2007-06-06,33.63,33.71,33.54,33.59,6807308,52.55,52.68,52.42,52.5,4355900,2025-12-30T03:45:15Z
MDT,2007-06-07,33.06,33.6,33.02,33.44,10179472,51.66,52.51,51.6,52.26,6513700,2025-12-30T03:45:15Z
MDT,2007-06-08,33.37,33.5,32.75,33,9352747,52.15,52.35,51.18,51.57,5984700,2025-12-30T03:45:15Z
MDT,2007-06-11,33.08,33.32,33.06,33.32,8064875,51.69,52.07,51.67,52.07,5160600,2025-12-30T03:45:15Z
MDT,2007-06-12,33.09,33.39,32.95,32.95,9040361,51.71,52.18,51.5,51.5,5784800,2025-12-30T03:45:15Z
MDT,2007-06-13,33.23,33.41,32.97,33.32,7270665,51.93,52.22,51.52,52.07,4652400,2025-12-30T03:45:15Z
MDT,2007-06-14,33.25,33.4,32.9,32.9,7715274,51.97,52.2,51.41,51.41,4936900,2025-12-30T03:45:15Z
MDT,2007-06-15,33.54,33.79,33.08,33.08,9721270,52.41,52.8,51.7,51.7,6220500,2025-12-30T03:45:15Z
MDT,2007-06-18,33.51,33.72,33.47,33.68,5651480,52.37,52.69,52.3,52.63,3616300,2025-12-30T03:45:15Z
MDT,2007-06-19,33.68,33.9,33.37,33.39,9592646,52.63,52.97,52.15,52.18,6138200,2025-12-30T03:45:15Z
MDT,2007-06-20,32.99,33.74,32.92,33.56,12547712,51.55,52.73,51.45,52.45,8029100,2025-12-30T03:45:15Z
MDT,2007-06-21,33.14,33.27,32.88,33.11,12731484,51.79,52,51.39,51.74,8146700,2025-12-30T03:45:15Z
MDT,2007-06-22,33.02,33.29,32.81,32.89,19897147,51.61,52.03,51.28,51.4,12731900,2025-12-30T03:45:15Z
MDT,2007-06-25,32.71,33.27,32.7,32.98,10768315,51.12,52,51.11,51.54,6890500,2025-12-30T03:45:15Z
MDT,2007-06-26,33.06,33.37,32.72,32.75,10547662,51.67,52.15,51.14,51.18,6749300,2025-12-30T03:45:15Z
MDT,2007-06-27,33.07,33.11,32.58,33.08,12442688,51.68,51.75,50.92,51.69,7961900,2025-12-30T03:45:15Z
MDT,2007-06-28,33.15,33.4,32.83,33.4,7461015,51.8,52.19,51.3,52.19,4774200,2025-12-30T03:45:15Z
MDT,2007-06-29,33.18,33.24,32.86,33.16,7512585,51.86,51.95,51.36,51.83,4807200,2025-12-30T03:45:15Z
MDT,2007-07-02,34.15,34.41,32.8,32.83,17771611,53.37,53.78,51.26,51.3,11371800,2025-12-30T03:45:15Z
MDT,2007-07-03,33.88,34.36,33.8,34.23,6112842,52.83,53.57,52.69,53.37,3920700,2025-12-30T03:45:15Z
MDT,2007-07-05,33.94,34.03,33.76,33.88,6538483,52.91,53.05,52.64,52.83,4193700,2025-12-30T03:45:15Z
MDT,2007-07-06,34.22,34.33,33.84,34.05,6833918,53.35,53.53,52.76,53.09,4383200,2025-12-30T03:45:15Z
MDT,2007-07-09,34.1,34.8,33.89,34.79,5412634,53.16,54.25,52.84,54.24,3471600,2025-12-30T03:45:15Z
MDT,2007-07-10,33.75,34.17,33.65,33.99,10373606,52.62,53.27,52.46,53,6653500,2025-12-30T03:45:15Z
MDT,2007-07-11,33.91,34,33.58,33.58,7872298,52.87,53.01,52.36,52.36,5049200,2025-12-30T03:45:15Z
MDT,2007-07-12,34.12,34.13,33.69,33.92,6958823,53.2,53.22,52.53,52.88,4463300,2025-12-30T03:45:15Z
MDT,2007-07-13,33.83,33.98,33.6,33.89,5420120,52.74,52.98,52.39,52.84,3476400,2025-12-30T03:45:15Z
MDT,2007-07-16,33.65,33.83,33.62,33.62,7711091,52.46,52.74,52.42,52.42,4945800,2025-12-30T03:45:15Z
MDT,2007-07-17,33.44,33.72,33.3,33.35,9060030,52.14,52.57,51.92,52,5811000,2025-12-30T03:45:15Z
MDT,2007-07-18,33.31,34.15,33.19,34.15,15973940,51.93,53.24,51.75,53.24,10245500,2025-12-30T03:45:15Z
MDT,2007-07-19,33.4,33.92,33.27,33.35,8084183,52.08,52.89,51.87,51.99,5185100,2025-12-30T03:45:15Z
MDT,2007-07-20,33.29,33.47,33.26,33.35,13599549,51.91,52.19,51.85,52,8722600,2025-12-30T03:45:15Z
MDT,2007-07-23,33.47,33.8,33.32,33.38,9060201,52.18,52.7,51.95,52.04,5811100,2025-12-30T03:45:15Z
MDT,2007-07-24,33.17,34.05,33.04,33.04,12034515,51.71,53.09,51.51,51.52,7718800,2025-12-30T03:45:15Z
MDT,2007-07-25,33.11,33.46,32.61,33.03,14251101,51.62,52.17,50.84,51.5,9140500,2025-12-30T03:45:15Z
MDT,2007-07-26,32.66,33.23,32.49,33.08,18840998,50.92,51.81,50.65,51.57,12084400,2025-12-30T03:45:15Z
MDT,2007-07-27,32.59,33.44,32.1,32.27,22112527,50.81,52.14,50.05,50.31,14182700,2025-12-30T03:45:15Z
MDT,2007-07-30,32.79,33.28,32.39,32.7,8429678,51.13,51.89,50.5,50.98,5406700,2025-12-30T03:45:15Z
MDT,2007-07-31,32.5,33.84,32.49,33.84,13246440,50.67,52.76,50.66,52.76,8496100,2025-12-30T03:45:15Z
MDT,2007-08-01,33.62,33.76,32.34,32.54,13688576,52.42,52.64,50.43,50.74,8779700,2025-12-30T03:45:15Z
MDT,2007-08-02,33.94,33.98,32.52,33.42,11247466,52.92,52.98,50.7,52.1,7214000,2025-12-30T03:45:15Z
MDT,2007-08-03,33.13,33.99,33.06,33.99,12668307,51.66,53,51.55,52.99,8125300,2025-12-30T03:45:15Z
MDT,2007-08-06,34.19,34.21,33.11,33.27,12482301,53.31,53.34,51.62,51.88,8006000,2025-12-30T03:45:15Z
MDT,2007-08-07,34.46,34.63,33.76,34.29,10926604,53.72,54,52.63,53.46,7008200,2025-12-30T03:45:15Z
MDT,2007-08-08,34.61,34.75,34.18,34.45,11280223,53.96,54.18,53.29,53.72,7235000,2025-12-30T03:45:15Z
MDT,2007-08-09,34.28,34.67,34.06,34.08,11532792,53.44,54.05,53.1,53.14,7397000,2025-12-30T03:45:15Z
MDT,2007-08-10,34.03,34.41,33.42,34.41,10459019,53.06,53.65,52.11,53.65,6708300,2025-12-30T03:45:15Z
MDT,2007-08-13,33.84,34.25,33.63,33.99,8019177,52.76,53.4,52.43,53,5143400,2025-12-30T03:45:15Z
MDT,2007-08-14,33.86,34.25,33.74,33.92,6794322,52.79,53.4,52.6,52.88,4357800,2025-12-30T03:45:15Z
MDT,2007-08-15,33.77,34.27,33.67,33.78,10218301,52.65,53.43,52.5,52.66,6553900,2025-12-30T03:45:15Z
MDT,2007-08-16,33.62,34.3,33.24,33.64,16692414,52.41,53.48,51.83,52.45,10706300,2025-12-30T03:45:15Z
MDT,2007-08-17,34.03,34.13,33.35,33.35,11994779,53.05,53.22,52,52,7693300,2025-12-30T03:45:15Z
MDT,2007-08-20,34.01,34.09,33.64,33.64,9570803,53.02,53.15,52.45,52.45,6138600,2025-12-30T03:45:15Z
MDT,2007-08-21,33.9,34.31,33.87,34.18,8851732,52.86,53.5,52.8,53.29,5677400,2025-12-30T03:45:15Z
MDT,2007-08-22,33.76,34.14,33.36,33.42,17302612,52.64,53.23,52.01,52.1,11097700,2025-12-30T03:45:15Z
MDT,2007-08-23,34.35,34.44,33.51,34.15,10995854,53.56,53.69,52.25,53.24,7052600,2025-12-30T03:45:15Z
MDT,2007-08-24,34.6,34.65,33.99,34.49,7708899,53.94,54.02,53,53.78,4944400,2025-12-30T03:45:15Z
MDT,2007-08-27,34.44,35.08,34.01,34.01,7119719,53.69,54.7,53.03,53.03,4566500,2025-12-30T03:45:15Z
MDT,2007-08-28,33.97,34.36,33.95,34.36,7622380,52.97,53.57,52.94,53.57,4888900,2025-12-30T03:45:15Z
MDT,2007-08-29,34.08,34.12,33.58,33.99,7070906,53.14,53.2,52.35,53,4535200,2025-12-30T03:45:15Z
MDT,2007-08-30,33.72,33.97,33.6,33.78,5666613,52.58,52.97,52.38,52.66,3634500,2025-12-30T03:45:15Z
MDT,2007-08-31,33.89,33.99,33.54,33.81,6803534,52.84,53,52.29,52.72,4363700,2025-12-30T03:45:15Z
MDT,2007-09-04,34.28,34.3,33.67,33.77,6620327,53.45,53.48,52.5,52.65,4246200,2025-12-30T03:45:15Z
MDT,2007-09-05,34.41,34.54,33.99,34.24,7194078,53.65,53.85,53,53.39,4614200,2025-12-30T03:45:15Z
MDT,2007-09-06,34.67,34.81,34.01,34.01,8854711,54.06,54.27,53.02,53.02,5679300,2025-12-30T03:45:15Z
MDT,2007-09-07,34.53,34.73,34.26,34.26,8322738,53.84,54.15,53.42,53.42,5338100,2025-12-30T03:45:15Z
MDT,2007-09-10,34.58,34.74,34.46,34.57,6407205,53.92,54.16,53.73,53.9,4109500,2025-12-30T03:45:15Z
MDT,2007-09-11,34.95,34.96,34.56,34.69,7207968,54.49,54.5,53.88,54.08,4623100,2025-12-30T03:45:15Z
MDT,2007-09-12,34.85,35.11,34.73,34.99,8289368,54.33,54.74,54.14,54.55,5316700,2025-12-30T03:45:15Z
MDT,2007-09-13,34.92,35.35,34.56,34.74,8829283,54.45,55.12,53.88,54.17,5663000,2025-12-30T03:45:15Z
MDT,2007-09-14,34.95,35.21,34.15,34.92,5714175,54.49,54.89,53.25,54.45,3665000,2025-12-30T03:45:15Z
MDT,2007-09-17,34.77,35.04,34.27,35.03,7054240,54.21,54.63,53.43,54.62,4524500,2025-12-30T03:45:15Z
MDT,2007-09-18,35.51,35.76,34.63,34.81,15138748,55.36,55.76,54,54.27,9709800,2025-12-30T03:45:15Z
MDT,2007-09-19,36.06,36.12,35.44,35.63,14359184,56.22,56.32,55.26,55.55,9209800,2025-12-30T03:45:15Z
MDT,2007-09-20,36.3,36.56,35.91,35.92,12427408,56.6,57,55.99,56.01,7970800,2025-12-30T03:45:15Z
MDT,2007-09-21,36.28,36.67,36.05,36.65,12252185,56.57,57.17,56.21,57.14,7858400,2025-12-30T03:45:15Z
MDT,2007-09-24,36.52,36.66,36.07,36.2,10551344,56.94,57.16,56.24,56.44,6767500,2025-12-30T03:45:15Z
MDT,2007-09-25,36.08,36.48,36,36.46,9898061,56.26,56.88,56.13,56.85,6348500,2025-12-30T03:45:15Z
MDT,2007-09-26,36.52,36.62,35.92,36.25,9243554,56.94,57.1,56.01,56.52,5928700,2025-12-30T03:45:15Z
MDT,2007-09-27,36.58,36.74,36.24,36.24,7874478,57.04,57.29,56.51,56.51,5050600,2025-12-30T03:45:15Z
MDT,2007-09-28,36.18,36.78,36.01,36.78,8885416,56.41,57.35,56.15,57.35,5699000,2025-12-30T03:45:15Z
MDT,2007-10-01,37.11,37.19,36.03,36.37,10453270,57.86,57.98,56.17,56.71,6704600,2025-12-30T03:45:15Z
MDT,2007-10-02,36.78,37.19,36.66,36.97,5202465,57.34,57.99,57.16,57.64,3336800,2025-12-30T03:45:15Z
MDT,2007-10-03,36.54,36.78,36.23,36.67,10411978,56.84,57.22,56.37,57.05,6692700,2025-12-30T03:45:15Z
MDT,2007-10-04,36.64,36.81,36.41,36.41,8346901,57,57.26,56.65,56.65,5365300,2025-12-30T03:45:15Z
MDT,2007-10-05,35.93,36.12,35.24,35.67,23875023,55.9,56.2,54.82,55.5,15346600,2025-12-30T03:45:15Z
MDT,2007-10-08,36.25,36.41,35.94,35.95,5964165,56.4,56.65,55.91,55.92,3833700,2025-12-30T03:45:15Z
MDT,2007-10-09,36.42,36.55,36.09,36.45,6476313,56.66,56.87,56.14,56.71,4162900,2025-12-30T03:45:15Z
MDT,2007-10-10,36.54,36.68,36,36.38,8828391,56.85,57.07,56.01,56.6,5674800,2025-12-30T03:45:15Z
MDT,2007-10-11,36.28,36.96,36.22,36.83,9580752,56.44,57.5,56.35,57.3,6158400,2025-12-30T03:45:15Z
MDT,2007-10-12,36.21,36.68,36.03,36.49,5645087,56.33,57.06,56.05,56.77,3628600,2025-12-30T03:45:15Z
MDT,2007-10-15,32.14,32.99,31.3,32.49,97829931,50,51.32,48.69,50.55,62884100,2025-12-30T03:45:15Z
MDT,2007-10-16,32.33,32.54,31.67,32.13,37015400,50.3,50.62,49.27,49.99,23793100,2025-12-30T03:45:15Z
MDT,2007-10-17,31.96,32.7,31.72,32.45,23621882,49.72,50.87,49.35,50.48,15183900,2025-12-30T03:45:15Z
MDT,2007-10-18,31.46,32.14,31.19,32.07,20574398,48.94,50,48.52,49.89,13225000,2025-12-30T03:45:15Z
MDT,2007-10-19,30.52,31.97,30.49,31.5,20434870,47.48,49.73,47.44,49,13135300,2025-12-30T03:45:15Z
MDT,2007-10-22,30.21,30.66,29.82,30.66,22518574,47,47.7,46.4,47.7,14474700,2025-12-30T03:45:15Z
MDT,2007-10-23,30.87,30.93,30.24,30.53,25588298,48.03,48.12,47.05,47.5,16447900,2025-12-30T03:45:15Z
MDT,2007-10-24,30.4,30.9,30.09,30.9,18145623,47.3,48.07,46.81,48.07,11663800,2025-12-30T03:45:15Z
MDT,2007-10-25,30.65,30.78,30.34,30.53,11690463,47.69,47.89,47.2,47.49,7514500,2025-12-30T03:45:15Z
MDT,2007-10-26,30.74,31.02,30.52,30.85,10197426,47.82,48.26,47.48,47.99,6554800,2025-12-30T03:45:15Z
MDT,2007-10-29,30.71,30.97,30.58,30.85,10934823,47.77,48.18,47.57,48,7028800,2025-12-30T03:45:15Z
MDT,2007-10-30,30.17,30.62,30.05,30.54,15423108,46.94,47.64,46.75,47.51,9913800,2025-12-30T03:45:15Z
MDT,2007-10-31,30.49,30.55,30.09,30.36,13632471,47.44,47.52,46.81,47.23,8762800,2025-12-30T03:45:15Z
MDT,2007-11-01,30.08,30.69,30.02,30.38,12659841,46.8,47.75,46.7,47.26,8137600,2025-12-30T03:45:15Z
MDT,2007-11-02,30.13,30.29,29.99,30.09,9006206,46.88,47.12,46.66,46.81,5789100,2025-12-30T03:45:15Z
MDT,2007-11-05,30.06,30.18,29.9,30.03,8093639,46.76,46.95,46.51,46.72,5202500,2025-12-30T03:45:15Z
MDT,2007-11-06,29.99,30.16,29.75,29.94,8266945,46.65,46.92,46.28,46.58,5313900,2025-12-30T03:45:15Z
MDT,2007-11-07,29.29,29.88,29.25,29.88,14851669,45.56,46.49,45.51,46.49,9546500,2025-12-30T03:45:15Z
MDT,2007-11-08,29.56,29.64,28.96,29.31,15108518,45.99,46.12,45.05,45.6,9711600,2025-12-30T03:45:15Z
MDT,2007-11-09,29.59,29.95,29.21,29.41,9683428,46.04,46.6,45.45,45.75,6224400,2025-12-30T03:45:15Z
MDT,2007-11-12,29.8,30.11,29.45,29.57,8667695,46.36,46.85,45.82,46,5571500,2025-12-30T03:45:15Z
MDT,2007-11-13,30.11,30.14,29.73,30.05,9606872,46.85,46.89,46.25,46.75,6175200,2025-12-30T03:45:15Z
MDT,2007-11-14,29.99,30.37,29.76,30.24,9394975,46.66,47.25,46.3,47.04,6039000,2025-12-30T03:45:15Z
MDT,2007-11-15,29.73,30.22,29.67,29.86,7790734,46.25,47.02,46.16,46.46,5007800,2025-12-30T03:45:15Z
MDT,2007-11-16,29.42,30.11,29.2,29.85,13348994,45.77,46.85,45.42,46.44,8580600,2025-12-30T03:45:15Z
MDT,2007-11-19,29.09,29.42,28.84,29.19,13525590,45.25,45.77,44.87,45.41,8694100,2025-12-30T03:45:15Z
MDT,2007-11-20,31.12,31.76,30.56,30.6,29253247,48.42,49.41,47.54,47.6,18803700,2025-12-30T03:45:15Z
MDT,2007-11-21,31.04,31.39,30.76,30.93,13508001,48.29,48.83,47.85,48.12,8682800,2025-12-30T03:45:15Z
MDT,2007-11-23,31.06,31.42,30.93,31.31,3969260,48.32,48.88,48.11,48.71,2551400,2025-12-30T03:45:15Z
MDT,2007-11-26,31.41,31.7,30.86,31,11841521,48.87,49.32,48.01,48.23,7611600,2025-12-30T03:45:15Z
MDT,2007-11-27,32.08,32.1,30.86,31.49,15146183,49.91,49.94,48.01,48.99,9735800,2025-12-30T03:45:15Z
MDT,2007-11-28,32.36,32.54,31.78,31.98,11520585,50.35,50.62,49.44,49.76,7405300,2025-12-30T03:45:15Z
MDT,2007-11-29,32.33,32.49,32.06,32.3,7361970,50.29,50.54,49.87,50.25,4732200,2025-12-30T03:45:15Z
MDT,2007-11-30,32.69,32.71,32,32.65,10556659,50.85,50.89,49.78,50.79,6785700,2025-12-30T03:45:15Z
MDT,2007-12-03,32.51,32.65,32.4,32.65,8614949,50.58,50.8,50.4,50.79,5537600,2025-12-30T03:45:15Z
MDT,2007-12-04,32.49,32.9,32.26,32.26,12851945,50.54,51.18,50.18,50.18,8261100,2025-12-30T03:45:15Z
MDT,2007-12-05,32.92,32.94,32.27,32.27,9420361,51.21,51.25,50.21,50.21,6055300,2025-12-30T03:45:15Z
MDT,2007-12-06,32.63,32.91,32.35,32.9,10613435,50.77,51.2,50.33,51.19,6822200,2025-12-30T03:45:15Z
MDT,2007-12-07,32.49,32.72,32.34,32.63,6345775,50.54,50.9,50.31,50.76,4079000,2025-12-30T03:45:15Z
MDT,2007-12-10,32.53,32.72,32.31,32.51,6262854,50.61,50.9,50.26,50.58,4025700,2025-12-30T03:45:15Z
MDT,2007-12-11,31.97,32.6,31.95,32.53,10256562,49.74,50.72,49.71,50.61,6592800,2025-12-30T03:45:15Z
MDT,2007-12-12,32.13,32.44,31.81,32.44,9595068,49.99,50.46,49.49,50.46,6167600,2025-12-30T03:45:15Z
MDT,2007-12-13,32.2,32.24,31.65,31.76,8662103,50.1,50.16,49.24,49.41,5567900,2025-12-30T03:45:15Z
MDT,2007-12-14,31.75,32.02,31.61,31.81,13835323,49.4,49.81,49.17,49.49,8893200,2025-12-30T03:45:15Z
MDT,2007-12-17,31.59,31.71,31.39,31.55,8748432,49.15,49.34,48.83,49.09,5623400,2025-12-30T03:45:15Z
MDT,2007-12-18,31.83,31.91,31.44,31.45,9199911,49.52,49.65,48.91,48.93,5913600,2025-12-30T03:45:15Z
MDT,2007-12-19,31.88,32.16,31.6,31.77,6873951,49.59,50.04,49.16,49.43,4418500,2025-12-30T03:45:15Z
MDT,2007-12-20,32.07,32.26,31.71,32.04,5975822,49.89,50.18,49.34,49.85,3841200,2025-12-30T03:45:15Z
MDT,2007-12-21,32.42,32.49,32.08,32.08,10933741,50.43,50.55,49.9,49.9,7028100,2025-12-30T03:45:15Z
MDT,2007-12-24,32.33,32.55,32.11,32.31,1526161,50.3,50.64,49.96,50.26,981000,2025-12-30T03:45:15Z
MDT,2007-12-26,32.56,32.67,32.06,32.08,3917147,50.66,50.83,49.88,49.9,2517900,2025-12-30T03:45:15Z
MDT,2007-12-27,32.31,32.59,32.06,32.56,4236690,50.26,50.7,49.88,50.66,2723300,2025-12-30T03:45:15Z
MDT,2007-12-28,32.28,32.59,32.08,32.49,4038801,50.22,50.7,49.9,50.55,2596100,2025-12-30T03:45:15Z
MDT,2007-12-31,32.31,32.47,31.97,32.14,4956526,50.27,50.52,49.74,50,3186000,2025-12-30T03:45:15Z
MDT,2008-01-02,31.9,32.45,31.67,32.22,9042168,49.5,50.35,49.15,50,5826700,2025-12-30T03:45:15Z
MDT,2008-01-03,32.06,32.21,31.73,31.94,4975077,49.75,49.98,49.24,49.57,3205900,2025-12-30T03:45:15Z
MDT,2008-01-04,31.69,32.04,31.63,31.85,8228531,49.18,49.72,49.08,49.43,5302400,2025-12-30T03:45:15Z
MDT,2008-01-07,32.07,32.37,31.65,31.85,11766747,49.77,50.24,49.12,49.42,7582400,2025-12-30T03:45:15Z
MDT,2008-01-08,31.83,32.39,31.72,32.18,8117410,49.4,50.27,49.22,49.94,5230800,2025-12-30T03:45:15Z
MDT,2008-01-09,32.71,32.72,31.83,31.83,10053673,50.76,50.78,49.39,49.39,6478500,2025-12-30T03:45:15Z
MDT,2008-01-10,32.74,32.94,32.41,32.41,7292157,50.81,51.11,50.29,50.29,4699000,2025-12-30T03:45:15Z
MDT,2008-01-11,32.27,32.65,32.22,32.38,7503054,50.08,50.66,50,50.25,4834900,2025-12-30T03:45:15Z
MDT,2008-01-14,31.99,32.47,31.77,32.22,9355349,49.65,50.38,49.31,50,6028500,2025-12-30T03:45:15Z
MDT,2008-01-15,31.2,31.67,31.04,31.66,14918722,48.41,49.15,48.17,49.13,9613500,2025-12-30T03:45:15Z
MDT,2008-01-16,31.2,31.53,30.62,31.07,16334342,48.42,48.93,47.52,48.22,10525700,2025-12-30T03:45:15Z
MDT,2008-01-17,30.81,31.42,30.63,31.06,11493789,47.82,48.76,47.54,48.2,7406500,2025-12-30T03:45:15Z
MDT,2008-01-18,30.28,31.23,30.11,31.02,12394776,46.99,48.46,46.72,48.14,7987100,2025-12-30T03:45:15Z
MDT,2008-01-22,29.91,30.14,28.55,28.55,14102428,46.42,46.78,44.31,44.31,9087500,2025-12-30T03:45:15Z
MDT,2008-01-23,30.51,30.57,28.52,28.52,17897216,47.35,47.44,44.26,44.26,11532800,2025-12-30T03:45:15Z
MDT,2008-01-24,30.14,30.61,29.9,30.57,10518602,46.77,47.5,46.4,47.44,6778100,2025-12-30T03:45:15Z
MDT,2008-01-25,29.72,30.39,29.62,30.36,10820143,46.12,47.16,45.96,47.12,6972400,2025-12-30T03:45:15Z
MDT,2008-01-28,29.95,30.04,29.6,29.7,6929486,46.48,46.61,45.93,46.09,4465300,2025-12-30T03:45:15Z
MDT,2008-01-29,30.1,30.46,30,30.08,9873354,46.71,47.27,46.55,46.68,6362300,2025-12-30T03:45:15Z
MDT,2008-01-30,29.76,30.2,29.65,30.03,8383707,46.19,46.86,46.01,46.6,5402400,2025-12-30T03:45:15Z
MDT,2008-01-31,29.96,30.21,29.47,29.6,11154401,46.5,46.88,45.73,45.93,7187800,2025-12-30T03:45:15Z
MDT,2008-02-01,30.83,32.22,29.84,29.96,20688219,47.85,50,46.31,46.49,13331300,2025-12-30T03:45:15Z
MDT,2008-02-04,30.64,31.46,30.47,30.73,8897546,47.55,48.82,47.29,47.68,5733500,2025-12-30T03:45:15Z
MDT,2008-02-05,30.29,30.64,30.16,30.47,8180570,47.01,47.55,46.8,47.29,5271500,2025-12-30T03:45:15Z
MDT,2008-02-06,30.23,30.61,30.21,30.44,8035008,46.92,47.51,46.89,47.24,5177700,2025-12-30T03:45:15Z
MDT,2008-02-07,30.45,30.59,30.13,30.13,8461625,47.25,47.47,46.76,46.76,5452600,2025-12-30T03:45:15Z
MDT,2008-02-08,30.11,30.61,29.94,30.29,10117611,46.73,47.5,46.46,47.01,6519700,2025-12-30T03:45:15Z
MDT,2008-02-11,30.5,30.55,29.97,30.04,6413327,47.33,47.41,46.51,46.62,4132700,2025-12-30T03:45:15Z
MDT,2008-02-12,31.12,31.16,30.54,30.54,9047608,48.3,48.36,47.4,47.4,5830200,2025-12-30T03:45:15Z
MDT,2008-02-13,31.39,31.74,31.21,31.3,10116661,48.72,49.25,48.44,48.57,6519100,2025-12-30T03:45:15Z
MDT,2008-02-14,31,31.66,30.94,31.47,9827576,48.1,49.13,48.01,48.83,6332800,2025-12-30T03:45:15Z
MDT,2008-02-15,31.65,31.7,30.78,30.94,13207037,49.12,49.19,47.76,48.01,8510500,2025-12-30T03:45:15Z
MDT,2008-02-19,31.67,32.24,31.52,31.69,11594328,49.15,50.03,48.91,49.18,7471300,2025-12-30T03:45:15Z
MDT,2008-02-20,31.84,31.94,31.31,31.74,11502318,49.41,49.57,48.59,49.25,7412000,2025-12-30T03:45:15Z
MDT,2008-02-21,31.54,31.92,31,31.88,17669519,48.95,49.53,48.1,49.48,11386100,2025-12-30T03:45:15Z
MDT,2008-02-22,31.28,31.78,30.85,31.61,9420349,48.54,49.32,47.88,49.05,6070400,2025-12-30T03:45:15Z
MDT,2008-02-25,32.01,32.01,31.23,31.23,11567976,49.67,49.67,48.47,48.47,7454300,2025-12-30T03:45:15Z
MDT,2008-02-26,32.21,32.32,31.79,31.79,11745976,49.99,50.15,49.34,49.34,7569000,2025-12-30T03:45:15Z
MDT,2008-02-27,32.43,32.57,31.98,31.98,9907790,50.32,50.54,49.63,49.63,6384500,2025-12-30T03:45:15Z
MDT,2008-02-28,32.06,32.52,31.98,32.23,10813930,49.76,50.46,49.63,50.01,6968400,2025-12-30T03:45:15Z
MDT,2008-02-29,31.81,32.08,31.7,31.7,8616025,49.36,49.79,49.2,49.2,5552100,2025-12-30T03:45:15Z
MDT,2008-03-03,31.85,31.99,31.45,31.99,8193924,49.43,49.64,48.81,49.64,5280100,2025-12-30T03:45:15Z
MDT,2008-03-04,31.88,31.94,31.5,31.62,8069460,49.47,49.56,48.89,49.07,5199900,2025-12-30T03:45:15Z
MDT,2008-03-05,32.16,32.23,31.81,31.92,10161846,49.9,50.01,49.36,49.53,6548200,2025-12-30T03:45:15Z
MDT,2008-03-06,31.16,32.06,31.15,32.06,8611372,48.36,49.76,48.34,49.76,5549100,2025-12-30T03:45:15Z
MDT,2008-03-07,30.67,31.09,30.5,30.86,9061116,47.6,48.25,47.33,47.89,5838900,2025-12-30T03:45:15Z
MDT,2008-03-10,30.4,30.76,30.23,30.59,6815575,47.18,47.74,46.92,47.47,4391900,2025-12-30T03:45:15Z
MDT,2008-03-11,30.92,31.14,30.36,30.56,8750100,47.99,48.32,47.11,47.43,5638500,2025-12-30T03:45:15Z
MDT,2008-03-12,31.06,31.41,30.81,30.96,6892852,48.2,48.75,47.81,48.04,4441700,2025-12-30T03:45:15Z
MDT,2008-03-13,30.96,31.25,30.4,30.9,9946892,48.04,48.5,47.18,47.95,6409700,2025-12-30T03:45:15Z
MDT,2008-03-14,30.4,31.26,30.21,30.94,10795763,47.18,48.51,46.89,48.01,6956700,2025-12-30T03:45:15Z
MDT,2008-03-17,30.54,30.85,29.74,29.74,10232137,47.39,47.88,46.15,46.15,6593500,2025-12-30T03:45:15Z
MDT,2008-03-18,31.15,31.18,30.34,31.06,11968029,48.34,48.38,47.08,48.2,7712100,2025-12-30T03:45:15Z
MDT,2008-03-19,30.99,31.62,30.94,31.24,10720807,48.09,49.07,48.02,48.48,6908400,2025-12-30T03:45:15Z
MDT,2008-03-20,31.27,31.35,30.89,31.21,8423921,48.53,48.65,47.94,48.44,5428300,2025-12-30T03:45:15Z
MDT,2008-03-24,31.28,31.54,31.02,31.16,6827363,48.54,48.94,48.14,48.35,4399500,2025-12-30T03:45:15Z
MDT,2008-03-25,31.29,31.54,31.15,31.36,6791978,48.56,48.94,48.34,48.67,4376700,2025-12-30T03:45:15Z
MDT,2008-03-26,31.12,31.3,30.98,31.16,8801484,48.3,48.57,48.07,48.36,5671600,2025-12-30T03:45:15Z
MDT,2008-03-27,30.97,31.29,30.87,31.14,5965774,48.06,48.55,47.91,48.32,3844300,2025-12-30T03:45:15Z
MDT,2008-03-28,30.84,31.25,30.81,31.06,4360389,47.86,48.49,47.81,48.2,2809800,2025-12-30T03:45:15Z
MDT,2008-03-31,31.17,31.29,30.49,30.81,9637779,48.37,48.55,47.32,47.81,6210500,2025-12-30T03:45:15Z
MDT,2008-04-01,31.23,31.53,31.02,31.02,13426780,48.46,48.93,48.14,48.14,8652100,2025-12-30T03:45:15Z
MDT,2008-04-02,31.88,32.05,31.17,31.31,9816289,49.35,49.61,48.25,48.46,6341900,2025-12-30T03:45:15Z
MDT,2008-04-03,31.67,31.82,31.25,31.75,6247109,49.02,49.26,48.37,49.15,4036000,2025-12-30T03:45:15Z
MDT,2008-04-04,32.08,32.24,31.66,31.66,6864549,49.65,49.9,49,49,4434900,2025-12-30T03:45:15Z
MDT,2008-04-07,32.29,32.36,31.95,32.24,6917949,49.98,50.09,49.46,49.91,4469400,2025-12-30T03:45:15Z
MDT,2008-04-08,32.59,32.63,31.95,32.13,8018002,50.44,50.5,49.45,49.73,5180100,2025-12-30T03:45:15Z
MDT,2008-04-09,32.15,32.5,32.07,32.1,7166076,49.77,50.31,49.64,49.69,4629700,2025-12-30T03:45:15Z
MDT,2008-04-10,32.34,32.5,32.04,32.1,6143249,50.06,50.31,49.59,49.68,3968900,2025-12-30T03:45:15Z
MDT,2008-04-11,32.17,32.45,32.02,32.02,6430689,49.8,50.23,49.57,49.57,4154600,2025-12-30T03:45:15Z
MDT,2008-04-14,31.95,32.31,31.87,32.1,4871539,49.45,50.01,49.33,49.69,3147300,2025-12-30T03:45:15Z
MDT,2008-04-15,31.68,32.18,31.43,32.09,5871767,49.03,49.81,48.65,49.67,3793500,2025-12-30T03:45:15Z
MDT,2008-04-16,32.06,32.17,31.62,31.88,7632286,49.62,49.8,48.94,49.34,4930900,2025-12-30T03:45:15Z
MDT,2008-04-17,32.01,32.17,31.82,32.03,4619860,49.55,49.8,49.25,49.58,2984700,2025-12-30T03:45:15Z
MDT,2008-04-18,32.3,32.38,31.98,32.21,6837011,49.99,50.12,49.5,49.85,4417100,2025-12-30T03:45:15Z
MDT,2008-04-21,32.01,32.24,31.75,32.06,5354003,49.55,49.9,49.15,49.63,3459000,2025-12-30T03:45:15Z
MDT,2008-04-22,31.82,31.99,31.6,31.82,6165072,49.25,49.52,48.91,49.25,3983000,2025-12-30T03:45:15Z
MDT,2008-04-23,31.99,32.11,31.75,31.88,5983524,49.51,49.7,49.14,49.34,3865700,2025-12-30T03:45:15Z
MDT,2008-04-24,31.95,32.24,31.77,31.97,4994756,49.46,49.9,49.17,49.48,3226900,2025-12-30T03:45:15Z
MDT,2008-04-25,31.93,32.12,31.64,32.04,6514582,49.42,49.72,48.98,49.6,4208800,2025-12-30T03:45:15Z
MDT,2008-04-28,32.52,32.69,31.81,32.28,10804899,50.34,50.6,49.24,49.96,6980600,2025-12-30T03:45:15Z
MDT,2008-04-29,32.12,32.69,32.01,32.42,11177325,49.72,50.6,49.54,50.18,7221200,2025-12-30T03:45:15Z
MDT,2008-04-30,31.45,32.15,31.37,32.12,12331246,48.68,49.76,48.56,49.72,7966700,2025-12-30T03:45:15Z
MDT,2008-05-01,32.21,32.28,31.47,31.52,8452788,49.86,49.96,48.71,48.79,5461000,2025-12-30T03:45:15Z
MDT,2008-05-02,31.82,32.45,31.72,32.45,7174268,49.25,50.23,49.1,50.23,4635000,2025-12-30T03:45:15Z
MDT,2008-05-05,31.68,31.89,31.5,31.89,4845073,49.04,49.36,48.75,49.36,3130200,2025-12-30T03:45:15Z
MDT,2008-05-06,31.66,31.74,31.26,31.32,5610177,49.01,49.13,48.38,48.48,3624500,2025-12-30T03:45:15Z
MDT,2008-05-07,30.89,31.7,30.8,31.62,12191643,47.81,49.07,47.68,48.94,7876500,2025-12-30T03:45:15Z
MDT,2008-05-08,30.93,31.11,30.62,30.82,9786890,47.87,48.16,47.4,47.7,6322900,2025-12-30T03:45:15Z
MDT,2008-05-09,30.88,31.16,30.57,30.66,6745681,47.79,48.23,47.32,47.45,4358100,2025-12-30T03:45:15Z
MDT,2008-05-12,31.11,31.15,30.81,30.89,5120437,48.15,48.21,47.69,47.82,3308100,2025-12-30T03:45:15Z
MDT,2008-05-13,30.64,31.3,30.61,31.13,8581109,47.42,48.44,47.38,48.18,5543900,2025-12-30T03:45:15Z
MDT,2008-05-14,30.82,30.93,30.48,30.67,6717501,47.7,47.88,47.18,47.47,4339900,2025-12-30T03:45:15Z
MDT,2008-05-15,30.41,30.82,30.36,30.8,11949371,47.07,47.7,46.99,47.68,7720000,2025-12-30T03:45:15Z
MDT,2008-05-16,30.35,30.6,30.27,30.42,14691561,46.98,47.36,46.85,47.08,9491600,2025-12-30T03:45:15Z
MDT,2008-05-19,30.93,30.97,30.16,30.2,11309031,47.88,47.94,46.69,46.75,7306300,2025-12-30T03:45:15Z
MDT,2008-05-20,31.63,32.23,31.41,31.79,22667158,48.96,49.88,48.61,49.2,14644300,2025-12-30T03:45:15Z
MDT,2008-05-21,32.58,32.94,32.13,32.19,17619784,50.43,50.98,49.74,49.82,11383400,2025-12-30T03:45:15Z
MDT,2008-05-22,32.78,32.94,32.56,32.56,12408478,50.74,50.99,50.4,50.4,8016600,2025-12-30T03:45:15Z
MDT,2008-05-23,32.39,32.65,32.32,32.57,8737138,50.13,50.54,50.02,50.41,5644700,2025-12-30T03:45:15Z
MDT,2008-05-27,32.45,32.52,32.23,32.34,8674142,50.23,50.34,49.89,50.06,5604000,2025-12-30T03:45:15Z
MDT,2008-05-28,32.2,32.52,31.99,32.48,8013219,49.84,50.34,49.52,50.27,5177000,2025-12-30T03:45:15Z
MDT,2008-05-29,32.76,32.86,31.98,32.2,10506468,50.7,50.86,49.5,49.84,6787800,2025-12-30T03:45:15Z
MDT,2008-05-30,32.74,32.79,32.43,32.72,7885968,50.67,50.76,50.2,50.64,5094800,2025-12-30T03:45:15Z
MDT,2008-06-02,32.51,32.89,32.27,32.82,10900117,50.32,50.91,49.95,50.8,7042100,2025-12-30T03:45:15Z
MDT,2008-06-03,33.23,33.43,32.61,32.74,17362819,51.43,51.75,50.48,50.67,11217400,2025-12-30T03:45:15Z
MDT,2008-06-04,33.37,33.51,32.95,33.07,10056526,51.65,51.87,51.01,51.19,6497100,2025-12-30T03:45:15Z
MDT,2008-06-05,33.36,33.52,32.99,33.42,6872442,51.63,51.88,51.07,51.73,4440000,2025-12-30T03:45:15Z
MDT,2008-06-06,32.54,33.31,32.51,33.03,9390189,50.37,51.56,50.32,51.12,6066600,2025-12-30T03:45:15Z
MDT,2008-06-09,32.52,32.85,32.3,32.83,7392989,50.33,50.85,50,50.81,4776300,2025-12-30T03:45:15Z
MDT,2008-06-10,32.54,32.72,32.27,32.3,9994316,50.37,50.65,49.95,49.99,6456900,2025-12-30T03:45:15Z
MDT,2008-06-11,32.2,32.41,32,32.36,10087029,49.84,50.17,49.53,50.09,6516800,2025-12-30T03:45:15Z
MDT,2008-06-12,32.84,32.88,32.3,32.3,10449690,50.83,50.89,49.99,49.99,6751100,2025-12-30T03:45:15Z
MDT,2008-06-13,33.3,33.3,32.77,32.99,8900138,51.54,51.54,50.73,51.07,5750000,2025-12-30T03:45:15Z
MDT,2008-06-16,33.12,33.25,32.76,33.02,6755274,51.27,51.47,50.7,51.11,4364300,2025-12-30T03:45:15Z
MDT,2008-06-17,33.12,33.26,32.83,33.23,5355097,51.26,51.48,50.81,51.43,3459700,2025-12-30T03:45:15Z
MDT,2008-06-18,33.03,33.34,32.83,33.07,8946405,51.12,51.6,50.81,51.19,5779900,2025-12-30T03:45:15Z
MDT,2008-06-19,33.2,33.3,32.79,32.9,5973770,51.39,51.55,50.76,50.93,3859400,2025-12-30T03:45:15Z
MDT,2008-06-20,32.87,33.23,32.72,32.88,9524987,50.87,51.43,50.65,50.9,6153700,2025-12-30T03:45:15Z
MDT,2008-06-23,33.08,33.3,32.79,33.06,9661042,51.2,51.55,50.75,51.18,6241600,2025-12-30T03:45:15Z
MDT,2008-06-24,33.33,33.57,32.83,32.9,13317082,51.59,51.96,50.81,50.92,8603600,2025-12-30T03:45:15Z
MDT,2008-06-25,33.43,33.59,33.15,33.39,9541249,51.75,52,51.31,51.68,6164200,2025-12-30T03:45:15Z
MDT,2008-06-26,33,33.45,32.92,33.13,10217176,51.08,51.77,50.96,51.28,6600900,2025-12-30T03:45:15Z
MDT,2008-06-27,33.1,33.41,32.79,32.94,10879832,51.24,51.72,50.75,50.99,7029000,2025-12-30T03:45:15Z
MDT,2008-06-30,33.43,33.59,32.92,33.09,9917377,51.75,52,50.95,51.21,6407200,2025-12-30T03:45:15Z
MDT,2008-07-01,33.37,33.43,32.98,33.39,10916607,51.46,51.56,50.87,51.49,7078400,2025-12-30T03:45:15Z
MDT,2008-07-02,33.03,33.55,33.02,33.55,9209171,50.94,51.74,50.93,51.74,5971300,2025-12-30T03:45:15Z
MDT,2008-07-03,33.11,33.35,32.98,33.05,4195354,51.06,51.44,50.87,50.97,2720300,2025-12-30T03:45:15Z
MDT,2008-07-07,33.3,33.6,33,33.18,12365066,51.36,51.82,50.89,51.17,8017600,2025-12-30T03:45:15Z
MDT,2008-07-08,34.1,34.13,33.15,33.25,14571259,52.59,52.64,51.13,51.28,9448100,2025-12-30T03:45:15Z
MDT,2008-07-09,34.17,34.5,34.04,34.08,10941722,52.7,53.21,52.5,52.56,7094700,2025-12-30T03:45:15Z
MDT,2008-07-10,34.44,34.62,33.99,34.35,12784246,53.12,53.39,52.42,52.98,8289400,2025-12-30T03:45:15Z
MDT,2008-07-11,33.95,34.28,33.72,34.05,10851360,52.36,52.87,52,52.52,7036100,2025-12-30T03:45:15Z
MDT,2008-07-14,33.63,34.12,33.6,34.01,7681592,51.86,52.62,51.82,52.45,4980800,2025-12-30T03:45:15Z
MDT,2008-07-15,34.06,34.22,33.43,33.65,11176012,52.53,52.77,51.56,51.89,7246600,2025-12-30T03:45:15Z
MDT,2008-07-16,35.08,35.39,34.48,34.73,21411408,54.1,54.58,53.17,53.57,13883300,2025-12-30T03:45:15Z
MDT,2008-07-17,35.08,35.59,34.53,35.2,11053094,54.1,54.89,53.26,54.28,7166900,2025-12-30T03:45:15Z
MDT,2008-07-18,34.64,35.25,34.37,35.05,14590521,53.43,54.37,53,54.05,9460600,2025-12-30T03:45:15Z
MDT,2008-07-21,34.56,34.85,34.27,34.77,6306068,53.3,53.75,52.85,53.63,4088900,2025-12-30T03:45:15Z
MDT,2008-07-22,35.28,35.34,34.31,34.6,13588812,54.41,54.5,52.92,53.36,8811100,2025-12-30T03:45:15Z
MDT,2008-07-23,34.85,35.4,34.69,35.4,8649657,53.74,54.59,53.5,54.59,5608500,2025-12-30T03:45:15Z
MDT,2008-07-24,34.61,34.96,34.48,34.84,8909827,53.38,53.91,53.17,53.74,5777200,2025-12-30T03:45:15Z
MDT,2008-07-25,34.75,35,34.37,34.66,8796001,53.59,53.98,53,53.45,5703400,2025-12-30T03:45:15Z
MDT,2008-07-28,34.27,34.91,34.07,34.62,8285227,52.86,53.84,52.54,53.4,5372200,2025-12-30T03:45:15Z
MDT,2008-07-29,34.14,34.68,34.07,34.15,9052783,52.65,53.48,52.55,52.66,5869900,2025-12-30T03:45:15Z
MDT,2008-07-30,34.27,34.58,34.09,34.53,8748057,52.85,53.33,52.57,53.26,5672300,2025-12-30T03:45:15Z
MDT,2008-07-31,34.26,34.85,34.09,34.09,14091588,52.83,53.75,52.57,52.57,9137100,2025-12-30T03:45:15Z
MDT,2008-08-01,33.83,34.48,33.72,34.2,8520876,52.18,53.18,52,52.75,5525000,2025-12-30T03:45:15Z
MDT,2008-08-04,34.26,34.47,33.75,33.89,7014251,52.84,53.16,52.05,52.26,4548100,2025-12-30T03:45:15Z
MDT,2008-08-05,35,35,34.24,34.38,9328094,53.98,53.98,52.8,53.03,6048400,2025-12-30T03:45:15Z
MDT,2008-08-06,34.94,35.23,34.61,34.81,10766988,53.89,54.33,53.38,53.68,6981400,2025-12-30T03:45:15Z
MDT,2008-08-07,34.04,34.81,33.85,34.81,13126773,52.5,53.68,52.2,53.68,8511500,2025-12-30T03:45:15Z
MDT,2008-08-08,34.85,34.9,33.83,33.93,11315266,53.74,53.83,52.18,52.33,7336900,2025-12-30T03:45:15Z
MDT,2008-08-11,34.72,34.9,34.49,34.87,6514737,53.54,53.82,53.2,53.77,4224200,2025-12-30T03:45:15Z
MDT,2008-08-12,34.43,34.71,34.34,34.55,6573804,53.1,53.53,52.96,53.29,4262500,2025-12-30T03:45:15Z
MDT,2008-08-13,34.68,34.9,34.28,34.3,7480334,53.48,53.82,52.87,52.9,4850300,2025-12-30T03:45:15Z
MDT,2008-08-14,34.81,35.2,34.33,34.36,9397176,53.69,54.29,52.94,52.99,6093200,2025-12-30T03:45:15Z
MDT,2008-08-15,35.06,35.15,34.66,34.81,6059460,54.07,54.21,53.45,53.68,3929000,2025-12-30T03:45:15Z
MDT,2008-08-18,34.65,35.14,34.58,34.71,9713797,53.44,54.2,53.33,53.53,6298500,2025-12-30T03:45:15Z
MDT,2008-08-19,35.33,35.53,34.67,34.69,15725931,54.48,54.8,53.47,53.5,10196800,2025-12-30T03:45:15Z
MDT,2008-08-20,36.32,36.43,35.14,35.47,21123447,56.01,56.18,54.19,54.7,13696600,2025-12-30T03:45:15Z
MDT,2008-08-21,36.67,36.86,35.73,36.01,16950471,56.55,56.85,55.11,55.53,10990800,2025-12-30T03:45:15Z
MDT,2008-08-22,36.63,36.94,36.18,36.74,8596914,56.5,56.97,55.8,56.66,5574300,2025-12-30T03:45:15Z
MDT,2008-08-25,35.94,36.47,35.83,36.43,6934995,55.43,56.25,55.25,56.18,4496700,2025-12-30T03:45:15Z
MDT,2008-08-26,35.86,36.44,35.64,35.83,6900910,55.31,56.2,54.96,55.26,4474600,2025-12-30T03:45:15Z
MDT,2008-08-27,35.7,36.09,35.48,36,8068849,55.06,55.66,54.72,55.52,5231900,2025-12-30T03:45:15Z
MDT,2008-08-28,35.8,35.96,35.54,35.85,5520907,55.21,55.46,54.81,55.29,3579800,2025-12-30T03:45:15Z
MDT,2008-08-29,35.4,35.91,35.34,35.77,6590926,54.6,55.39,54.5,55.17,4273600,2025-12-30T03:45:15Z
MDT,2008-09-02,35.49,36.2,35.4,35.84,9327320,54.74,55.83,54.6,55.28,6047900,2025-12-30T03:45:15Z
MDT,2008-09-03,35.75,36.04,35.42,35.57,7091679,55.14,55.58,54.63,54.86,4598300,2025-12-30T03:45:15Z
MDT,2008-09-04,34.87,35.55,34.72,35.49,14797619,53.78,54.82,53.55,54.73,9594900,2025-12-30T03:45:15Z
MDT,2008-09-05,34.55,35.32,34.32,34.8,10244777,53.28,54.47,52.93,53.67,6642800,2025-12-30T03:45:15Z
MDT,2008-09-08,35.17,35.34,34.38,35.15,10423852,54.24,54.5,53.03,54.21,6758900,2025-12-30T03:45:15Z
MDT,2008-09-09,34.97,35.53,34.95,35.09,13496302,53.93,54.79,53.9,54.11,8751100,2025-12-30T03:45:15Z
MDT,2008-09-10,34.91,35.33,34.5,34.89,8034290,53.84,54.49,53.21,53.81,5209500,2025-12-30T03:45:15Z
MDT,2008-09-11,35.2,35.23,34.61,34.62,8253596,54.28,54.33,53.38,53.4,5351700,2025-12-30T03:45:15Z
MDT,2008-09-12,34.99,35.19,34.54,34.84,8522410,53.96,54.27,53.27,53.74,5526000,2025-12-30T03:45:15Z
MDT,2008-09-15,34.51,35.33,34.04,34.05,10826687,53.23,54.49,52.5,52.51,7020100,2025-12-30T03:45:15Z
MDT,2008-09-16,34.27,34.98,34.04,34.13,21198111,52.85,53.95,52.5,52.64,13745000,2025-12-30T03:45:15Z
MDT,2008-09-17,33.63,34.33,33.54,33.93,23289517,51.87,52.94,51.72,52.33,15101100,2025-12-30T03:45:15Z
MDT,2008-09-18,34.21,34.57,33.39,33.94,15993018,52.76,53.32,51.5,52.34,10370000,2025-12-30T03:45:15Z
MDT,2008-09-19,34.02,35.07,33.42,34.6,18393857,52.47,54.09,51.55,53.36,11926700,2025-12-30T03:45:15Z
MDT,2008-09-22,33.57,34.01,33.39,33.77,10541068,51.78,52.45,51.5,52.08,6834900,2025-12-30T03:45:15Z
MDT,2008-09-23,33.75,34.35,33.24,33.42,14649125,52.05,52.97,51.26,51.55,9498600,2025-12-30T03:45:15Z
MDT,2008-09-24,33.81,34.03,33.5,33.72,9669064,52.14,52.48,51.67,52,6269500,2025-12-30T03:45:15Z
MDT,2008-09-25,33.64,34.33,33.5,33.62,12080668,51.88,52.95,51.67,51.85,7833200,2025-12-30T03:45:15Z
MDT,2008-09-26,33.15,33.65,32.83,33.23,12236586,51.13,51.9,50.63,51.25,7934300,2025-12-30T03:45:15Z
MDT,2008-09-29,32.01,33.42,31.87,32.87,17505345,49.36,51.54,49.15,50.7,11350600,2025-12-30T03:45:15Z
MDT,2008-09-30,32.49,32.64,31.97,32.06,14661157,50.1,50.34,49.31,49.45,9506400,2025-12-30T03:45:15Z
MDT,2008-10-01,32.43,32.53,31.99,32.42,12548344,49.83,49.98,49.15,49.82,8167000,2025-12-30T03:45:15Z
MDT,2008-10-02,31.88,32.41,31.73,32.33,16922053,48.99,49.79,48.75,49.67,11013600,2025-12-30T03:45:15Z
MDT,2008-10-03,32.29,33.14,32.06,32.41,15687972,49.61,50.92,49.26,49.79,10210400,2025-12-30T03:45:15Z
MDT,2008-10-06,30.88,32.61,29.91,31.73,18564692,47.45,50.1,45.96,48.75,12082700,2025-12-30T03:45:15Z
MDT,2008-10-07,29.81,31.22,29.74,30.75,15852983,45.8,47.97,45.69,47.25,10317800,2025-12-30T03:45:15Z
MDT,2008-10-08,29.04,30,28.96,29.29,22825177,44.62,46.09,44.5,45,14855600,2025-12-30T03:45:15Z
MDT,2008-10-09,27.3,29.57,27.04,29.29,23040702,41.95,45.44,41.54,45,14995900,2025-12-30T03:45:15Z
MDT,2008-10-10,26.03,27.99,22.6,25.21,27081819,40,43,34.73,38.74,17626000,2025-12-30T03:45:15Z
MDT,2008-10-13,28.72,29,26.2,26.54,18634442,44.12,44.56,40.25,40.78,12128100,2025-12-30T03:45:15Z
MDT,2008-10-14,28.34,29.66,28,29.29,16085756,43.54,45.57,43.02,45,10469300,2025-12-30T03:45:15Z
MDT,2008-10-15,26.58,28.27,26.52,27.99,14390582,40.84,43.43,40.74,43,9366000,2025-12-30T03:45:15Z
MDT,2008-10-16,26.04,27.02,22.53,26.55,36133944,40.01,41.51,34.61,40.8,23517500,2025-12-30T03:45:15Z
MDT,2008-10-17,25.32,26.59,24.84,25.38,16296245,38.9,40.86,38.17,39,10606300,2025-12-30T03:45:15Z
MDT,2008-10-20,27.03,27.2,25.38,25.47,15470403,41.53,41.8,39,39.14,10068800,2025-12-30T03:45:15Z
MDT,2008-10-21,26.75,27.33,26.58,26.77,10810727,41.1,41.99,40.84,41.13,7036100,2025-12-30T03:45:15Z
MDT,2008-10-22,25.79,26.93,25.63,26.47,12449857,39.63,41.38,39.38,40.67,8102900,2025-12-30T03:45:15Z
MDT,2008-10-23,25.37,25.94,24.73,25.86,17197208,38.98,39.86,37.99,39.74,11192700,2025-12-30T03:45:15Z
MDT,2008-10-24,24.61,25.1,23.43,23.96,16949999,37.81,38.56,36,36.81,11031800,2025-12-30T03:45:15Z
MDT,2008-10-27,23.59,24.44,23.55,24.08,13797769,36.24,37.55,36.19,37,8980200,2025-12-30T03:45:15Z
MDT,2008-10-28,25.85,25.86,23.89,24.04,18143228,39.72,39.74,36.71,36.94,11808400,2025-12-30T03:45:15Z
MDT,2008-10-29,25.05,26.27,24.82,26.02,13102978,38.49,40.36,38.14,39.98,8528000,2025-12-30T03:45:15Z
MDT,2008-10-30,25.67,26.34,25.45,25.71,14201705,39.44,40.47,39.1,39.51,9243100,2025-12-30T03:45:15Z
MDT,2008-10-31,26.25,26.45,25.38,25.89,11609558,40.33,40.64,38.99,39.78,7556000,2025-12-30T03:45:15Z
MDT,2008-11-03,26.48,26.6,26.01,26.03,6450557,40.69,40.87,39.97,40,4198300,2025-12-30T03:45:15Z
MDT,2008-11-04,26.26,26.87,25.99,26.68,13218556,40.35,41.29,39.93,40.99,8603200,2025-12-30T03:45:15Z
MDT,2008-11-05,25.47,26.39,25.34,26.33,11599568,39.14,40.55,38.94,40.46,7549500,2025-12-30T03:45:15Z
MDT,2008-11-06,25,25.72,24.84,25.6,14037321,38.41,39.52,38.16,39.34,9136100,2025-12-30T03:45:15Z
MDT,2008-11-07,25.91,26.03,24.84,24.84,11731843,39.81,39.99,38.17,38.17,7635600,2025-12-30T03:45:15Z
MDT,2008-11-10,26.13,26.62,25.84,26.03,8936853,40.15,40.9,39.71,39.99,5816500,2025-12-30T03:45:15Z
MDT,2008-11-11,26.09,26.23,25.34,25.71,12302039,40.08,40.31,38.94,39.51,8006700,2025-12-30T03:45:15Z
MDT,2008-11-12,24.55,25.57,24.27,24.54,16718162,37.72,39.28,37.29,37.7,10880900,2025-12-30T03:45:15Z
MDT,2008-11-13,25.99,26.07,24.13,24.74,14339996,39.93,40.05,37.07,38.01,9333100,2025-12-30T03:45:15Z
MDT,2008-11-14,24.37,25.87,24.3,25.49,13962490,37.45,39.75,37.33,39.17,9087400,2025-12-30T03:45:15Z
MDT,2008-11-17,23.7,24.52,23.46,24.35,16876882,36.42,37.67,36.05,37.41,10984200,2025-12-30T03:45:15Z
MDT,2008-11-18,20.57,23.09,20.08,23.09,53054674,31.6,35.48,30.85,35.48,34530200,2025-12-30T03:45:15Z
MDT,2008-11-19,20.31,21.41,20.31,20.71,24608242,31.2,32.89,31.2,31.82,16016100,2025-12-30T03:45:15Z
MDT,2008-11-20,18.9,20.68,18.74,20.25,24789978,29.04,31.78,28.8,31.11,16134400,2025-12-30T03:45:15Z
MDT,2008-11-21,20.16,20.19,19.08,19.48,29631749,30.98,31.02,29.31,29.93,19285600,2025-12-30T03:45:15Z
MDT,2008-11-24,20.09,20.66,19.85,20.45,18857720,30.87,31.74,30.5,31.42,12273400,2025-12-30T03:45:15Z
MDT,2008-11-25,19.17,20.83,19.03,20.75,24580771,29.45,32,29.24,31.89,15998200,2025-12-30T03:45:15Z
MDT,2008-11-26,19.19,19.29,18.44,19.01,20574188,29.48,29.63,28.33,29.21,13390600,2025-12-30T03:45:15Z
MDT,2008-11-28,19.86,19.9,19.27,19.88,7347097,30.52,30.58,29.61,30.54,4781800,2025-12-30T03:45:15Z
MDT,2008-12-01,18.66,19.54,18.59,19.42,16266260,28.67,30.02,28.56,29.84,10586800,2025-12-30T03:45:15Z
MDT,2008-12-02,19.07,19.52,18.58,19.17,13577928,29.3,29.99,28.55,29.45,8837100,2025-12-30T03:45:15Z
MDT,2008-12-03,19.71,19.82,18.69,18.69,14254308,30.29,30.45,28.71,28.71,9277300,2025-12-30T03:45:15Z
MDT,2008-12-04,19.82,20.22,19.29,19.49,17865418,30.45,31.07,29.63,29.95,11627600,2025-12-30T03:45:15Z
MDT,2008-12-05,20.61,20.64,19.47,19.7,12603499,31.67,31.71,29.92,30.26,8202900,2025-12-30T03:45:15Z
MDT,2008-12-08,20.7,21.37,20.6,20.77,14174236,31.8,32.84,31.65,31.91,9225200,2025-12-30T03:45:15Z
MDT,2008-12-09,20.08,20.96,19.89,20.56,12725038,30.85,32.21,30.56,31.59,8282000,2025-12-30T03:45:15Z
MDT,2008-12-10,20.08,20.44,19.86,20.2,10527272,30.85,31.4,30.52,31.04,6851600,2025-12-30T03:45:15Z
MDT,2008-12-11,19.93,20.48,19.66,20.1,9938654,30.62,31.47,30.2,30.88,6468500,2025-12-30T03:45:15Z
MDT,2008-12-12,19.47,19.84,19.01,19.63,12265946,29.91,30.48,29.21,30.16,7983200,2025-12-30T03:45:15Z
MDT,2008-12-15,19.64,19.82,18.98,19.54,13115566,30.18,30.45,29.16,30.02,8536200,2025-12-30T03:45:15Z
MDT,2008-12-16,20.49,20.55,19.6,19.66,14885797,31.48,31.58,30.11,30.2,9688300,2025-12-30T03:45:15Z
MDT,2008-12-17,20.41,20.66,19.72,20.16,9926067,31.36,31.74,30.3,30.97,6460300,2025-12-30T03:45:15Z
MDT,2008-12-18,21,21.32,20.45,20.59,14197588,32.27,32.75,31.42,31.64,9240400,2025-12-30T03:45:15Z
MDT,2008-12-19,20.94,21.28,20.45,21.26,17110593,32.17,32.69,31.42,32.66,11136300,2025-12-30T03:45:15Z
MDT,2008-12-22,20.28,21.26,20.12,21.01,11766566,31.16,32.66,30.91,32.28,7658200,2025-12-30T03:45:15Z
MDT,2008-12-23,19.9,20.55,19.7,20.19,9677434,30.57,31.58,30.27,31.02,6298500,2025-12-30T03:45:15Z
MDT,2008-12-24,20.12,20.21,19.85,20.06,2700646,30.92,31.06,30.5,30.82,1757700,2025-12-30T03:45:15Z
MDT,2008-12-26,20.03,20.32,19.98,20.26,3397123,30.78,31.22,30.7,31.13,2211000,2025-12-30T03:45:15Z
MDT,2008-12-29,19.69,20.31,19.54,20.12,6616189,30.25,31.2,30.02,30.92,4306100,2025-12-30T03:45:15Z
MDT,2008-12-30,20,20.02,19.58,19.88,10826814,30.54,30.57,29.9,30.36,7090500,2025-12-30T03:45:15Z
MDT,2008-12-31,20.58,20.69,19.95,19.99,9878740,31.42,31.59,30.46,30.53,6469600,2025-12-30T03:45:15Z
MDT,2009-01-02,21.36,21.44,20.42,20.64,8148072,32.61,32.74,31.18,31.51,5336200,2025-12-30T03:45:15Z
MDT,2009-01-05,21.34,21.57,21,21.36,12645255,32.58,32.94,32.07,32.62,8281400,2025-12-30T03:45:15Z
MDT,2009-01-06,20.45,21.48,20.37,21.09,14815338,31.23,32.8,31.11,32.2,9702600,2025-12-30T03:45:15Z
MDT,2009-01-07,20.77,20.9,20.1,20.3,14333893,31.72,31.91,30.69,31,9387300,2025-12-30T03:45:15Z
MDT,2009-01-08,21.1,21.14,20.54,20.74,12021919,32.22,32.28,31.36,31.67,7873200,2025-12-30T03:45:15Z
MDT,2009-01-09,21.33,21.61,20.92,21.32,13419844,32.57,32.99,31.94,32.56,8788700,2025-12-30T03:45:15Z
MDT,2009-01-12,21.25,21.44,21.05,21.33,12262581,32.45,32.74,32.15,32.57,8030800,2025-12-30T03:45:15Z
MDT,2009-01-13,21.25,21.35,20.97,21.25,12425963,32.45,32.6,32.02,32.44,8137800,2025-12-30T03:45:15Z
MDT,2009-01-14,21.23,21.27,20.91,20.99,14131561,32.41,32.48,31.93,32.05,9254800,2025-12-30T03:45:15Z
MDT,2009-01-15,20.97,21.32,20.52,21.27,15731028,32.02,32.56,31.34,32.48,10302300,2025-12-30T03:45:15Z
MDT,2009-01-16,21.43,21.51,21.02,21.1,13864971,32.72,32.85,32.09,32.22,9080200,2025-12-30T03:45:15Z
MDT,2009-01-20,20.86,21.71,20.77,21.41,13418208,31.85,33.15,31.71,32.7,8787600,2025-12-30T03:45:15Z
MDT,2009-01-21,21.58,21.67,20.86,21.15,13268716,32.95,33.09,31.85,32.3,8689700,2025-12-30T03:45:15Z
MDT,2009-01-22,21.63,21.73,21.01,21.13,12298946,33.03,33.18,32.08,32.26,8054600,2025-12-30T03:45:15Z
MDT,2009-01-23,21.17,21.33,20.48,21.09,12314656,32.33,32.57,31.28,32.2,8064900,2025-12-30T03:45:15Z
MDT,2009-01-26,21.62,21.81,21.22,21.49,9327333,33.02,33.3,32.4,32.82,6108500,2025-12-30T03:45:15Z
MDT,2009-01-27,22.31,22.45,21.54,21.7,12290395,34.07,34.28,32.89,33.14,8049000,2025-12-30T03:45:15Z
MDT,2009-01-28,22.61,22.69,21.99,22.67,11772430,34.53,34.65,33.58,34.61,7709800,2025-12-30T03:45:15Z
MDT,2009-01-29,21.89,22.59,21.83,22.31,10966360,33.43,34.5,33.34,34.07,7181900,2025-12-30T03:45:15Z
MDT,2009-01-30,21.93,22.18,21.77,21.87,11168831,33.49,33.86,33.24,33.39,7314500,2025-12-30T03:45:15Z
MDT,2009-02-02,22.1,22.23,21.57,21.57,8233138,33.74,33.95,32.93,32.93,5391900,2025-12-30T03:45:15Z
MDT,2009-02-03,22.25,22.33,21.78,22.32,9621143,33.97,34.09,33.25,34.08,6300900,2025-12-30T03:45:15Z
MDT,2009-02-04,22.17,22.99,22.06,22.35,8022243,33.85,35.1,33.68,34.13,5253800,2025-12-30T03:45:15Z
MDT,2009-02-05,22.36,22.46,21.86,22.19,9627374,34.14,34.3,33.38,33.88,6305000,2025-12-30T03:45:15Z
MDT,2009-02-06,21.87,22.58,21.64,22.33,15062848,33.39,34.48,33.04,34.1,9864700,2025-12-30T03:45:15Z
MDT,2009-02-09,21.7,22.13,21.53,21.88,10428432,33.13,33.79,32.87,33.41,6829600,2025-12-30T03:45:15Z
MDT,2009-02-10,21.05,21.7,20.94,21.57,14491905,32.14,33.13,31.97,32.94,9490800,2025-12-30T03:45:15Z
MDT,2009-02-11,21.28,21.55,20.99,21.19,11203974,32.5,32.91,32.05,32.36,7337500,2025-12-30T03:45:15Z
MDT,2009-02-12,21.48,21.56,20.73,21.02,15311439,32.8,32.92,31.66,32.1,10027500,2025-12-30T03:45:15Z
MDT,2009-02-13,21.49,21.7,20.83,20.83,14239492,32.81,33.13,31.81,31.81,9325500,2025-12-30T03:45:15Z
MDT,2009-02-17,22.63,23.18,21.96,22.01,24548725,34.56,35.39,33.53,33.61,16077000,2025-12-30T03:45:15Z
MDT,2009-02-18,22.48,23.01,22.33,22.73,13301066,34.33,35.14,34.1,34.71,8710900,2025-12-30T03:45:15Z
MDT,2009-02-19,22.35,22.88,22.27,22.62,13276798,34.13,34.94,34.01,34.54,8695000,2025-12-30T03:45:15Z
MDT,2009-02-20,22.27,22.51,21.4,21.4,17854095,34,34.37,32.68,32.68,11692700,2025-12-30T03:45:15Z
MDT,2009-02-23,22.28,22.9,21.96,22.42,14286696,34.02,34.97,33.54,34.23,9356400,2025-12-30T03:45:15Z
MDT,2009-02-24,22.61,22.67,22.18,22.36,14316961,34.52,34.61,33.87,34.15,9376200,2025-12-30T03:45:15Z
MDT,2009-02-25,22.18,22.59,22.06,22.54,14414969,33.86,34.5,33.68,34.42,9440400,2025-12-30T03:45:15Z
MDT,2009-02-26,20.83,22.58,20.81,22.33,17904039,31.8,34.48,31.78,34.09,11725400,2025-12-30T03:45:15Z
MDT,2009-02-27,19.38,20.66,19.33,20.45,24091177,29.59,31.55,29.52,31.23,15777400,2025-12-30T03:45:15Z
MDT,2009-03-02,17.83,19.16,17.78,19.16,25742828,27.22,29.26,27.15,29.26,16859000,2025-12-30T03:45:15Z
MDT,2009-03-03,17.6,18.07,17.47,18.06,18798654,26.88,27.59,26.68,27.57,12311300,2025-12-30T03:45:15Z
MDT,2009-03-04,17.33,17.96,17.28,17.96,21960547,26.46,27.42,26.39,27.42,14382000,2025-12-30T03:45:15Z
MDT,2009-03-05,16.87,17.24,16.71,17.12,16739122,25.76,26.32,25.51,26.14,10962500,2025-12-30T03:45:15Z
MDT,2009-03-06,16.32,17.05,16.24,16.98,22522700,24.92,26.03,24.8,25.92,14750200,2025-12-30T03:45:15Z
MDT,2009-03-09,15.97,16.21,15.76,16.02,23896567,24.38,24.75,24.06,24.46,15649900,2025-12-30T03:45:15Z
MDT,2009-03-10,16.33,16.48,15.85,16.11,22662484,24.93,25.17,24.2,24.6,14841700,2025-12-30T03:45:15Z
MDT,2009-03-11,16.9,17.58,16.39,16.46,24077759,25.8,26.85,25.03,25.14,15768600,2025-12-30T03:45:15Z
MDT,2009-03-12,17.79,17.86,16.82,16.9,15421337,27.16,27.27,25.68,25.81,10099500,2025-12-30T03:45:15Z
MDT,2009-03-13,18.72,18.76,17.88,17.99,17465054,28.58,28.64,27.3,27.47,11437900,2025-12-30T03:45:15Z
MDT,2009-03-16,18.55,19.05,18.3,18.34,12714132,28.32,29.08,27.95,28,8326500,2025-12-30T03:45:15Z
MDT,2009-03-17,18.65,18.85,18.19,18.59,17070455,28.47,28.78,27.78,28.39,11179500,2025-12-30T03:45:15Z
MDT,2009-03-18,19.14,19.52,18.55,18.59,15169280,29.23,29.81,28.32,28.38,9934400,2025-12-30T03:45:15Z
MDT,2009-03-19,18.25,19.33,18.02,19.33,13966989,27.87,29.52,27.51,29.52,9147000,2025-12-30T03:45:15Z
MDT,2009-03-20,18.18,18.38,17.96,18.33,16158735,27.76,28.06,27.43,27.99,10582400,2025-12-30T03:45:15Z
MDT,2009-03-23,19.44,19.46,18.28,18.45,14521059,29.69,29.72,27.91,28.17,9509900,2025-12-30T03:45:15Z
MDT,2009-03-24,19.26,19.8,19.16,19.27,9181511,29.41,30.23,29.26,29.43,6013000,2025-12-30T03:45:15Z
MDT,2009-03-25,18.61,19.44,18.34,19.42,16303215,28.42,29.68,28,29.65,10677000,2025-12-30T03:45:15Z
MDT,2009-03-26,19.14,19.16,18.43,18.78,15319379,29.23,29.26,28.14,28.68,10032700,2025-12-30T03:45:15Z
MDT,2009-03-27,18.85,19.12,18.78,18.92,8759316,28.78,29.19,28.67,28.89,5736500,2025-12-30T03:45:15Z
MDT,2009-03-30,19.01,19.14,18.34,18.59,9802842,29.03,29.23,28,28.38,6419900,2025-12-30T03:45:15Z
MDT,2009-03-31,19.3,19.63,18.97,19.15,11067435,29.47,29.98,28.97,29.24,7248100,2025-12-30T03:45:15Z
MDT,2009-04-01,19.5,19.57,18.96,19.04,10349457,29.58,29.69,28.77,28.89,6821300,2025-12-30T03:45:15Z
MDT,2009-04-02,19.61,19.98,19.49,19.59,12505459,29.76,30.31,29.57,29.73,8242300,2025-12-30T03:45:15Z
MDT,2009-04-03,19.66,19.83,19.19,19.61,14074452,29.83,30.09,29.11,29.76,9276400,2025-12-30T03:45:15Z
MDT,2009-04-06,19.65,20.04,19.42,19.63,10922812,29.81,30.41,29.47,29.79,7199200,2025-12-30T03:45:15Z
MDT,2009-04-07,19.32,19.72,19.29,19.43,9380425,29.31,29.92,29.26,29.48,6182600,2025-12-30T03:45:15Z
MDT,2009-04-08,19.92,20.07,19.34,19.39,8946335,30.22,30.45,29.34,29.42,5896500,2025-12-30T03:45:15Z
MDT,2009-04-09,20.46,20.83,20.04,20.08,11349658,31.04,31.6,30.4,30.47,7480500,2025-12-30T03:45:15Z
MDT,2009-04-13,20.42,20.6,20.26,20.35,7739841,30.98,31.25,30.74,30.88,5101300,2025-12-30T03:45:15Z
MDT,2009-04-14,20.67,20.97,20.2,20.35,9119742,31.36,31.81,30.64,30.88,6010800,2025-12-30T03:45:15Z
MDT,2009-04-15,20.72,20.89,20.45,20.63,7361439,31.44,31.7,31.03,31.3,4851900,2025-12-30T03:45:15Z
MDT,2009-04-16,20.9,21.12,20.7,20.85,9630023,31.71,32.05,31.41,31.63,6347100,2025-12-30T03:45:15Z
MDT,2009-04-17,21.29,21.39,20.85,20.91,10281810,32.3,32.45,31.63,31.73,6776700,2025-12-30T03:45:15Z
MDT,2009-04-20,20.55,21.16,20.45,21.15,8173776,31.18,32.1,31.03,32.09,5387300,2025-12-30T03:45:15Z
MDT,2009-04-21,20.14,20.82,20.08,20.64,11739852,30.56,31.59,30.46,31.32,7737700,2025-12-30T03:45:15Z
MDT,2009-04-22,19.76,20.09,19.74,20.04,10992934,29.98,30.48,29.95,30.4,7245400,2025-12-30T03:45:15Z
MDT,2009-04-23,19.59,19.71,19.17,19.71,10693148,29.72,29.9,29.08,29.9,7047800,2025-12-30T03:45:15Z
MDT,2009-04-24,19.5,19.87,19.36,19.68,10904458,29.58,30.15,29.38,29.86,7187100,2025-12-30T03:45:15Z
MDT,2009-04-27,19.75,19.87,19.26,19.3,8342949,29.96,30.15,29.22,29.28,5498800,2025-12-30T03:45:15Z
MDT,2009-04-28,20.19,20.35,19.59,19.74,10260872,30.64,30.88,29.72,29.95,6762900,2025-12-30T03:45:15Z
MDT,2009-04-29,20.89,21.05,20.12,20.32,14156541,31.7,31.94,30.53,30.83,9330500,2025-12-30T03:45:15Z
MDT,2009-04-30,21.09,21.41,20.96,21.12,13661420,32,32.48,31.8,32.05,9004200,2025-12-30T03:45:15Z
MDT,2009-05-01,21.2,21.23,20.85,21.2,7958789,32.16,32.21,31.63,32.17,5245600,2025-12-30T03:45:15Z
MDT,2009-05-04,21.82,21.82,21.23,21.24,10094725,33.1,33.11,32.21,32.23,6653400,2025-12-30T03:45:15Z
MDT,2009-05-05,21.34,21.88,21.19,21.8,9479208,32.38,33.2,32.15,33.07,6247700,2025-12-30T03:45:15Z
MDT,2009-05-06,21.2,21.5,21,21.39,9011137,32.17,32.62,31.86,32.46,5939200,2025-12-30T03:45:15Z
MDT,2009-05-07,22.3,22.36,20.92,21.39,17347251,33.84,33.93,31.74,32.45,11433500,2025-12-30T03:45:15Z
MDT,2009-05-08,22.55,22.79,21.91,22.46,12319279,34.22,34.58,33.25,34.08,8119600,2025-12-30T03:45:15Z
MDT,2009-05-11,22.07,22.48,21.93,22.48,8898107,33.49,34.11,33.27,34.1,5864700,2025-12-30T03:45:15Z
MDT,2009-05-12,22.44,22.47,21.8,22.2,9655202,34.05,34.09,33.07,33.69,6363700,2025-12-30T03:45:15Z
MDT,2009-05-13,21.91,22.48,21.8,22.48,9477545,33.25,34.11,33.08,34.11,6246600,2025-12-30T03:45:15Z
MDT,2009-05-14,22.14,22.36,21.91,22.18,7528809,33.59,33.93,33.25,33.66,4962200,2025-12-30T03:45:15Z
MDT,2009-05-15,22.01,22.17,21.7,22.09,9292427,33.4,33.64,32.93,33.51,6124600,2025-12-30T03:45:15Z
MDT,2009-05-18,22.38,22.55,21.84,22.5,10825130,33.96,34.21,33.14,34.14,7134800,2025-12-30T03:45:15Z
MDT,2009-05-19,20.93,22.08,20.45,22.06,37994141,31.76,33.5,31.02,33.47,25041800,2025-12-30T03:45:15Z
MDT,2009-05-20,21.22,21.64,20.91,21.08,19495035,32.19,32.84,31.72,31.99,12849100,2025-12-30T03:45:15Z
MDT,2009-05-21,21.08,21.21,20.93,21.09,14248442,31.99,32.18,31.76,32,9391100,2025-12-30T03:45:15Z
MDT,2009-05-22,21.18,21.49,21.08,21.16,8731827,32.14,32.6,31.99,32.11,5755100,2025-12-30T03:45:15Z
MDT,2009-05-26,22.11,22.13,20.97,21.22,19390321,33.55,33.57,31.82,32.19,12780100,2025-12-30T03:45:15Z
MDT,2009-05-27,22.25,22.44,21.93,22.06,20547214,33.76,34.05,33.27,33.47,13542600,2025-12-30T03:45:15Z
MDT,2009-05-28,22.41,22.74,22.09,22.23,19246330,34,34.5,33.52,33.73,12685200,2025-12-30T03:45:15Z
MDT,2009-05-29,22.64,22.68,22.14,22.46,10330382,34.35,34.41,33.59,34.08,6808700,2025-12-30T03:45:15Z
MDT,2009-06-01,23,23.06,22.54,22.84,15530178,34.9,34.99,34.19,34.66,10235900,2025-12-30T03:45:15Z
MDT,2009-06-02,23.62,23.76,22.78,23.07,16839283,35.83,36.05,34.56,35,11098700,2025-12-30T03:45:15Z
MDT,2009-06-03,23.19,23.56,23.07,23.56,13622743,35.19,35.75,35,35.75,8978700,2025-12-30T03:45:15Z
MDT,2009-06-04,22.49,23.26,22.3,23.26,16441577,34.12,35.29,33.84,35.29,10836600,2025-12-30T03:45:15Z
MDT,2009-06-05,22.38,22.76,22.19,22.54,12548556,33.95,34.53,33.67,34.2,8270700,2025-12-30T03:45:15Z
MDT,2009-06-08,22.22,22.5,21.93,22.41,8912820,33.72,34.13,33.27,34,5874400,2025-12-30T03:45:15Z
MDT,2009-06-09,22.46,22.55,22.28,22.34,7643800,34.08,34.22,33.81,33.9,5038000,2025-12-30T03:45:15Z
MDT,2009-06-10,22.18,22.74,21.95,22.56,12168475,33.65,34.5,33.3,34.23,8020200,2025-12-30T03:45:15Z
MDT,2009-06-11,22.24,22.42,21.89,22.16,13449483,33.74,34.02,33.22,33.62,8864500,2025-12-30T03:45:15Z
MDT,2009-06-12,22.16,22.3,21.9,22.16,9552328,33.62,33.83,33.23,33.62,6295900,2025-12-30T03:45:15Z
MDT,2009-06-15,21.2,21.94,21.14,21.94,12605912,32.17,33.29,32.07,33.29,8308500,2025-12-30T03:45:15Z
MDT,2009-06-16,21.35,21.8,21.18,21.31,8833015,32.39,33.07,32.13,32.33,5821800,2025-12-30T03:45:15Z
MDT,2009-06-17,21.7,22.01,21.3,21.34,7179237,32.93,33.4,32.32,32.37,4731800,2025-12-30T03:45:15Z
MDT,2009-06-18,21.98,22.22,21.61,21.7,10212905,33.35,33.71,32.78,32.92,6731300,2025-12-30T03:45:15Z
MDT,2009-06-19,22.38,22.69,22.15,22.18,13512749,33.96,34.42,33.61,33.65,8906200,2025-12-30T03:45:15Z
MDT,2009-06-22,21.88,22.24,21.85,22.24,11929670,33.19,33.75,33.15,33.75,7862800,2025-12-30T03:45:15Z
MDT,2009-06-23,21.99,22.54,21.84,22.24,14452392,33.37,34.19,33.13,33.75,9525500,2025-12-30T03:45:15Z
MDT,2009-06-24,22.15,22.32,21.94,22.09,9125687,33.61,33.87,33.29,33.51,6014700,2025-12-30T03:45:15Z
MDT,2009-06-25,22.88,23.02,22.04,22.15,9782647,34.72,34.92,33.44,33.6,6447700,2025-12-30T03:45:15Z
MDT,2009-06-26,23.05,23.14,22.3,22.84,12880210,34.97,35.11,33.83,34.66,8489300,2025-12-30T03:45:15Z
MDT,2009-06-29,22.93,23.08,22.61,23.05,9982438,34.79,35.02,34.31,34.97,6579400,2025-12-30T03:45:15Z
MDT,2009-06-30,23,23,22.67,22.86,11036005,34.89,34.9,34.4,34.68,7273800,2025-12-30T03:45:15Z
MDT,2009-07-01,22.88,23.05,22.65,23.05,7633493,34.71,34.97,34.36,34.97,5031200,2025-12-30T03:45:15Z
MDT,2009-07-02,22.58,23.01,22.3,22.92,9101719,34.26,34.91,33.84,34.78,5998900,2025-12-30T03:45:15Z
MDT,2009-07-06,22.38,22.74,22.22,22.55,6836788,33.96,34.5,33.71,34.21,4506100,2025-12-30T03:45:15Z
MDT,2009-07-07,21.98,22.47,21.91,22.39,6772442,33.35,34.09,33.25,33.97,4463700,2025-12-30T03:45:15Z
MDT,2009-07-08,21.77,22.23,21.69,22.08,9689041,32.82,33.52,32.7,33.29,6425500,2025-12-30T03:45:15Z
MDT,2009-07-09,21.71,21.88,21.47,21.88,6446447,32.73,32.99,32.38,32.99,4275100,2025-12-30T03:45:15Z
MDT,2009-07-10,21.75,21.99,21.52,21.69,7756941,32.8,33.16,32.45,32.7,5144200,2025-12-30T03:45:15Z
MDT,2009-07-13,22.18,22.24,21.67,21.84,6246787,33.44,33.54,32.68,32.93,4142700,2025-12-30T03:45:15Z
MDT,2009-07-14,22.38,22.43,22.04,22.16,7325234,33.75,33.82,33.24,33.42,4857900,2025-12-30T03:45:15Z
MDT,2009-07-15,22.91,22.92,22.3,22.5,9088124,34.54,34.56,33.63,33.93,6027000,2025-12-30T03:45:15Z
MDT,2009-07-16,22.97,23.09,22.75,22.83,7601791,34.64,34.82,34.3,34.43,5041300,2025-12-30T03:45:15Z
MDT,2009-07-17,22.99,23.14,22.88,22.93,7887536,34.67,34.89,34.5,34.57,5230800,2025-12-30T03:45:15Z
MDT,2009-07-20,23.05,23.28,22.81,23.04,8537915,34.75,35.11,34.4,34.74,5662100,2025-12-30T03:45:15Z
MDT,2009-07-21,23.22,23.44,23,23.18,5394366,35.01,35.35,34.68,34.96,3577400,2025-12-30T03:45:15Z
MDT,2009-07-22,22.61,23.3,22.5,23.15,9287196,34.09,35.14,33.93,34.91,6159000,2025-12-30T03:45:15Z
MDT,2009-07-23,22.8,23.12,22.62,22.63,10928213,34.38,34.87,34.11,34.13,7247300,2025-12-30T03:45:15Z
MDT,2009-07-24,23.24,23.26,22.71,22.74,6954900,35.05,35.08,34.24,34.29,4612300,2025-12-30T03:45:15Z
MDT,2009-07-27,23.09,23.36,22.84,23.29,10106134,34.81,35.22,34.44,35.12,6702100,2025-12-30T03:45:15Z
MDT,2009-07-28,23.09,23.22,22.97,23.02,9407945,34.82,35.01,34.64,34.71,6239100,2025-12-30T03:45:15Z
MDT,2009-07-29,23.2,23.21,22.83,23.01,8039226,34.98,35,34.42,34.7,5331400,2025-12-30T03:45:15Z
MDT,2009-07-30,23.45,23.62,23.09,23.42,9592518,35.36,35.62,34.82,35.31,6361500,2025-12-30T03:45:15Z
MDT,2009-07-31,23.49,23.84,23.41,23.47,10014877,35.42,35.95,35.3,35.39,6641600,2025-12-30T03:45:15Z
MDT,2009-08-03,23.82,23.84,23.33,23.69,9785821,35.92,35.95,35.18,35.72,6489700,2025-12-30T03:45:15Z
MDT,2009-08-04,24.01,24.11,23.63,23.8,9734288,36.2,36.35,35.63,35.88,6455500,2025-12-30T03:45:15Z
MDT,2009-08-05,23.89,24.11,23.58,23.99,7656521,36.02,36.35,35.56,36.17,5077600,2025-12-30T03:45:15Z
MDT,2009-08-06,23.6,23.99,23.36,23.88,6227785,35.58,36.18,35.22,36.01,4130100,2025-12-30T03:45:15Z
MDT,2009-08-07,23.7,23.88,23.6,23.72,6040950,35.73,36.01,35.59,35.77,4006200,2025-12-30T03:45:15Z
MDT,2009-08-10,24.29,24.3,23.63,23.67,7627279,36.63,36.65,35.63,35.69,5058200,2025-12-30T03:45:15Z
MDT,2009-08-11,24.24,24.53,24.16,24.19,7373331,36.55,36.99,36.43,36.48,4889800,2025-12-30T03:45:15Z
MDT,2009-08-12,24.5,24.68,24.01,24.17,8138905,36.94,37.22,36.2,36.45,5397500,2025-12-30T03:45:15Z
MDT,2009-08-13,24.23,24.56,24.11,24.56,7682623,36.54,37.04,36.36,37.04,5094900,2025-12-30T03:45:15Z
MDT,2009-08-14,24.54,24.62,24.27,24.3,8775096,37.01,37.13,36.59,36.65,5819400,2025-12-30T03:45:15Z
MDT,2009-08-17,24.55,24.75,24.39,24.43,7276551,37.02,37.32,36.77,36.84,4825600,2025-12-30T03:45:15Z
MDT,2009-08-18,24.25,24.64,24.07,24.64,6623009,36.56,37.15,36.3,37.15,4392200,2025-12-30T03:45:15Z
MDT,2009-08-19,24.56,24.65,24.09,24.09,9888532,37.04,37.17,36.32,36.32,6557800,2025-12-30T03:45:15Z
MDT,2009-08-20,24.96,25.04,24.48,24.71,6329871,37.63,37.75,36.92,37.26,4197800,2025-12-30T03:45:15Z
MDT,2009-08-21,25.07,25.5,24.64,25.17,14834613,37.8,38.45,37.15,37.95,9837900,2025-12-30T03:45:15Z
MDT,2009-08-24,25.2,25.28,24.95,25.21,9648603,38,38.12,37.63,38.02,6398700,2025-12-30T03:45:15Z
MDT,2009-08-25,25.11,25.3,24.73,24.75,15635003,37.86,38.15,37.29,37.32,10368700,2025-12-30T03:45:15Z
MDT,2009-08-26,25.31,25.5,25.03,25.03,11762547,38.17,38.45,37.74,37.74,7800600,2025-12-30T03:45:15Z
MDT,2009-08-27,25.85,25.88,25.24,25.24,10546411,38.98,39.02,38.06,38.06,6994100,2025-12-30T03:45:15Z
MDT,2009-08-28,25.64,26,25.28,25.97,8846258,38.67,39.21,38.12,39.16,5866600,2025-12-30T03:45:15Z
MDT,2009-08-31,25.4,25.71,25.1,25.64,8476529,38.3,38.77,37.85,38.67,5621400,2025-12-30T03:45:15Z
MDT,2009-09-01,25.1,25.74,24.94,25.38,15221817,37.85,38.82,37.61,38.27,10094700,2025-12-30T03:45:15Z
MDT,2009-09-02,25.29,25.5,24.98,25.1,8164541,38.14,38.45,37.67,37.85,5414500,2025-12-30T03:45:15Z
MDT,2009-09-03,25.25,25.43,24.91,25.43,7454162,38.07,38.34,37.56,38.34,4943400,2025-12-30T03:45:15Z
MDT,2009-09-04,25.67,25.75,25.17,25.22,6434677,38.71,38.83,37.95,38.03,4267300,2025-12-30T03:45:15Z
MDT,2009-09-08,25.55,25.83,25.3,25.83,11026092,38.52,38.95,38.15,38.95,7312200,2025-12-30T03:45:15Z
MDT,2009-09-09,25.9,26.12,25.55,25.55,6730983,39.06,39.39,38.52,38.53,4463800,2025-12-30T03:45:15Z
MDT,2009-09-10,25.87,26.06,25.57,25.92,7506631,39.01,39.29,38.56,39.08,4978200,2025-12-30T03:45:15Z
MDT,2009-09-11,25.13,25.9,25.12,25.82,16039441,37.9,39.05,37.88,38.93,10636900,2025-12-30T03:45:15Z
MDT,2009-09-14,25.62,25.65,24.77,25.11,12308554,38.64,38.68,37.35,37.86,8162700,2025-12-30T03:45:15Z
MDT,2009-09-15,25.31,25.7,25.07,25.66,9003978,38.16,38.76,37.81,38.69,5971200,2025-12-30T03:45:15Z
MDT,2009-09-16,25.1,25.33,24.76,25.32,9716769,37.85,38.2,37.34,38.18,6443900,2025-12-30T03:45:15Z
MDT,2009-09-17,25.11,25.31,24.78,25.04,9933178,37.87,38.17,37.37,37.75,6587400,2025-12-30T03:45:15Z
MDT,2009-09-18,24.84,25.21,24.77,25.11,14655939,37.46,38.01,37.35,37.86,9719400,2025-12-30T03:45:15Z
MDT,2009-09-21,24.86,24.94,24.65,24.73,7140828,37.48,37.61,37.17,37.29,4735600,2025-12-30T03:45:15Z
MDT,2009-09-22,24.77,24.91,24.46,24.89,12342938,37.35,37.57,36.88,37.53,8185500,2025-12-30T03:45:15Z
MDT,2009-09-23,24.44,24.86,24.41,24.8,8384407,36.86,37.49,36.81,37.4,5560300,2025-12-30T03:45:15Z
MDT,2009-09-24,24.42,24.65,24.26,24.53,6333197,36.82,37.17,36.58,36.99,4200000,2025-12-30T03:45:15Z
MDT,2009-09-25,24.4,24.58,24.23,24.42,7118213,36.79,37.06,36.53,36.82,4720600,2025-12-30T03:45:15Z
MDT,2009-09-28,24.86,25.04,24.4,24.46,6626934,37.48,37.75,36.79,36.89,4394800,2025-12-30T03:45:15Z
MDT,2009-09-29,24.63,24.98,24.59,24.88,6005231,37.14,37.67,37.08,37.51,3982500,2025-12-30T03:45:15Z
MDT,2009-09-30,24.4,24.72,24.13,24.72,10337904,36.8,37.28,36.38,37.27,6855800,2025-12-30T03:45:15Z
MDT,2009-10-01,24.35,24.5,24.11,24.39,12183252,36.72,36.95,36.36,36.77,8079600,2025-12-30T03:45:15Z
MDT,2009-10-02,24.18,24.38,24.03,24.08,7337749,36.46,36.76,36.24,36.31,4866200,2025-12-30T03:45:15Z
MDT,2009-10-05,24.17,24.26,23.81,24.26,8089763,36.45,36.58,35.91,36.58,5364900,2025-12-30T03:45:15Z
MDT,2009-10-06,24,24.02,23.37,23.41,24104900,36.19,36.22,35.24,35.3,15985700,2025-12-30T03:45:15Z
MDT,2009-10-07,24.57,24.6,23.84,24.08,10917132,36.84,36.88,35.75,36.11,7281200,2025-12-30T03:45:15Z
MDT,2009-10-08,24.62,25.02,24.48,24.5,11635966,36.91,37.52,36.71,36.73,7760600,2025-12-30T03:45:15Z
MDT,2009-10-09,24.81,24.86,24.6,24.65,6594181,37.2,37.28,36.88,36.96,4398000,2025-12-30T03:45:15Z
MDT,2009-10-12,24.63,24.86,24.53,24.79,7127810,36.93,37.28,36.78,37.17,4753900,2025-12-30T03:45:15Z
MDT,2009-10-13,24.68,24.89,24.53,24.54,11618388,37,37.32,36.78,36.8,7748900,2025-12-30T03:45:15Z
MDT,2009-10-14,24.66,24.8,24.58,24.74,11378487,36.97,37.19,36.85,37.09,7588900,2025-12-30T03:45:15Z
MDT,2009-10-15,24.7,24.75,24.44,24.56,15421714,37.04,37.11,36.65,36.83,10285500,2025-12-30T03:45:15Z
MDT,2009-10-16,24.96,25.03,24.54,24.74,12169112,37.42,37.53,36.79,37.1,8116200,2025-12-30T03:45:15Z
MDT,2009-10-19,25.34,25.39,24.96,25.02,11446149,37.99,38.07,37.42,37.51,7634000,2025-12-30T03:45:15Z
MDT,2009-10-20,24.44,25.01,24.37,25.01,19955782,36.65,37.5,36.54,37.5,13309500,2025-12-30T03:45:15Z
MDT,2009-10-21,24.41,24.96,24.39,24.47,10631667,36.6,37.42,36.57,36.69,7090800,2025-12-30T03:45:15Z
MDT,2009-10-22,24.83,24.92,24.26,24.39,8693437,37.23,37.37,36.38,36.57,5798100,2025-12-30T03:45:15Z
MDT,2009-10-23,24.26,24.83,24.22,24.75,12186356,36.37,37.23,36.32,37.11,8127700,2025-12-30T03:45:15Z
MDT,2009-10-26,24.19,24.57,24.05,24.28,7436832,36.27,36.84,36.06,36.41,4960000,2025-12-30T03:45:15Z
MDT,2009-10-27,24.25,24.46,24.01,24.26,9327686,36.36,36.68,36,36.37,6221100,2025-12-30T03:45:15Z
MDT,2009-10-28,24.03,24.4,24.03,24.18,8118002,36.03,36.58,36.03,36.26,5414300,2025-12-30T03:45:15Z
MDT,2009-10-29,24.19,24.22,23.73,24.04,8388776,36.27,36.32,35.58,36.04,5594900,2025-12-30T03:45:15Z
MDT,2009-10-30,23.81,24.44,23.77,24.1,10224610,35.7,36.65,35.64,36.14,6819300,2025-12-30T03:45:15Z
MDT,2009-11-02,24.09,24.21,23.79,23.83,8034945,36.12,36.3,35.67,35.73,5358900,2025-12-30T03:45:15Z
MDT,2009-11-03,24,24.25,23.79,24.09,6575164,35.99,36.36,35.67,36.12,4385300,2025-12-30T03:45:15Z
MDT,2009-11-04,24.38,24.6,23.95,23.98,7710929,36.55,36.88,35.91,35.95,5142800,2025-12-30T03:45:15Z
MDT,2009-11-05,25.62,25.67,24.86,24.92,13705233,38.42,38.49,37.28,37.36,9140700,2025-12-30T03:45:15Z
MDT,2009-11-06,25.32,25.66,25.2,25.59,8475745,37.97,38.48,37.79,38.37,5652900,2025-12-30T03:45:15Z
MDT,2009-11-09,26.2,26.22,25.4,25.53,10901264,39.28,39.32,38.09,38.28,7270600,2025-12-30T03:45:15Z
MDT,2009-11-10,26.38,26.64,26.19,26.24,8498979,39.55,39.95,39.27,39.35,5668400,2025-12-30T03:45:15Z
MDT,2009-11-11,26.74,26.8,26.45,26.46,10993625,40.1,40.18,39.66,39.67,7332200,2025-12-30T03:45:15Z
MDT,2009-11-12,26.56,26.81,26.43,26.59,7631761,39.83,40.2,39.62,39.87,5090000,2025-12-30T03:45:15Z
MDT,2009-11-13,26.32,26.73,26.23,26.54,7097069,39.46,40.08,39.33,39.79,4733400,2025-12-30T03:45:15Z
MDT,2009-11-16,26.73,26.82,26.34,26.41,7119263,40.08,40.22,39.49,39.59,4748200,2025-12-30T03:45:15Z
MDT,2009-11-17,26.81,26.81,26.19,26.27,10038980,40.2,40.2,39.27,39.38,6695500,2025-12-30T03:45:15Z
MDT,2009-11-18,26.48,26.75,26.34,26.61,7743754,39.71,40.1,39.5,39.9,5164700,2025-12-30T03:45:15Z
MDT,2009-11-19,26.42,26.49,26.11,26.45,5344176,39.61,39.72,39.15,39.66,3564300,2025-12-30T03:45:15Z
MDT,2009-11-20,26.42,26.64,26.27,26.41,7575818,39.62,39.94,39.38,39.59,5052700,2025-12-30T03:45:15Z
MDT,2009-11-23,26.88,26.98,26.52,26.52,8418458,40.31,40.46,39.76,39.76,5614700,2025-12-30T03:45:15Z
MDT,2009-11-24,28.85,29.11,26.89,28.5,34744418,43.25,43.65,40.31,42.73,23172800,2025-12-30T03:45:15Z
MDT,2009-11-25,28.8,29,28.54,28.64,8869330,43.18,43.48,42.79,42.95,5915400,2025-12-30T03:45:15Z
MDT,2009-11-27,28.67,28.83,28.07,28.29,4508131,42.99,43.22,42.08,42.42,3006700,2025-12-30T03:45:15Z
MDT,2009-11-30,28.31,28.53,28.03,28.46,11369500,42.44,42.77,42.03,42.67,7582900,2025-12-30T03:45:15Z
MDT,2009-12-01,28.47,28.64,28.2,28.48,9745856,42.69,42.95,42.28,42.7,6500000,2025-12-30T03:45:15Z
MDT,2009-12-02,29.09,29.13,28.36,28.36,12643508,43.62,43.67,42.53,42.53,8432600,2025-12-30T03:45:15Z
MDT,2009-12-03,28.76,29.29,28.71,29.17,9534442,43.12,43.92,43.04,43.73,6359000,2025-12-30T03:45:15Z
MDT,2009-12-04,28.72,29.13,28.51,28.93,9534886,43.06,43.68,42.74,43.37,6359300,2025-12-30T03:45:15Z
MDT,2009-12-07,28.72,29.18,28.69,28.69,7843157,43.06,43.75,43.02,43.02,5231000,2025-12-30T03:45:15Z
MDT,2009-12-08,28.54,28.82,28.28,28.68,9543441,42.79,43.21,42.4,43,6365000,2025-12-30T03:45:15Z
MDT,2009-12-09,28.57,28.62,28.17,28.61,6932738,42.84,42.91,42.24,42.89,4623800,2025-12-30T03:45:15Z
MDT,2009-12-10,28.89,28.97,28.57,28.61,9843308,43.32,43.43,42.83,42.89,6565000,2025-12-30T03:45:15Z
MDT,2009-12-11,29,29.29,28.89,29.01,6569004,43.48,43.92,43.32,43.49,4381200,2025-12-30T03:45:15Z
MDT,2009-12-14,29.26,29.53,29.12,29.12,7840766,43.87,44.27,43.66,43.66,5229400,2025-12-30T03:45:15Z
MDT,2009-12-15,29.26,29.35,28.92,29.15,6787164,43.87,44.01,43.36,43.7,4526700,2025-12-30T03:45:15Z
MDT,2009-12-16,29.08,29.45,29.06,29.31,6273487,43.6,44.15,43.57,43.94,4184100,2025-12-30T03:45:15Z
