ticker,tradeDate,clsPx,hiPx,loPx,open,stockVolume,unadjClsPx,unadjHiPx,unadjLoPx,unadjOpen,unadjStockVolume,updatedAt
META,2012-05-18,37.96,44.69,37.74,41.76,584643370,38.23,45,38,42.05,580587776,2025-12-19T03:47:25Z
META,2012-05-21,33.79,36.41,32.77,36.28,169485684,34.03,36.66,33,36.53,168309792,2025-12-19T03:47:25Z
META,2012-05-22,30.79,33.36,30.73,32.38,102766533,31,33.59,30.94,32.61,102053800,2025-12-19T03:47:25Z
META,2012-05-23,31.78,32.28,31.14,31.15,74236117,32,32.5,31.36,31.37,73721104,2025-12-19T03:47:25Z
META,2012-05-24,32.8,32.98,31.55,32.72,50626955,33.03,33.21,31.77,32.95,50275800,2025-12-19T03:47:25Z
META,2012-05-25,31.69,32.72,30.89,32.67,37449433,31.91,32.95,31.11,32.9,37189600,2025-12-19T03:47:25Z
META,2012-05-29,28.64,31.47,28.45,31.26,78606191,28.84,31.69,28.65,31.48,78060800,2025-12-19T03:47:25Z
META,2012-05-30,27.99,29.35,27.67,28.49,57667731,28.19,29.55,27.86,28.69,57267800,2025-12-19T03:47:25Z
META,2012-05-31,29.39,29.46,26.64,28.35,112418924,29.6,29.67,26.83,28.55,111639200,2025-12-19T03:47:25Z
META,2012-06-01,27.53,28.95,27.2,28.69,42147787,27.72,29.15,27.39,28.89,41855400,2025-12-19T03:47:25Z
META,2012-06-04,26.71,27.46,26.26,27.01,35476291,26.9,27.65,26.44,27.2,35230200,2025-12-19T03:47:25Z
META,2012-06-05,25.69,27.57,25.57,26.52,42769961,25.87,27.76,25.75,26.7,42473200,2025-12-19T03:47:25Z
META,2012-06-06,26.62,26.98,25.34,25.89,61905176,26.81,27.17,25.52,26.07,61475700,2025-12-19T03:47:25Z
META,2012-06-07,26.13,27.16,25.97,26.81,26343229,26.31,27.35,26.15,27,26160500,2025-12-19T03:47:25Z
META,2012-06-08,26.91,27.57,26.26,26.37,38270793,27.1,27.76,26.44,26.55,38005300,2025-12-19T03:47:25Z
META,2012-06-11,26.81,27.88,26.64,26.99,28422970,27,28.07,26.83,27.18,28225800,2025-12-19T03:47:25Z
META,2012-06-12,27.21,27.58,26.77,27.29,15932942,27.4,27.77,26.96,27.48,15822400,2025-12-19T03:47:25Z
META,2012-06-13,27.08,27.91,26.91,27.47,17238199,27.27,28.1,27.1,27.66,17118600,2025-12-19T03:47:25Z
META,2012-06-14,28.09,28.12,27.19,27.46,16971805,28.29,28.32,27.38,27.65,16854100,2025-12-19T03:47:25Z
META,2012-06-15,29.8,29.89,28.15,28.3,43868044,30.01,30.1,28.35,28.5,43563700,2025-12-19T03:47:25Z
META,2012-06-18,31.19,31.86,29.21,29.74,43278432,31.41,32.08,29.41,29.95,42978200,2025-12-19T03:47:25Z
META,2012-06-19,31.69,31.96,30.49,31.31,31064433,31.91,32.18,30.7,31.53,30848900,2025-12-19T03:47:25Z
META,2012-06-20,31.38,31.71,30.93,31.7,15667581,31.6,31.93,31.15,31.92,15558900,2025-12-19T03:47:25Z
META,2012-06-21,31.62,32.28,31.29,31.45,22028025,31.84,32.5,31.51,31.67,21875200,2025-12-19T03:47:25Z
META,2012-06-22,32.82,33.22,31.84,32.19,75356723,33.05,33.45,32.06,32.41,74833904,2025-12-19T03:47:25Z
META,2012-06-25,31.84,32.79,31.33,32.63,24522915,32.06,33.02,31.55,32.86,24352800,2025-12-19T03:47:25Z
META,2012-06-26,32.87,33.21,32.28,32.46,25032237,33.1,33.44,32.5,32.69,24858600,2025-12-19T03:47:25Z
META,2012-06-27,32.01,32.67,31.68,32.24,28799297,32.23,32.9,31.9,32.46,28599500,2025-12-19T03:47:25Z
META,2012-06-28,31.14,31.97,30.69,31.74,17836909,31.36,32.19,30.9,31.96,17713200,2025-12-19T03:47:25Z
META,2012-06-29,30.87,31.77,30.55,31.7,19663221,31.09,31.99,30.76,31.92,19526800,2025-12-19T03:47:25Z
META,2012-07-02,30.56,31.51,30.34,31.03,14230090,30.77,31.73,30.55,31.25,14131400,2025-12-19T03:47:25Z
META,2012-07-03,30.98,31.22,30.59,30.7,8826620,31.2,31.44,30.8,30.91,8765400,2025-12-19T03:47:25Z
META,2012-07-05,31.25,31.41,30.81,31.06,10106708,31.47,31.63,31.02,31.28,10036600,2025-12-19T03:47:25Z
META,2012-07-06,31.51,31.68,31.04,31.22,11025480,31.73,31.9,31.26,31.44,10949000,2025-12-19T03:47:25Z
META,2012-07-09,31.95,32.65,31.77,31.88,17909356,32.17,32.88,31.99,32.1,17785100,2025-12-19T03:47:25Z
META,2012-07-10,31.25,32.26,30.94,32.21,14376627,31.47,32.48,31.16,32.43,14276900,2025-12-19T03:47:25Z
META,2012-07-11,30.76,31.34,30.34,31.26,13118688,30.97,31.56,30.55,31.48,13027700,2025-12-19T03:47:25Z
META,2012-07-12,30.6,31.18,30.39,30.49,11385571,30.81,31.4,30.6,30.7,11306600,2025-12-19T03:47:25Z
META,2012-07-13,30.51,30.86,30.35,30.83,8174001,30.72,31.07,30.56,31.04,8117300,2025-12-19T03:47:25Z
META,2012-07-16,28.05,30.29,28.01,30.29,24844370,28.25,30.5,28.21,30.5,24672000,2025-12-19T03:47:25Z
META,2012-07-17,27.9,28.39,26.96,28.28,30651171,28.09,28.59,27.15,28.48,30438500,2025-12-19T03:47:25Z
META,2012-07-18,28.91,29.09,27.96,28.11,16959325,29.11,29.29,28.15,28.31,16841700,2025-12-19T03:47:25Z
META,2012-07-19,28.8,29.3,28.43,29.21,13780608,29,29.5,28.63,29.41,13685000,2025-12-19T03:47:25Z
META,2012-07-20,28.56,29.27,28.52,28.8,11951907,28.76,29.47,28.72,29,11869000,2025-12-19T03:47:25Z
META,2012-07-23,28.55,28.8,27.82,27.93,12480359,28.75,29,28.01,28.12,12393800,2025-12-19T03:47:25Z
META,2012-07-24,28.25,29.25,27.91,28.62,11620286,28.45,29.45,28.1,28.82,11539700,2025-12-19T03:47:25Z
META,2012-07-25,29.14,29.29,27.89,28.19,17350441,29.34,29.49,28.08,28.39,17230100,2025-12-19T03:47:25Z
META,2012-07-26,26.65,28.03,26.55,27.56,65048569,26.84,28.23,26.73,27.75,64597300,2025-12-19T03:47:25Z
META,2012-07-27,23.54,24.37,22.13,23.03,123958171,23.7,24.54,22.28,23.19,123098304,2025-12-19T03:47:25Z
META,2012-07-30,22.99,23.87,22.87,23.83,29490384,23.15,24.04,23.03,24,29285800,2025-12-19T03:47:25Z
META,2012-07-31,21.56,23.21,21.46,23.21,56571730,21.71,23.37,21.61,23.37,56179300,2025-12-19T03:47:25Z
META,2012-08-01,20.74,21.43,20.7,21.35,44915780,20.88,21.58,20.84,21.5,44604300,2025-12-19T03:47:25Z
META,2012-08-02,19.9,20.7,19.68,20.63,56768153,20.04,20.84,19.82,20.77,56374400,2025-12-19T03:47:25Z
META,2012-08-03,20.94,22.01,19.76,20.22,81210241,21.09,22.16,19.9,20.36,80646896,2025-12-19T03:47:25Z
META,2012-08-06,21.77,22,21.15,21.24,27972094,21.92,22.15,21.3,21.39,27778000,2025-12-19T03:47:25Z
META,2012-08-07,20.58,22.29,20.36,22.05,37039681,20.72,22.45,20.5,22.2,36782800,2025-12-19T03:47:25Z
META,2012-08-08,20.58,21,20.08,20.57,29743582,20.72,21.15,20.22,20.71,29537300,2025-12-19T03:47:25Z
META,2012-08-09,20.86,21.02,20.47,20.61,15727568,21.01,21.17,20.61,20.75,15618500,2025-12-19T03:47:25Z
META,2012-08-10,21.66,21.67,20.98,21.26,25974790,21.81,21.82,21.13,21.41,25794600,2025-12-19T03:47:25Z
META,2012-08-13,21.45,22.29,21.25,22,25147302,21.6,22.45,21.4,22.15,24972900,2025-12-19T03:47:25Z
META,2012-08-14,20.24,21.45,20.11,21.26,39583234,20.38,21.6,20.25,21.41,39308600,2025-12-19T03:47:25Z
META,2012-08-15,21.05,21.26,20.26,20.5,48195110,21.2,21.41,20.4,20.64,47860700,2025-12-19T03:47:25Z
META,2012-08-16,19.73,20.34,19.55,20.3,158655178,19.87,20.48,19.69,20.44,157554896,2025-12-19T03:47:25Z
META,2012-08-17,18.92,19.94,18.87,19.86,130196119,19.05,20.08,19,20,129293296,2025-12-19T03:47:25Z
META,2012-08-20,19.87,19.99,18.62,18.92,101893277,20.01,20.13,18.75,19.05,101186496,2025-12-19T03:47:25Z
META,2012-08-21,19.03,19.84,18.96,19.44,71133809,19.16,19.98,19.09,19.58,70640400,2025-12-19T03:47:25Z
META,2012-08-22,19.31,19.4,18.83,19.23,50240738,19.44,19.53,18.96,19.36,49892100,2025-12-19T03:47:25Z
META,2012-08-23,19.31,19.59,19.23,19.36,33042593,19.44,19.73,19.36,19.5,32813300,2025-12-19T03:47:25Z
META,2012-08-24,19.28,19.54,19.12,19.39,29828948,19.41,19.68,19.25,19.52,29622100,2025-12-19T03:47:25Z
META,2012-08-27,19.02,19.4,18.97,19.36,20848477,19.15,19.53,19.1,19.49,20703900,2025-12-19T03:47:25Z
META,2012-08-28,19.21,19.25,18.82,18.97,25603363,19.34,19.38,18.95,19.1,25425700,2025-12-19T03:47:25Z
META,2012-08-29,18.97,19.25,18.94,19.19,16237240,19.1,19.38,19.07,19.32,16124600,2025-12-19T03:47:25Z
META,2012-08-30,18.96,19.32,18.93,19.14,30861442,19.09,19.45,19.06,19.27,30647400,2025-12-19T03:47:25Z
META,2012-08-31,17.93,18.57,17.91,18.55,59174651,18.06,18.7,18.03,18.68,58764100,2025-12-19T03:47:25Z
META,2012-09-04,17.61,18.14,17.43,17.95,46947995,17.73,18.27,17.55,18.08,46622300,2025-12-19T03:47:25Z
META,2012-09-05,18.45,18.62,18.05,18.14,61206327,18.58,18.75,18.18,18.27,60781700,2025-12-19T03:47:25Z
META,2012-09-06,18.83,19.13,18.59,18.61,46388028,18.96,19.26,18.72,18.74,46066300,2025-12-19T03:47:25Z
META,2012-09-07,18.85,19.29,18.65,18.97,36625737,18.98,19.42,18.78,19.1,36371600,2025-12-19T03:47:25Z
META,2012-09-10,18.68,19.07,18.42,18.93,24970841,18.81,19.2,18.55,19.06,24797600,2025-12-19T03:47:25Z
META,2012-09-11,19.3,19.44,18.72,18.79,50860960,19.43,19.58,18.85,18.92,50508100,2025-12-19T03:47:25Z
META,2012-09-12,20.78,21.01,20.14,20.62,122433374,20.93,21.16,20.28,20.76,121584000,2025-12-19T03:47:25Z
META,2012-09-13,20.57,21.33,20.47,20.81,65495954,20.71,21.48,20.61,20.95,65041500,2025-12-19T03:47:25Z
META,2012-09-14,21.85,21.93,20.76,20.98,73328230,22,22.08,20.9,21.13,72819600,2025-12-19T03:47:25Z
META,2012-09-17,21.37,22.59,21.35,22.51,51020366,21.52,22.75,21.5,22.67,50666400,2025-12-19T03:47:25Z
META,2012-09-18,21.72,21.83,21.22,21.45,37017167,21.87,21.98,21.37,21.6,36760400,2025-12-19T03:47:25Z
META,2012-09-19,23.13,23.21,21.62,21.84,79333166,23.29,23.37,21.77,21.99,78782704,2025-12-19T03:47:25Z
META,2012-09-20,22.43,23.08,22.38,22.86,57648487,22.59,23.24,22.54,23.02,57248600,2025-12-19T03:47:25Z
META,2012-09-21,22.7,23.08,22.44,22.81,51575827,22.86,23.24,22.6,22.97,51218000,2025-12-19T03:47:25Z
META,2012-09-24,20.65,21.83,20.22,21.63,79657616,20.79,21.98,20.36,21.78,79105104,2025-12-19T03:47:25Z
META,2012-09-25,20.14,21.06,20.08,21.05,46615011,20.28,21.21,20.22,21.2,46291600,2025-12-19T03:47:25Z
META,2012-09-26,20.48,20.64,19.66,20.01,38539071,20.62,20.78,19.8,20.15,38271800,2025-12-19T03:47:25Z
META,2012-09-27,20.18,20.85,20.02,20.84,30426928,20.32,21,20.16,20.99,30215800,2025-12-19T03:47:25Z
META,2012-09-28,21.51,21.8,20.36,20.43,65943482,21.66,21.95,20.5,20.57,65485900,2025-12-19T03:47:25Z
META,2012-10-01,21.84,22.43,21.58,21.93,51620585,21.99,22.59,21.73,22.08,51262600,2025-12-19T03:47:25Z
META,2012-10-02,22.12,22.33,21.67,21.93,29546281,22.27,22.49,21.82,22.08,29341300,2025-12-19T03:47:25Z
META,2012-10-03,21.68,22.33,21.65,22.15,32223482,21.83,22.49,21.8,22.3,32000000,2025-12-19T03:47:25Z
META,2012-10-04,21.8,22.25,21.26,22.17,47222151,21.95,22.4,21.41,22.32,46894500,2025-12-19T03:47:25Z
META,2012-10-05,20.77,21.48,20.74,21.34,40812210,20.91,21.63,20.88,21.49,40529200,2025-12-19T03:47:25Z
META,2012-10-08,20.26,20.61,20.02,20.26,32461764,20.4,20.75,20.16,20.4,32236600,2025-12-19T03:47:25Z
META,2012-10-09,20.09,20.41,19.83,20.25,27351385,20.23,20.55,19.97,20.39,27161700,2025-12-19T03:47:25Z
META,2012-10-10,19.5,19.8,19.32,19.79,39596292,19.64,19.94,19.45,19.93,39321700,2025-12-19T03:47:25Z
META,2012-10-11,19.61,19.82,19.47,19.74,21969595,19.75,19.96,19.61,19.88,21817200,2025-12-19T03:47:25Z
META,2012-10-12,19.38,19.66,19.35,19.61,18940681,19.52,19.8,19.48,19.75,18809300,2025-12-19T03:47:25Z
META,2012-10-15,19.38,19.74,19.36,19.54,20330623,19.52,19.88,19.49,19.68,20189600,2025-12-19T03:47:25Z
META,2012-10-16,19.34,19.55,19.17,19.54,21987086,19.48,19.69,19.3,19.68,21834600,2025-12-19T03:47:25Z
META,2012-10-17,19.74,20.34,19.24,19.36,44382261,19.88,20.48,19.37,19.5,44074400,2025-12-19T03:47:25Z
META,2012-10-18,18.85,19.65,18.76,19.56,52521738,18.98,19.79,18.89,19.7,52157300,2025-12-19T03:47:25Z
META,2012-10-19,18.87,18.93,18.67,18.87,35078231,19,19.06,18.8,19,34834900,2025-12-19T03:47:25Z
META,2012-10-22,19.19,19.3,18.92,19.07,32673616,19.32,19.43,19.05,19.2,32447000,2025-12-19T03:47:25Z
META,2012-10-23,19.36,19.66,18.97,19.12,78928744,19.5,19.8,19.1,19.25,78381104,2025-12-19T03:47:25Z
META,2012-10-24,23.07,24.08,22.69,23.96,230547956,23.23,24.25,22.85,24.13,228949104,2025-12-19T03:47:25Z
META,2012-10-25,22.4,23.15,22.31,23.13,76673792,22.56,23.31,22.47,23.29,76141904,2025-12-19T03:47:25Z
META,2012-10-26,21.79,22.72,21.73,22.25,73771264,21.94,22.88,21.88,22.4,73259504,2025-12-19T03:47:25Z
META,2012-10-31,20.96,21.35,20.59,20.68,100072105,21.11,21.5,20.73,20.82,99378096,2025-12-19T03:47:25Z
META,2012-11-01,21.06,21.29,20.86,20.93,37977183,21.21,21.44,21.01,21.08,37713800,2025-12-19T03:47:25Z
META,2012-11-02,21.03,21.54,20.92,21.11,38612105,21.18,21.69,21.07,21.26,38344300,2025-12-19T03:47:25Z
META,2012-11-05,21.1,21.33,20.78,20.95,32028765,21.25,21.48,20.92,21.1,31806600,2025-12-19T03:47:25Z
META,2012-11-06,21.02,21.22,20.84,21.09,29265676,21.17,21.37,20.99,21.24,29062600,2025-12-19T03:47:25Z
META,2012-11-07,20.33,20.81,20.23,20.71,33629989,20.47,20.95,20.37,20.85,33396700,2025-12-19T03:47:25Z
META,2012-11-08,19.85,20.59,19.84,20.38,34493835,19.99,20.73,19.98,20.52,34254500,2025-12-19T03:47:25Z
META,2012-11-09,19.08,19.86,19,19.81,42590939,19.21,20,19.13,19.95,42295400,2025-12-19T03:47:25Z
META,2012-11-12,19.93,20.03,18.74,19.02,67819482,20.07,20.17,18.87,19.15,67349104,2025-12-19T03:47:25Z
META,2012-11-13,19.72,19.97,19.42,19.46,72276495,19.86,20.11,19.56,19.6,71775000,2025-12-19T03:47:25Z
META,2012-11-14,22.2,22.34,19.79,19.96,231355699,22.36,22.5,19.93,20.1,229750896,2025-12-19T03:47:25Z
META,2012-11-15,22.02,22.34,21.5,22.19,79408281,22.17,22.5,21.65,22.34,78857400,2025-12-19T03:47:25Z
META,2012-11-16,23.4,23.76,22.03,22.1,107930640,23.56,23.93,22.18,22.25,107182096,2025-12-19T03:47:25Z
META,2012-11-19,22.76,23.95,22.66,23.78,85615130,22.92,24.12,22.82,23.95,85021200,2025-12-19T03:47:25Z
META,2012-11-20,22.94,23.73,22.54,22.57,46981017,23.1,23.9,22.7,22.73,46655200,2025-12-19T03:47:25Z
META,2012-11-21,24.15,24.36,22.89,23.06,90490003,24.32,24.53,23.05,23.22,89862304,2025-12-19T03:47:25Z
META,2012-11-23,23.83,24.51,23.71,24.41,29726526,24,24.68,23.88,24.58,29520300,2025-12-19T03:47:25Z
META,2012-11-26,25.76,25.91,24.64,24.76,124727011,25.94,26.09,24.81,24.93,123862000,2025-12-19T03:47:25Z
META,2012-11-27,25.97,26.32,25.28,25.86,86359066,26.15,26.5,25.46,26.04,85760000,2025-12-19T03:47:25Z
META,2012-11-28,26.18,26.31,25.57,25.76,49549303,26.36,26.49,25.75,25.94,49205500,2025-12-19T03:47:25Z
META,2012-11-29,27.13,27.33,25.98,26.32,89378952,27.32,27.52,26.16,26.5,88759000,2025-12-19T03:47:25Z
META,2012-11-30,27.81,27.81,26.57,27.07,127936844,28,28,26.76,27.26,127049504,2025-12-19T03:47:25Z
META,2012-12-03,26.85,28.68,26.79,27.81,124388101,27.04,28.88,26.98,28,123525104,2025-12-19T03:47:25Z
META,2012-12-04,27.27,27.57,26.5,26.86,73422055,27.46,27.76,26.68,27.05,72912704,2025-12-19T03:47:25Z
META,2012-12-05,27.52,27.71,27.07,27.56,59386711,27.71,27.9,27.26,27.75,58974800,2025-12-19T03:47:25Z
META,2012-12-06,26.78,27.56,26.63,27.49,46322753,26.97,27.75,26.82,27.68,46001400,2025-12-19T03:47:25Z
META,2012-12-07,27.3,27.59,26.65,26.88,52113316,27.49,27.78,26.84,27.07,51751800,2025-12-19T03:47:25Z
META,2012-12-10,27.65,27.98,26.91,26.98,50961874,27.84,28.17,27.1,27.17,50608400,2025-12-19T03:47:25Z
META,2012-12-11,27.79,28.04,27.47,27.88,77637581,27.98,28.24,27.66,28.07,77099000,2025-12-19T03:47:25Z
META,2012-12-12,27.39,27.95,27.18,27.81,47030412,27.58,28.14,27.37,28,46704200,2025-12-19T03:47:25Z
META,2012-12-13,28.04,28.55,27.24,27.4,81617683,28.24,28.75,27.43,27.59,81051504,2025-12-19T03:47:25Z
META,2012-12-14,26.62,28.13,26.57,27.99,92271651,26.81,28.33,26.76,28.18,91631504,2025-12-19T03:47:25Z
META,2012-12-17,26.56,26.81,26.14,26.58,58145833,26.75,27,26.32,26.77,57742400,2025-12-19T03:47:25Z
META,2012-12-18,27.52,27.72,26.71,26.77,60935454,27.71,27.91,26.9,26.96,60512800,2025-12-19T03:47:25Z
META,2012-12-19,27.22,28.02,26.76,27.64,61818837,27.41,28.22,26.95,27.83,61390100,2025-12-19T03:47:25Z
META,2012-12-20,27.17,27.41,26.94,27.3,35823211,27.36,27.6,27.13,27.49,35574700,2025-12-19T03:47:25Z
META,2012-12-21,26.08,26.82,25.94,26.48,54936264,26.26,27.01,26.12,26.66,54555100,2025-12-19T03:47:25Z
META,2012-12-24,26.74,26.77,26.02,26.32,28427185,26.93,26.96,26.2,26.5,28230000,2025-12-19T03:47:25Z
META,2012-12-26,26.33,26.99,26.2,26.84,33407044,26.51,27.18,26.38,27.03,33175300,2025-12-19T03:47:25Z
META,2012-12-27,25.87,26.61,25.34,26.38,43785322,26.05,26.8,25.52,26.56,43481600,2025-12-19T03:47:25Z
META,2012-12-28,25.73,25.93,24.98,25.3,56969815,25.91,26.11,25.15,25.48,56574700,2025-12-19T03:47:25Z
META,2012-12-31,26.44,26.8,25.93,26.02,60796228,26.62,26.99,26.11,26.2,60374400,2025-12-19T03:47:25Z
META,2013-01-02,27.81,27.99,27.23,27.25,70332704,28,28.18,27.42,27.44,69844896,2025-12-19T03:47:25Z
META,2013-01-03,27.58,28.27,27.4,27.69,63581472,27.77,28.47,27.59,27.88,63140500,2025-12-19T03:47:25Z
META,2013-01-04,28.56,28.73,27.64,27.81,73223226,28.76,28.93,27.83,28,72715296,2025-12-19T03:47:25Z
META,2013-01-07,29.22,29.58,28.45,28.49,84366990,29.42,29.79,28.65,28.69,83781696,2025-12-19T03:47:25Z
META,2013-01-08,28.86,29.4,28.66,29.31,46191346,29.06,29.6,28.86,29.51,45870900,2025-12-19T03:47:25Z
META,2013-01-09,30.38,30.39,29.29,29.46,105519583,30.59,30.6,29.49,29.67,104787600,2025-12-19T03:47:25Z
META,2013-01-10,31.08,31.23,30.07,30.39,95982044,31.3,31.45,30.28,30.6,95316304,2025-12-19T03:47:25Z
META,2013-01-11,31.5,31.74,30.88,31.06,90223664,31.72,31.96,31.1,31.28,89597904,2025-12-19T03:47:25Z
META,2013-01-14,30.74,31.99,30.41,31.86,99577572,30.95,32.21,30.62,32.08,98886800,2025-12-19T03:47:25Z
META,2013-01-15,29.89,31.49,29.67,30.43,174452470,30.1,31.71,29.88,30.64,173242304,2025-12-19T03:47:25Z
META,2013-01-16,29.64,30.14,29.33,30,75858910,29.85,30.35,29.53,30.21,75332600,2025-12-19T03:47:25Z
META,2013-01-17,29.93,30.21,29.82,29.87,40537834,30.14,30.42,30.03,30.08,40256600,2025-12-19T03:47:25Z
META,2013-01-18,29.45,30.23,29.07,30.11,49978011,29.66,30.44,29.27,30.32,49631400,2025-12-19T03:47:25Z
META,2013-01-22,30.52,30.68,29.53,29.54,55629147,30.73,30.89,29.74,29.75,55243200,2025-12-19T03:47:25Z
META,2013-01-23,30.61,31.28,30.59,30.88,49241291,30.82,31.5,30.8,31.1,48899700,2025-12-19T03:47:25Z
META,2013-01-24,30.86,31.27,30.6,31.05,44151273,31.08,31.49,30.81,31.27,43845000,2025-12-19T03:47:25Z
META,2013-01-25,31.32,31.71,30.91,31.19,54743270,31.54,31.93,31.13,31.41,54363500,2025-12-19T03:47:25Z
META,2013-01-28,32.24,32.28,31.59,31.66,60098219,32.47,32.51,31.81,31.88,59681400,2025-12-19T03:47:25Z
META,2013-01-29,30.58,31.85,30.5,31.78,73486199,30.79,32.07,30.71,32,72976400,2025-12-19T03:47:25Z
META,2013-01-30,31.02,31.27,30.67,30.77,88294464,31.24,31.49,30.88,30.98,87682000,2025-12-19T03:47:25Z
META,2013-01-31,30.77,31.25,28.54,28.95,192075977,30.98,31.47,28.74,29.15,190743600,2025-12-19T03:47:25Z
META,2013-02-01,29.52,30.81,29.42,30.8,86456235,29.73,31.02,29.63,31.01,85856600,2025-12-19T03:47:25Z
META,2013-02-04,27.92,29,27.82,28.86,93007286,28.11,29.2,28.01,29.06,92362096,2025-12-19T03:47:25Z
META,2013-02-05,28.44,28.76,27.85,28.06,48283079,28.64,28.96,28.04,28.26,47948100,2025-12-19T03:47:25Z
META,2013-02-06,28.85,29.09,28.46,28.54,38643746,29.05,29.29,28.66,28.74,38375700,2025-12-19T03:47:25Z
META,2013-02-07,28.45,28.95,28.07,28.91,34781223,28.65,29.15,28.27,29.11,34540000,2025-12-19T03:47:25Z
META,2013-02-08,28.35,28.97,28.31,28.69,37972041,28.55,29.17,28.51,28.89,37708700,2025-12-19T03:47:25Z
META,2013-02-11,28.06,28.48,27.85,28.41,37622637,28.26,28.68,28.04,28.61,37361700,2025-12-19T03:47:25Z
META,2013-02-12,27.18,27.97,26.91,27.48,94148835,27.37,28.16,27.1,27.67,93495600,2025-12-19T03:47:25Z
META,2013-02-13,27.72,28.12,27.12,27.17,50514297,27.91,28.32,27.31,27.36,50163900,2025-12-19T03:47:25Z
META,2013-02-14,28.3,28.43,27.82,27.83,35867206,28.5,28.63,28.01,28.02,35618400,2025-12-19T03:47:25Z
META,2013-02-15,28.12,28.55,27.9,28.31,33340316,28.32,28.75,28.09,28.51,33109100,2025-12-19T03:47:25Z
META,2013-02-19,28.73,28.88,27.93,28.02,49756684,28.93,29.08,28.12,28.22,49411500,2025-12-19T03:47:25Z
META,2013-02-20,28.26,28.85,28.13,28.72,42392132,28.46,29.05,28.33,28.92,42098100,2025-12-19T03:47:25Z
META,2013-02-21,27.09,28.35,26.96,28.08,49994337,27.28,28.55,27.15,28.28,49647600,2025-12-19T03:47:25Z
META,2013-02-22,26.94,27.44,26.63,27.43,36604020,27.13,27.63,26.82,27.62,36350100,2025-12-19T03:47:25Z
META,2013-02-25,27.08,27.45,26.96,26.97,34893996,27.27,27.64,27.15,27.16,34651900,2025-12-19T03:47:25Z
META,2013-02-26,27.2,27.27,26.52,27.17,31832415,27.39,27.46,26.7,27.36,31611600,2025-12-19T03:47:25Z
META,2013-02-27,26.68,27.15,26.45,27.15,44629200,26.87,27.34,26.63,27.34,44319600,2025-12-19T03:47:25Z
META,2013-02-28,27.06,27.11,26.16,26.65,83607576,27.25,27.3,26.34,26.84,83027696,2025-12-19T03:47:25Z
META,2013-03-01,27.59,27.93,26.62,26.86,54442351,27.78,28.12,26.81,27.05,54064700,2025-12-19T03:47:25Z
META,2013-03-04,27.53,27.87,27.25,27.57,32626940,27.72,28.06,27.44,27.76,32400600,2025-12-19T03:47:25Z
META,2013-03-05,27.33,27.99,27.02,27.69,40905857,27.52,28.18,27.21,27.88,40622100,2025-12-19T03:47:25Z
META,2013-03-06,27.26,27.94,27.16,27.91,33766715,27.45,28.13,27.35,28.1,33532500,2025-12-19T03:47:25Z
META,2013-03-07,28.38,28.47,27.28,27.38,75060899,28.58,28.67,27.47,27.57,74540096,2025-12-19T03:47:25Z
META,2013-03-08,27.77,28.27,27.54,28.22,44507612,27.96,28.47,27.73,28.42,44198800,2025-12-19T03:47:25Z
META,2013-03-11,27.94,28.44,27.64,27.81,35890967,28.14,28.64,27.83,28,35642000,2025-12-19T03:47:25Z
META,2013-03-12,27.64,28.12,27.41,27.91,27762030,27.83,28.32,27.6,28.1,27569500,2025-12-19T03:47:25Z
META,2013-03-13,26.89,27.46,26.73,27.43,39896079,27.08,27.65,26.92,27.62,39619400,2025-12-19T03:47:25Z
META,2013-03-14,26.85,27.24,26.64,26.91,27839447,27.04,27.43,26.83,27.1,27646300,2025-12-19T03:47:25Z
META,2013-03-15,26.47,26.87,26.38,26.84,31818056,26.65,27.06,26.56,27.03,31597300,2025-12-19T03:47:25Z
META,2013-03-18,26.31,26.6,25.6,26.19,26839828,26.49,26.79,25.78,26.37,26653600,2025-12-19T03:47:25Z
META,2013-03-19,26.37,26.71,26.03,26.35,25430531,26.55,26.9,26.21,26.53,25254100,2025-12-19T03:47:25Z
META,2013-03-20,25.68,26.51,25.6,26.5,44313822,25.86,26.69,25.78,26.68,44006400,2025-12-19T03:47:25Z
META,2013-03-21,25.56,25.93,25.38,25.49,24506038,25.74,26.11,25.56,25.67,24336000,2025-12-19T03:47:25Z
META,2013-03-22,25.55,25.83,25.45,25.62,18585132,25.73,26.01,25.63,25.8,18456200,2025-12-19T03:47:25Z
META,2013-03-25,24.96,25.62,24.91,25.57,39472679,25.13,25.8,25.08,25.75,39198900,2025-12-19T03:47:25Z
META,2013-03-26,25.03,25.3,24.86,24.91,27145394,25.2,25.48,25.03,25.08,26957100,2025-12-19T03:47:25Z
META,2013-03-27,25.91,26.1,24.55,24.83,52662649,26.09,26.28,24.72,25,52297300,2025-12-19T03:47:25Z
META,2013-03-28,25.4,25.99,25.34,25.91,28785229,25.58,26.17,25.52,26.09,28585600,2025-12-19T03:47:25Z
META,2013-04-01,25.35,25.71,25.11,25.45,22404619,25.53,25.89,25.28,25.63,22249200,2025-12-19T03:47:25Z
META,2013-04-02,25.24,25.94,25.13,25.59,35398708,25.42,26.12,25.3,25.77,35153200,2025-12-19T03:47:25Z
META,2013-04-03,26.07,26.21,25.52,25.65,48531773,26.25,26.39,25.7,25.83,48195100,2025-12-19T03:47:25Z
META,2013-04-04,26.88,27.04,25.93,26.44,82589677,27.07,27.23,26.11,26.62,82016704,2025-12-19T03:47:25Z
META,2013-04-05,27.2,27.61,26.43,26.68,65011169,27.39,27.8,26.61,26.87,64560200,2025-12-19T03:47:25Z
META,2013-04-08,26.66,27.01,26.45,27,27446338,26.85,27.2,26.63,27.19,27255900,2025-12-19T03:47:25Z
META,2013-04-09,26.41,26.7,26.24,26.4,21459824,26.59,26.89,26.42,26.58,21311000,2025-12-19T03:47:25Z
META,2013-04-10,27.38,27.65,26.71,26.81,46270186,27.57,27.84,26.9,27,45949300,2025-12-19T03:47:25Z
META,2013-04-11,27.83,27.91,27.06,27.29,33601525,28.02,28.1,27.25,27.48,33368400,2025-12-19T03:47:25Z
META,2013-04-12,27.21,27.81,27.05,27.8,28897891,27.4,28,27.24,27.99,28697400,2025-12-19T03:47:25Z
META,2013-04-15,26.34,27.29,26.18,26.97,30486823,26.52,27.48,26.36,27.16,30275300,2025-12-19T03:47:25Z
META,2013-04-16,26.73,26.92,26.22,26.62,27587631,26.92,27.11,26.4,26.81,27396300,2025-12-19T03:47:25Z
META,2013-04-17,26.45,27.01,26.21,26.47,26625165,26.63,27.2,26.39,26.65,26440500,2025-12-19T03:47:25Z
META,2013-04-18,25.51,26.63,24.98,26.62,39331726,25.69,26.82,25.15,26.81,39058900,2025-12-19T03:47:25Z
META,2013-04-19,25.55,25.78,25.15,25.44,20523177,25.73,25.96,25.33,25.62,20380800,2025-12-19T03:47:25Z
META,2013-04-22,25.79,26.18,25.52,25.63,25866885,25.97,26.36,25.7,25.81,25687500,2025-12-19T03:47:25Z
META,2013-04-23,25.8,26.15,25.59,26.04,25367349,25.98,26.33,25.77,26.22,25191400,2025-12-19T03:47:25Z
META,2013-04-24,25.93,26.22,25.62,25.74,19867603,26.11,26.4,25.8,25.92,19729800,2025-12-19T03:47:25Z
META,2013-04-25,25.96,26.22,25.82,25.88,17269677,26.14,26.4,26,26.06,17149900,2025-12-19T03:47:25Z
META,2013-04-26,26.66,27.43,26.42,26.42,33248597,26.85,27.62,26.6,26.6,33017900,2025-12-19T03:47:25Z
META,2013-04-29,26.79,27.22,26.67,26.97,29329500,26.98,27.41,26.86,27.16,29126000,2025-12-19T03:47:25Z
META,2013-04-30,27.58,27.66,26.81,26.94,36498739,27.77,27.85,27,27.13,36245600,2025-12-19T03:47:25Z
META,2013-05-01,27.24,27.73,27.12,27.66,65018578,27.43,27.92,27.31,27.85,64567500,2025-12-19T03:47:25Z
META,2013-05-02,28.77,28.82,27.79,27.82,104985310,28.97,29.02,27.98,28.01,104256896,2025-12-19T03:47:25Z
META,2013-05-03,28.11,28.87,27.96,28.84,58915021,28.31,29.07,28.15,29.04,58506300,2025-12-19T03:47:25Z
META,2013-05-06,27.38,28.26,27.29,28.13,44246149,27.57,28.46,27.48,28.33,43939300,2025-12-19T03:47:25Z
META,2013-05-07,26.7,27.66,26.66,27.32,41547154,26.89,27.85,26.85,27.51,41259000,2025-12-19T03:47:25Z
META,2013-05-08,26.93,27.11,26.47,26.69,34896840,27.12,27.3,26.65,26.88,34654800,2025-12-19T03:47:25Z
META,2013-05-09,26.85,27.36,26.66,26.89,33690843,27.04,27.55,26.85,27.08,33457100,2025-12-19T03:47:25Z
META,2013-05-10,26.49,27.11,26.39,26.95,31062504,26.68,27.3,26.57,27.14,30847000,2025-12-19T03:47:25Z
META,2013-05-13,26.63,27.14,26.35,26.42,29271701,26.82,27.33,26.53,26.6,29068700,2025-12-19T03:47:25Z
META,2013-05-14,26.88,27.09,26.63,26.7,25104361,27.07,27.28,26.82,26.89,24930200,2025-12-19T03:47:25Z
META,2013-05-15,26.42,26.8,26.22,26.73,30492397,26.6,26.99,26.4,26.92,30280900,2025-12-19T03:47:25Z
META,2013-05-16,25.95,26.37,25.72,26.3,35754980,26.13,26.55,25.9,26.48,35506900,2025-12-19T03:47:25Z
META,2013-05-17,26.07,26.42,26.02,26.22,29668415,26.25,26.6,26.2,26.4,29462600,2025-12-19T03:47:25Z
META,2013-05-20,25.58,26.01,25.51,26,42699009,25.76,26.19,25.69,26.18,42402800,2025-12-19T03:47:25Z
META,2013-05-21,25.48,25.9,25.41,25.69,26444642,25.66,26.08,25.59,25.87,26261200,2025-12-19T03:47:25Z
META,2013-05-22,24.99,25.67,24.75,25.47,45630878,25.16,25.85,24.92,25.65,45314400,2025-12-19T03:47:25Z
META,2013-05-23,24.89,25.35,24.6,24.63,37960469,25.06,25.53,24.77,24.8,37697200,2025-12-19T03:47:25Z
META,2013-05-24,24.14,24.8,23.91,24.8,59137948,24.31,24.97,24.08,24.97,58727800,2025-12-19T03:47:25Z
META,2013-05-28,23.93,24.37,23.75,24.37,50429468,24.1,24.54,23.92,24.54,50079600,2025-12-19T03:47:25Z
META,2013-05-29,23.16,23.65,23.1,23.63,64686513,23.32,23.81,23.26,23.79,64237700,2025-12-19T03:47:25Z
META,2013-05-30,24.38,24.61,23.76,23.96,61157336,24.55,24.78,23.93,24.13,60733100,2025-12-19T03:47:25Z
META,2013-05-31,24.18,24.78,24.1,24.46,36175827,24.35,24.95,24.27,24.63,35924900,2025-12-19T03:47:25Z
META,2013-06-03,23.68,24.15,23.55,24.09,35983243,23.85,24.32,23.71,24.26,35733700,2025-12-19T03:47:25Z
META,2013-06-04,23.36,23.76,23.16,23.72,35052119,23.52,23.93,23.32,23.89,34808900,2025-12-19T03:47:25Z
META,2013-06-05,22.74,23.54,22.63,23.19,54195656,22.9,23.7,22.79,23.35,53819600,2025-12-19T03:47:25Z
META,2013-06-06,22.81,22.93,22.51,22.83,31478909,22.97,23.09,22.67,22.99,31260600,2025-12-19T03:47:25Z
META,2013-06-07,23.13,23.24,22.7,22.87,38969494,23.29,23.4,22.86,23.03,38699100,2025-12-19T03:47:25Z
META,2013-06-10,24.16,24.43,23.82,23.89,58800857,24.33,24.6,23.99,24.06,58392900,2025-12-19T03:47:25Z
META,2013-06-11,23.86,24.18,23.83,23.86,30094570,24.03,24.35,24,24.03,29885800,2025-12-19T03:47:25Z
META,2013-06-12,23.61,24.09,23.42,23.99,26596407,23.77,24.26,23.58,24.16,26411900,2025-12-19T03:47:25Z
META,2013-06-13,23.57,23.67,23.1,23.56,31407050,23.73,23.83,23.26,23.72,31189200,2025-12-19T03:47:25Z
META,2013-06-14,23.47,23.72,23.1,23.4,30891262,23.63,23.89,23.26,23.56,30677000,2025-12-19T03:47:25Z
META,2013-06-17,23.85,24.08,23.59,23.74,33899523,24.02,24.25,23.75,23.91,33664400,2025-12-19T03:47:25Z
META,2013-06-18,24.04,24.52,23.91,23.92,36965357,24.21,24.69,24.08,24.09,36709000,2025-12-19T03:47:25Z
META,2013-06-19,24.14,25.02,23.93,24.03,32012519,24.31,25.19,24.1,24.2,31790500,2025-12-19T03:47:25Z
META,2013-06-20,23.73,24.58,23.49,24.11,43064246,23.9,24.75,23.65,24.28,42765500,2025-12-19T03:47:25Z
META,2013-06-21,24.36,24.53,23.88,24.42,46146285,24.53,24.7,24.05,24.59,45826100,2025-12-19T03:47:25Z
META,2013-06-24,23.76,23.94,23.22,23.78,40909686,23.93,24.11,23.38,23.95,40625900,2025-12-19T03:47:25Z
META,2013-06-25,24.08,24.26,23.87,23.97,24892557,24.25,24.43,24.04,24.14,24719900,2025-12-19T03:47:25Z
META,2013-06-26,23.99,24.48,23.82,24.34,30098998,24.16,24.65,23.99,24.51,29890200,2025-12-19T03:47:25Z
META,2013-06-27,24.49,24.67,24.04,24.07,34936402,24.66,24.84,24.21,24.24,34694000,2025-12-19T03:47:25Z
META,2013-06-28,24.71,24.81,24.25,24.51,97454869,24.88,24.98,24.42,24.68,96778800,2025-12-19T03:47:25Z
META,2013-07-01,24.64,24.89,24.45,24.8,20725869,24.81,25.06,24.62,24.97,20582100,2025-12-19T03:47:25Z
META,2013-07-02,24.24,24.6,24.13,24.54,18522465,24.41,24.77,24.3,24.71,18394000,2025-12-19T03:47:25Z
META,2013-07-03,24.35,24.54,23.98,24.05,10476981,24.52,24.71,24.15,24.22,10404300,2025-12-19T03:47:25Z
META,2013-07-05,24.2,24.49,24.03,24.49,20370666,24.37,24.66,24.2,24.66,20229400,2025-12-19T03:47:25Z
META,2013-07-08,24.54,24.87,24.25,24.27,27263006,24.71,25.04,24.42,24.44,27073900,2025-12-19T03:47:25Z
META,2013-07-09,25.3,25.31,24.86,24.91,30600005,25.48,25.49,25.03,25.08,30387800,2025-12-19T03:47:25Z
META,2013-07-10,25.62,25.65,25.29,25.4,26908388,25.8,25.83,25.47,25.58,26721700,2025-12-19T03:47:25Z
META,2013-07-11,25.63,25.82,25.27,25.78,26964304,25.81,26,25.45,25.96,26777300,2025-12-19T03:47:25Z
META,2013-07-12,25.73,25.75,25.37,25.56,16653299,25.91,25.93,25.55,25.74,16537800,2025-12-19T03:47:25Z
META,2013-07-15,26.1,26.25,25.47,25.75,24403180,26.28,26.43,25.65,25.93,24233900,2025-12-19T03:47:25Z
META,2013-07-16,26.14,26.56,25.83,26.21,31032796,26.32,26.75,26.01,26.39,30817500,2025-12-19T03:47:25Z
META,2013-07-17,26.47,26.59,26.12,26.19,21668739,26.65,26.78,26.3,26.37,21518400,2025-12-19T03:47:25Z
META,2013-07-18,26,26.58,25.94,26.56,24980077,26.18,26.77,26.12,26.75,24806800,2025-12-19T03:47:25Z
META,2013-07-19,25.7,25.93,25.42,25.64,46869982,25.88,26.11,25.6,25.82,46544900,2025-12-19T03:47:25Z
META,2013-07-22,25.87,25.95,25.54,25.81,27718471,26.05,26.13,25.72,25.99,27526200,2025-12-19T03:47:25Z
META,2013-07-23,25.95,26.12,25.79,25.92,28418679,26.13,26.3,25.97,26.1,28221500,2025-12-19T03:47:25Z
META,2013-07-24,26.33,26.35,25.87,26.14,83212755,26.51,26.53,26.05,26.32,82635504,2025-12-19T03:47:25Z
META,2013-07-25,34.12,34.64,32.52,33.31,368490816,34.36,34.88,32.75,33.54,365935200,2025-12-19T03:47:25Z
META,2013-07-26,33.77,34.49,33.33,33.54,136978993,34.01,34.73,33.56,33.77,136028896,2025-12-19T03:47:25Z
META,2013-07-29,35.18,35.38,33.77,33.83,125757261,35.43,35.63,34.01,34.07,124884800,2025-12-19T03:47:25Z
META,2013-07-30,37.37,37.7,35.08,35.4,174795081,37.63,37.96,35.32,35.65,173582704,2025-12-19T03:47:25Z
META,2013-07-31,36.54,38.04,36.08,37.7,155910229,36.8,38.31,36.33,37.96,154828608,2025-12-19T03:47:25Z
META,2013-08-01,37.23,38.02,36.66,37.04,106807419,37.49,38.29,36.92,37.3,106066400,2025-12-19T03:47:25Z
META,2013-08-02,37.79,38.22,37.24,37.4,73568643,38.05,38.49,37.5,37.66,73058400,2025-12-19T03:47:25Z
META,2013-08-05,38.92,39.05,37.99,38.16,80553585,39.19,39.32,38.25,38.43,79994704,2025-12-19T03:47:25Z
META,2013-08-06,38.28,38.98,37.68,38.84,64397387,38.55,39.25,37.94,39.11,63950700,2025-12-19T03:47:25Z
META,2013-08-07,38.6,38.67,37.44,38.34,69335609,38.87,38.94,37.7,38.61,68854704,2025-12-19T03:47:25Z
META,2013-08-08,38.27,38.92,38.16,38.86,41589348,38.54,39.19,38.43,39.13,41300900,2025-12-19T03:47:25Z
META,2013-08-09,38.23,38.47,37.75,38.32,43924736,38.5,38.74,38.01,38.59,43620000,2025-12-19T03:47:25Z
META,2013-08-12,37.95,38.23,37.84,37.94,31378547,38.22,38.5,38.1,38.2,31160900,2025-12-19T03:47:25Z
META,2013-08-13,36.76,38.05,36.52,37.98,65835890,37.02,38.32,36.77,38.24,65379200,2025-12-19T03:47:25Z
META,2013-08-14,36.4,37.29,36.37,36.58,48762005,36.65,37.55,36.62,36.83,48423800,2025-12-19T03:47:25Z
META,2013-08-15,36.31,36.81,35.77,36.11,56915799,36.56,37.07,36.02,36.36,56521000,2025-12-19T03:47:25Z
META,2013-08-16,36.82,37.23,36.64,36.71,46160889,37.08,37.49,36.9,36.97,45840700,2025-12-19T03:47:25Z
META,2013-08-19,37.55,38.01,36.88,37.17,58011948,37.81,38.28,37.14,37.43,57609500,2025-12-19T03:47:25Z
META,2013-08-20,38.14,38.31,37.43,38.08,58400141,38.41,38.58,37.69,38.35,57995100,2025-12-19T03:47:25Z
META,2013-08-21,38.05,38.58,37.89,38.11,46438916,38.32,38.85,38.15,38.38,46116800,2025-12-19T03:47:25Z
META,2013-08-22,38.28,38.48,38.07,38.1,22084286,38.55,38.75,38.34,38.37,21931100,2025-12-19T03:47:25Z
META,2013-08-23,40.27,40.35,38.66,38.73,87046046,40.55,40.63,38.93,39,86442200,2025-12-19T03:47:25Z
META,2013-08-26,41.05,41.65,40.34,40.62,94820128,41.34,41.94,40.62,40.9,94162304,2025-12-19T03:47:25Z
META,2013-08-27,39.37,40.91,39.15,40.39,73202834,39.64,41.2,39.42,40.67,72695000,2025-12-19T03:47:25Z
META,2013-08-28,40.27,40.57,39.6,39.68,58322688,40.55,40.85,39.88,39.96,57918100,2025-12-19T03:47:25Z
META,2013-08-29,40.99,41.49,40.52,40.61,58710492,41.28,41.78,40.8,40.89,58303300,2025-12-19T03:47:25Z
META,2013-08-30,41,41.97,40.78,41.73,68208112,41.29,42.26,41.06,42.02,67735000,2025-12-19T03:47:25Z
META,2013-09-03,41.58,41.88,41.22,41.55,49115450,41.87,42.17,41.51,41.84,48774800,2025-12-19T03:47:25Z
META,2013-09-04,41.49,41.88,41.15,41.72,42879222,41.78,42.17,41.44,42.01,42581800,2025-12-19T03:47:25Z
META,2013-09-05,42.36,42.46,41.48,41.5,50384778,42.66,42.76,41.77,41.79,50035300,2025-12-19T03:47:25Z
META,2013-09-06,43.65,44.3,42.11,42.79,118356697,43.95,44.61,42.4,43.09,117535600,2025-12-19T03:47:25Z
META,2013-09-09,43.73,44.48,43.4,44.05,76324155,44.04,44.79,43.7,44.36,75794704,2025-12-19T03:47:25Z
META,2013-09-10,43.3,43.95,42.93,43.93,54921116,43.6,44.26,43.23,44.24,54540200,2025-12-19T03:47:25Z
META,2013-09-11,44.73,44.78,42.81,43.09,72833378,45.04,45.09,43.11,43.39,72328200,2025-12-19T03:47:25Z
META,2013-09-12,44.44,45.3,44.34,45.21,68547667,44.75,45.62,44.65,45.53,68072200,2025-12-19T03:47:25Z
META,2013-09-13,44,44.77,43.63,44.73,53133812,44.31,45.08,43.93,45.04,52765200,2025-12-19T03:47:25Z
META,2013-09-16,42.22,44.63,42.14,44.54,71302330,42.51,44.94,42.43,44.85,70807696,2025-12-19T03:47:25Z
META,2013-09-17,44.76,45.13,42.14,42.22,92576595,45.07,45.44,42.43,42.51,91934496,2025-12-19T03:47:25Z
META,2013-09-18,44.92,45.16,44.09,44.53,79871031,45.23,45.47,44.4,44.84,79316896,2025-12-19T03:47:25Z
META,2013-09-19,45.66,45.73,44.92,45.19,64419229,45.98,46.05,45.23,45.51,63972300,2025-12-19T03:47:25Z
META,2013-09-20,47.16,47.27,45.42,46,116315195,47.49,47.6,45.74,46.32,115508400,2025-12-19T03:47:25Z
META,2013-09-23,46.86,47.22,45.97,46.95,75845242,47.19,47.55,46.29,47.28,75319200,2025-12-19T03:47:25Z
META,2013-09-24,48.11,49.32,47.83,48.17,137671133,48.45,49.66,48.16,48.51,136716096,2025-12-19T03:47:25Z
META,2013-09-25,49.12,49.2,48.12,48.89,88493472,49.46,49.54,48.46,49.23,87879600,2025-12-19T03:47:25Z
META,2013-09-26,50.04,50.25,49.16,49.66,98906001,50.39,50.6,49.5,50.01,98220000,2025-12-19T03:47:25Z
META,2013-09-27,50.88,50.92,49.51,49.95,81979005,51.24,51.28,49.86,50.3,81410400,2025-12-19T03:47:25Z
META,2013-09-30,49.88,51.24,49.46,49.79,100794520,50.23,51.6,49.8,50.14,100095400,2025-12-19T03:47:25Z
META,2013-10-01,50.07,50.68,49.11,49.62,98799128,50.42,51.03,49.45,49.97,98113696,2025-12-19T03:47:25Z
META,2013-10-02,49.93,50.75,49.6,49.78,63273339,50.28,51.1,49.95,50.13,62834400,2025-12-19T03:47:25Z
META,2013-10-03,48.84,50.37,48.72,50.12,82618489,49.18,50.72,49.06,50.47,82045296,2025-12-19T03:47:25Z
META,2013-10-04,50.69,50.81,49.23,49.43,74966992,51.04,51.16,49.57,49.77,74446896,2025-12-19T03:47:25Z
META,2013-10-07,50.16,50.93,50.05,50.37,57603507,50.51,51.29,50.4,50.72,57203900,2025-12-19T03:47:25Z
META,2013-10-08,46.81,50.25,46.75,50.25,137031852,47.14,50.6,47.08,50.6,136081296,2025-12-19T03:47:25Z
META,2013-10-09,46.45,47.51,44.95,47.05,148325607,46.77,47.84,45.26,47.38,147296800,2025-12-19T03:47:25Z
META,2013-10-10,48.71,49.34,47.5,47.54,100470535,49.05,49.68,47.83,47.87,99773696,2025-12-19T03:47:25Z
META,2013-10-11,48.77,49.52,48.45,48.84,58836580,49.11,49.87,48.79,49.18,58428400,2025-12-19T03:47:25Z
META,2013-10-14,49.17,49.29,47.58,47.98,69260886,49.51,49.63,47.91,48.31,68780496,2025-12-19T03:47:25Z
META,2013-10-15,49.16,50.65,48.84,49.64,81733510,49.5,51,49.18,49.99,81166496,2025-12-19T03:47:25Z
META,2013-10-16,50.78,50.89,49.55,49.69,65130024,51.13,51.24,49.9,50.04,64678200,2025-12-19T03:47:25Z
META,2013-10-17,51.85,51.86,50.6,50.77,72021541,52.21,52.22,50.95,51.12,71521904,2025-12-19T03:47:25Z
META,2013-10-18,53.84,54.45,53.23,53.8,88876592,54.22,54.83,53.6,54.18,88260096,2025-12-19T03:47:25Z
META,2013-10-21,53.48,54.43,53.14,54.3,58641933,53.85,54.81,53.51,54.68,58235200,2025-12-19T03:47:25Z
META,2013-10-22,52.3,54.38,51.84,53.95,83785063,52.67,54.76,52.2,54.33,83203800,2025-12-19T03:47:25Z
META,2013-10-23,51.54,51.89,50.78,51.39,57606684,51.9,52.25,51.13,51.75,57207100,2025-12-19T03:47:25Z
META,2013-10-24,52.08,52.47,51.23,52.02,47101868,52.44,52.84,51.59,52.38,46775100,2025-12-19T03:47:25Z
META,2013-10-25,51.59,52.87,51.52,52.81,45400262,51.95,53.24,51.88,53.18,45085300,2025-12-19T03:47:25Z
META,2013-10-28,49.88,51.34,49.27,51.18,73985476,50.23,51.7,49.61,51.54,73472304,2025-12-19T03:47:25Z
META,2013-10-29,49.06,50.44,48.91,50.38,102856941,49.4,50.79,49.25,50.73,102143400,2025-12-19T03:47:25Z
META,2013-10-30,48.67,49.86,48.41,49.65,127960302,49.01,50.21,48.75,50,127072600,2025-12-19T03:47:25Z
META,2013-10-31,49.86,51.64,46.18,46.82,250547015,50.21,52,46.5,47.15,248808992,2025-12-19T03:47:25Z
META,2013-11-01,49.4,51.73,49.38,50.51,95696616,49.75,52.09,49.72,50.86,95032800,2025-12-19T03:47:25Z
META,2013-11-04,47.89,49.41,47.69,49.03,80932622,48.22,49.75,48.02,49.37,80371200,2025-12-19T03:47:25Z
META,2013-11-05,49.75,49.83,47.18,47.46,77371658,50.1,50.18,47.51,47.79,76835000,2025-12-19T03:47:25Z
META,2013-11-06,48.78,50.1,48.37,49.91,68363465,49.12,50.45,48.71,50.26,67889296,2025-12-19T03:47:25Z
META,2013-11-07,47.23,49.52,46.97,48.9,97806040,47.56,49.87,47.3,49.24,97127600,2025-12-19T03:47:25Z
META,2013-11-08,47.2,48.31,46.92,47.48,71225171,47.53,48.65,47.25,47.81,70731104,2025-12-19T03:47:25Z
META,2013-11-11,45.88,47.2,45.41,46.71,81474810,46.2,47.53,45.73,47.04,80909600,2025-12-19T03:47:25Z
META,2013-11-12,46.28,47.04,45.51,45.68,68672229,46.6,47.37,45.83,46,68195800,2025-12-19T03:47:25Z
META,2013-11-13,48.37,48.4,45.74,45.91,79798857,48.71,48.74,46.06,46.23,79245296,2025-12-19T03:47:25Z
META,2013-11-14,48.65,49.23,47.7,48.36,75641664,48.99,49.57,48.03,48.7,75117000,2025-12-19T03:47:25Z
META,2013-11-15,48.67,49.14,48.37,48.77,42749468,49.01,49.48,48.71,49.11,42452900,2025-12-19T03:47:25Z
META,2013-11-18,45.51,48.5,45.48,48.13,86509877,45.83,48.84,45.8,48.47,85909800,2025-12-19T03:47:25Z
META,2013-11-19,46.04,46.67,45.4,45.94,76130519,46.36,47,45.72,46.26,75602400,2025-12-19T03:47:25Z
META,2013-11-20,46.11,47.22,45.99,46.29,54309463,46.43,47.55,46.31,46.61,53932700,2025-12-19T03:47:25Z
META,2013-11-21,46.38,47.13,46.37,46.67,35129753,46.7,47.46,46.69,47,34886100,2025-12-19T03:47:25Z
META,2013-11-22,45.91,46.94,45.64,46.71,40828528,46.23,47.27,45.96,47.04,40545300,2025-12-19T03:47:25Z
META,2013-11-25,44.51,46.33,43.73,46.04,83142017,44.82,46.65,44.04,46.36,82565296,2025-12-19T03:47:25Z
META,2013-11-26,45.57,45.85,43.25,44.35,82589247,45.89,46.17,43.55,44.66,82016400,2025-12-19T03:47:25Z
META,2013-11-27,46.17,46.35,45.21,45.65,45307398,46.49,46.67,45.53,45.97,44993100,2025-12-19T03:47:25Z
META,2013-11-29,46.68,46.88,46.18,46.43,23114137,47.01,47.21,46.5,46.75,22953800,2025-12-19T03:47:25Z
META,2013-12-02,46.73,47.21,45.94,46.58,51128217,47.06,47.54,46.26,46.9,50773600,2025-12-19T03:47:25Z
META,2013-12-03,46.41,46.87,45.97,46.43,32310057,46.73,47.2,46.29,46.75,32085900,2025-12-19T03:47:25Z
META,2013-12-04,48.28,48.43,45.94,46.14,61315475,48.62,48.77,46.26,46.46,60890100,2025-12-19T03:47:25Z
META,2013-12-05,48,48.36,47.54,47.82,44161316,48.34,48.7,47.87,48.15,43855000,2025-12-19T03:47:25Z
META,2013-12-06,47.61,49.05,47.38,48.64,43237486,47.94,49.39,47.71,48.98,42937600,2025-12-19T03:47:25Z
META,2013-12-09,48.5,48.63,47.41,47.76,36307662,48.84,48.97,47.74,48.09,36055800,2025-12-19T03:47:25Z
META,2013-12-10,49.89,50.42,48.2,48.25,68956831,50.24,50.77,48.54,48.59,68478496,2025-12-19T03:47:25Z
META,2013-12-11,49.04,50.42,48.67,50.21,66235715,49.38,50.77,49.01,50.56,65776300,2025-12-19T03:47:25Z
META,2013-12-12,51.47,51.71,50.31,50.69,93370632,51.83,52.07,50.66,51.04,92723000,2025-12-19T03:47:25Z
META,2013-12-13,52.95,53.13,50.98,51.3,83218214,53.32,53.5,51.34,51.66,82640896,2025-12-19T03:47:25Z
META,2013-12-16,53.44,54.12,52.54,52.88,85713126,53.81,54.5,52.91,53.25,85118496,2025-12-19T03:47:25Z
META,2013-12-17,54.48,54.8,53.86,54.38,79301427,54.86,55.18,54.24,54.76,78751400,2025-12-19T03:47:25Z
META,2013-12-18,55.18,55.5,53.38,54.48,76534332,55.57,55.89,53.75,54.86,76003400,2025-12-19T03:47:25Z
META,2013-12-19,54.67,54.81,53.58,53.95,90452802,55.05,55.19,53.95,54.33,89825296,2025-12-19T03:47:25Z
META,2013-12-20,54.74,54.77,53.85,54.55,241499332,55.12,55.15,54.23,54.93,239823904,2025-12-19T03:47:25Z
META,2013-12-23,57.37,57.92,55.07,55.12,98983461,57.77,58.32,55.45,55.5,98296896,2025-12-19T03:47:25Z
META,2013-12-24,57.56,58.17,56.52,57.87,46943369,57.96,58.58,56.91,58.27,46617700,2025-12-19T03:47:25Z
META,2013-12-26,57.33,57.98,56.97,57.92,55486237,57.73,58.38,57.37,58.32,55101300,2025-12-19T03:47:25Z
META,2013-12-27,55.06,57.28,54.87,57.08,60888093,55.44,57.68,55.25,57.48,60465700,2025-12-19T03:47:25Z
META,2013-12-30,53.34,54.8,53.06,54.55,68784473,53.71,55.18,53.43,54.93,68307296,2025-12-19T03:47:25Z
META,2013-12-31,54.27,54.48,53.54,53.75,43453531,54.65,54.86,53.91,54.12,43152100,2025-12-19T03:47:25Z
META,2014-01-02,54.33,54.84,53.81,54.45,43559753,54.71,55.22,54.19,54.83,43257600,2025-12-19T03:47:25Z
META,2014-01-03,54.18,55.26,54.15,54.64,38542785,54.56,55.65,54.53,55.02,38275400,2025-12-19T03:47:25Z
META,2014-01-06,56.8,56.86,53.68,54.04,69456125,57.2,57.26,54.05,54.42,68974304,2025-12-19T03:47:25Z
META,2014-01-07,57.52,58.14,56.82,57.3,77869189,57.92,58.55,57.22,57.7,77329000,2025-12-19T03:47:25Z
META,2014-01-08,57.83,58.01,56.83,57.2,57197436,58.23,58.41,57.23,57.6,56800700,2025-12-19T03:47:25Z
META,2014-01-09,56.82,58.55,56.26,58.24,92994246,57.22,58.96,56.65,58.65,92349200,2025-12-19T03:47:25Z
META,2014-01-10,57.54,57.9,56.66,56.73,42826262,57.94,58.3,57.06,57.13,42529200,2025-12-19T03:47:25Z
META,2014-01-13,55.52,57.85,55,57.51,63547271,55.91,58.25,55.38,57.91,63106500,2025-12-19T03:47:25Z
META,2014-01-14,57.34,57.38,55.71,56.07,37853461,57.74,57.78,56.1,56.46,37590900,2025-12-19T03:47:25Z
META,2014-01-15,57.2,58.16,56.87,57.58,33966240,57.6,58.57,57.27,57.98,33730600,2025-12-19T03:47:25Z
META,2014-01-16,56.79,57.62,56.44,56.86,34841375,57.19,58.02,56.83,57.26,34599700,2025-12-19T03:47:25Z
META,2014-01-17,55.91,57.42,55.68,56.9,41168748,56.3,57.82,56.07,57.3,40883200,2025-12-19T03:47:25Z
META,2014-01-21,58.1,58.17,56.11,56.21,49074544,58.51,58.58,56.5,56.6,48734100,2025-12-19T03:47:25Z
META,2014-01-22,57.11,58.9,56.7,58.44,61925324,57.51,59.31,57.1,58.85,61495800,2025-12-19T03:47:25Z
META,2014-01-23,56.24,56.29,55.3,55.99,48331640,56.63,56.68,55.69,56.38,47996400,2025-12-19T03:47:25Z
META,2014-01-24,54.07,56.03,54.02,55.76,55933289,54.45,56.42,54.4,56.15,55545300,2025-12-19T03:47:25Z
META,2014-01-27,53.18,54.56,51.49,54.36,74660253,53.55,54.94,51.85,54.74,74142304,2025-12-19T03:47:25Z
META,2014-01-28,54.76,54.9,53.63,53.65,48702843,55.14,55.28,54,54.02,48365000,2025-12-19T03:47:25Z
META,2014-01-29,53.16,54.57,52.82,54.23,98775037,53.53,54.95,53.19,54.61,98089904,2025-12-19T03:47:25Z
META,2014-01-30,60.66,62.07,60.04,61.69,151489564,61.08,62.5,60.46,62.12,150438704,2025-12-19T03:47:25Z
META,2014-01-31,62.14,62.93,59.75,59.83,88544463,62.57,63.37,60.17,60.25,87930304,2025-12-19T03:47:25Z
META,2014-02-03,61.05,63.33,60.28,62.59,75630567,61.48,63.77,60.7,63.03,75105904,2025-12-19T03:47:25Z
META,2014-02-04,62.31,62.7,61.39,61.66,46386584,62.75,63.14,61.82,62.09,46064800,2025-12-19T03:47:25Z
META,2014-02-05,61.76,62.72,60.85,62.31,53402845,62.19,63.16,61.27,62.74,53032400,2025-12-19T03:47:25Z
META,2014-02-06,61.73,62.34,61.03,61.03,42448157,62.16,62.78,61.46,61.46,42153700,2025-12-19T03:47:25Z
META,2014-02-07,63.87,64.12,61.79,61.84,61260679,64.32,64.57,62.22,62.27,60835700,2025-12-19T03:47:25Z
META,2014-02-10,63.11,64.04,63.03,63.83,44041985,63.55,64.49,63.47,64.28,43736500,2025-12-19T03:47:25Z
META,2014-02-11,64.4,64.55,62.91,63.32,46066384,64.85,65,63.35,63.76,45746800,2025-12-19T03:47:25Z
META,2014-02-12,64,64.61,63.61,64.47,47740985,64.45,65.06,64.05,64.92,47409800,2025-12-19T03:47:25Z
META,2014-02-13,66.86,66.86,63.61,63.71,62446623,67.33,67.33,64.05,64.15,62013400,2025-12-19T03:47:25Z
META,2014-02-14,66.62,67.11,66.26,67.03,37043364,67.09,67.58,66.72,67.5,36786400,2025-12-19T03:47:25Z
META,2014-02-18,66.83,67.07,65.61,66.48,44168561,67.3,67.54,66.07,66.94,43862200,2025-12-19T03:47:25Z
META,2014-02-19,67.59,68.6,66.54,66.58,64707441,68.06,69.08,67,67.05,64258600,2025-12-19T03:47:25Z
META,2014-02-20,69.15,69.62,65.27,67.26,131959040,69.63,70.11,65.73,67.73,131043696,2025-12-19T03:47:25Z
META,2014-02-21,68.11,69.47,67.97,69.21,71487701,68.59,69.96,68.45,69.69,70991800,2025-12-19T03:47:25Z
META,2014-02-24,70.29,70.94,68.07,68.26,77489441,70.78,71.44,68.54,68.74,76951904,2025-12-19T03:47:25Z
META,2014-02-25,69.37,70.51,68.97,70.46,52553524,69.85,71,69.45,70.95,52189000,2025-12-19T03:47:25Z
META,2014-02-26,68.78,70.73,68.37,69.7,55787352,69.26,71.22,68.85,70.19,55400400,2025-12-19T03:47:25Z
META,2014-02-27,68.46,69.52,68.39,68.88,41987043,68.94,70.01,68.87,69.36,41695800,2025-12-19T03:47:25Z
META,2014-02-28,67.99,69.4,66.91,68.99,67368128,68.46,69.88,67.38,69.47,66900800,2025-12-19T03:47:25Z
META,2014-03-03,66.94,67.58,66.05,66.5,57297860,67.41,68.05,66.51,66.96,56900400,2025-12-19T03:47:25Z
META,2014-03-04,68.32,68.42,67.15,68.18,42458696,68.8,68.9,67.62,68.66,42164200,2025-12-19T03:47:25Z
META,2014-03-05,71.07,71.47,69.14,69.21,75170878,71.57,71.97,69.62,69.69,74649400,2025-12-19T03:47:25Z
META,2014-03-06,70.35,71.39,69.76,71.38,46448398,70.84,71.89,70.25,71.88,46126200,2025-12-19T03:47:25Z
META,2014-03-07,69.32,70.69,68.99,70.59,39258030,69.8,71.18,69.47,71.08,38985700,2025-12-19T03:47:25Z
META,2014-03-10,71.53,71.65,70.02,70.28,60368501,72.03,72.15,70.51,70.77,59949700,2025-12-19T03:47:25Z
META,2014-03-11,69.61,72.09,69.47,72,60031651,70.1,72.59,69.96,72.5,59615200,2025-12-19T03:47:25Z
META,2014-03-12,70.39,70.86,68.52,69.38,46724530,70.88,71.35,69,69.86,46400400,2025-12-19T03:47:25Z
META,2014-03-13,68.35,70.86,67.68,70.8,57489930,68.83,71.35,68.15,71.29,57091100,2025-12-19T03:47:25Z
META,2014-03-14,67.25,68.95,66.99,68.02,48563707,67.72,69.43,67.46,68.49,48226800,2025-12-19T03:47:25Z
META,2014-03-17,68.26,68.47,66.16,67.71,52561278,68.74,68.95,66.62,68.18,52196700,2025-12-19T03:47:25Z
META,2014-03-18,68.71,69.12,67.83,68.28,41112415,69.19,69.6,68.3,68.76,40827200,2025-12-19T03:47:25Z
META,2014-03-19,67.77,68.81,66.99,68.69,44287735,68.24,69.29,67.46,69.17,43980500,2025-12-19T03:47:25Z
META,2014-03-20,66.51,67.76,66.36,67.54,44748874,66.97,68.23,66.82,68.01,44438500,2025-12-19T03:47:25Z
META,2014-03-21,66.77,67.45,65.72,67.06,60460575,67.24,67.92,66.18,67.53,60041200,2025-12-19T03:47:25Z
META,2014-03-24,63.66,66.89,62.92,66.75,86294337,64.1,67.36,63.36,67.22,85695800,2025-12-19T03:47:25Z
META,2014-03-25,64.44,65.73,63.34,64.44,69265949,64.89,66.19,63.78,64.89,68785504,2025-12-19T03:47:25Z
META,2014-03-26,59.96,64.5,59.95,64.29,98372015,60.38,64.95,60.37,64.74,97689696,2025-12-19T03:47:25Z
META,2014-03-27,60.55,61.47,57.58,60.09,113436517,60.97,61.9,57.98,60.51,112649696,2025-12-19T03:47:25Z
META,2014-03-28,59.59,61.52,58.92,60.91,67519894,60.01,61.95,59.33,61.33,67051500,2025-12-19T03:47:25Z
META,2014-03-31,59.82,61.09,59.46,60.36,53381519,60.24,61.52,59.87,60.78,53011200,2025-12-19T03:47:25Z
META,2014-04-01,62.19,62.23,59.82,60.04,59705379,62.62,62.66,60.24,60.46,59291200,2025-12-19T03:47:25Z
META,2014-04-02,62.28,63.47,61.78,62.77,66739583,62.72,63.91,62.21,63.21,66276600,2025-12-19T03:47:25Z
META,2014-04-03,59.08,62.73,58.72,62.12,84445119,59.49,63.17,59.13,62.55,83859296,2025-12-19T03:47:25Z
META,2014-04-04,56.36,59.78,55.93,59.53,126342185,56.75,60.2,56.32,59.95,125465696,2025-12-19T03:47:25Z
META,2014-04-07,56.56,57.6,55.06,55.51,109245218,56.95,58,55.44,55.9,108487504,2025-12-19T03:47:25Z
META,2014-04-08,57.79,58.3,56.77,57.22,79386655,58.19,58.71,57.17,57.62,78835904,2025-12-19T03:47:25Z
META,2014-04-09,61.98,62.03,58.78,59.22,100915286,62.41,62.46,59.19,59.63,100215296,2025-12-19T03:47:25Z
META,2014-04-10,58.75,62.74,58.27,62.64,115790857,59.16,63.18,58.68,63.08,114987600,2025-12-19T03:47:25Z
META,2014-04-11,58.12,59.89,56.91,57.2,92090700,58.53,60.31,57.31,57.6,91451904,2025-12-19T03:47:25Z
META,2014-04-14,58.48,60.03,57.38,59.67,72829796,58.89,60.45,57.78,60.09,72324600,2025-12-19T03:47:25Z
META,2014-04-15,58.68,59.27,55.49,58.88,109381468,59.09,59.68,55.88,59.29,108622704,2025-12-19T03:47:25Z
META,2014-04-16,59.31,59.77,57.34,59.38,79323807,59.72,60.19,57.74,59.79,78773504,2025-12-19T03:47:25Z
META,2014-04-17,58.53,60.16,58.31,58.86,88655352,58.94,60.58,58.72,59.27,88040304,2025-12-19T03:47:25Z
META,2014-04-21,60.82,60.82,58.74,59.05,60785244,61.24,61.24,59.15,59.46,60363600,2025-12-19T03:47:25Z
META,2014-04-22,62.59,63,61.79,62.22,61054798,63.03,63.44,62.22,62.65,60631300,2025-12-19T03:47:25Z
META,2014-04-23,60.93,63.04,60.84,63.01,97239166,61.36,63.48,61.26,63.45,96564704,2025-12-19T03:47:25Z
META,2014-04-24,60.45,63.21,59.36,63.16,139738534,60.87,63.65,59.77,63.6,138769296,2025-12-19T03:47:25Z
META,2014-04-25,57.31,59.59,57.17,59.55,93147608,57.71,60.01,57.57,59.97,92501504,2025-12-19T03:47:25Z
META,2014-04-28,55.75,57.91,54.28,57.65,108510351,56.14,58.31,54.66,58.05,107757696,2025-12-19T03:47:25Z
META,2014-04-29,57.75,57.88,55.45,55.7,76085018,58.15,58.28,55.84,56.09,75557200,2025-12-19T03:47:25Z
META,2014-04-30,59.37,59.44,56.76,57.18,76624551,59.78,59.85,57.16,57.58,76093000,2025-12-19T03:47:25Z
META,2014-05-01,60.73,61.85,59.79,60.01,83004406,61.15,62.28,60.21,60.43,82428600,2025-12-19T03:47:25Z
META,2014-05-02,60.04,61.46,59.76,60.88,54567726,60.46,61.89,60.18,61.3,54189200,2025-12-19T03:47:25Z
META,2014-05-05,60.8,60.92,58.77,59.26,46379147,61.22,61.35,59.18,59.67,46057400,2025-12-19T03:47:25Z
META,2014-05-06,58.12,60.73,58.08,60.56,56291269,58.53,61.15,58.49,60.98,55900800,2025-12-19T03:47:25Z
META,2014-05-07,56.99,58.89,55.87,58.36,79136145,57.39,59.3,56.26,58.77,78587200,2025-12-19T03:47:25Z
META,2014-05-08,56.37,58.41,56.11,56.83,61678818,56.76,58.82,56.5,57.23,61251000,2025-12-19T03:47:25Z
META,2014-05-09,56.84,57.25,55.99,56.46,52951146,57.24,57.65,56.38,56.85,52583800,2025-12-19T03:47:25Z
META,2014-05-12,59.42,59.48,57.58,57.58,48914690,59.83,59.9,57.98,57.98,48575400,2025-12-19T03:47:25Z
META,2014-05-13,59.42,60.47,59.1,59.25,48864339,59.83,60.89,59.51,59.66,48525400,2025-12-19T03:47:25Z
META,2014-05-14,58.82,60.03,58.54,59.12,47759829,59.23,60.45,58.95,59.53,47428500,2025-12-19T03:47:25Z
META,2014-05-15,57.52,58.97,57.12,58.85,57210776,57.92,59.38,57.52,59.26,56813900,2025-12-19T03:47:25Z
META,2014-05-16,57.62,58.04,56.91,57.91,48267846,58.02,58.45,57.31,58.31,47933000,2025-12-19T03:47:25Z
META,2014-05-19,58.8,59.15,57.17,57.49,43334479,59.21,59.56,57.57,57.89,43033900,2025-12-19T03:47:25Z
META,2014-05-20,58.15,59.77,57.78,59.09,54308107,58.56,60.19,58.18,59.5,53931400,2025-12-19T03:47:25Z
META,2014-05-21,60.07,60.08,57.85,58.14,59403566,60.49,60.5,58.25,58.55,58991500,2025-12-19T03:47:25Z
META,2014-05-22,60.1,61.05,59.98,60.52,54578685,60.52,61.48,60.4,60.94,54200100,2025-12-19T03:47:25Z
META,2014-05-23,60.92,61.02,59.73,59.98,38561408,61.35,61.45,60.15,60.4,38293900,2025-12-19T03:47:25Z
META,2014-05-27,63.04,63.07,61.14,61.14,56070508,63.48,63.51,61.57,61.57,55681600,2025-12-19T03:47:25Z
META,2014-05-28,63.07,63.7,62.19,62.95,48128891,63.51,64.14,62.62,63.39,47795000,2025-12-19T03:47:25Z
META,2014-05-29,63.39,63.85,63.07,63.4,42997885,63.83,64.3,63.51,63.84,42699600,2025-12-19T03:47:25Z
META,2014-05-30,62.86,63.73,62.13,63.51,45599816,63.3,64.17,62.56,63.95,45283500,2025-12-19T03:47:25Z
META,2014-06-02,62.64,63.15,61.62,62.79,36246953,63.08,63.59,62.05,63.23,35995500,2025-12-19T03:47:25Z
META,2014-06-03,62.43,62.98,61.89,62.19,32441733,62.87,63.42,62.32,62.62,32216700,2025-12-19T03:47:25Z
META,2014-06-04,62.9,63.15,61.64,62.02,36768973,63.34,63.59,62.07,62.45,36513900,2025-12-19T03:47:25Z
META,2014-06-05,62.75,63.91,62.38,63.23,47683037,63.19,64.36,62.82,63.67,47352300,2025-12-19T03:47:25Z
META,2014-06-06,62.07,63.04,61.72,62.93,42738430,62.5,63.48,62.15,63.37,42442000,2025-12-19T03:47:25Z
META,2014-06-09,62.44,62.9,61.36,61.97,37880175,62.88,63.34,61.79,62.4,37617400,2025-12-19T03:47:25Z
META,2014-06-10,65.31,65.36,63.06,63.09,69822408,65.77,65.82,63.5,63.53,69338096,2025-12-19T03:47:25Z
META,2014-06-11,65.32,65.34,64.45,64.87,44550937,65.78,65.8,64.9,65.32,44241900,2025-12-19T03:47:25Z
META,2014-06-12,63.84,66.01,63.62,65.36,56119116,64.29,66.47,64.06,65.82,55729800,2025-12-19T03:47:25Z
META,2014-06-13,64.05,64.52,63.39,64.25,29624389,64.5,64.97,63.83,64.7,29418900,2025-12-19T03:47:25Z
META,2014-06-16,63.74,64.43,63.31,63.72,31262676,64.19,64.88,63.75,64.16,31045800,2025-12-19T03:47:25Z
META,2014-06-17,63.95,64.43,63.49,63.66,27908382,64.4,64.88,63.93,64.1,27714800,2025-12-19T03:47:25Z
META,2014-06-18,65.14,65.29,63.61,64.04,35818592,65.6,65.75,64.05,64.49,35570100,2025-12-19T03:47:25Z
META,2014-06-19,63.89,65.13,63.77,65.04,34484300,64.34,65.58,64.21,65.49,34245100,2025-12-19T03:47:25Z
META,2014-06-20,64.05,64.36,62.91,64.01,46790562,64.5,64.81,63.35,64.46,46466000,2025-12-19T03:47:25Z
META,2014-06-23,64.92,65.2,63.78,63.87,34801537,65.37,65.66,64.22,64.32,34560100,2025-12-19T03:47:25Z
META,2014-06-24,65.26,66.7,64.82,64.91,57735310,65.72,67.17,65.27,65.36,57334800,2025-12-19T03:47:25Z
META,2014-06-25,66.97,67.01,65.11,65.16,44617695,67.44,67.48,65.57,65.61,44308200,2025-12-19T03:47:25Z
META,2014-06-26,66.66,67.53,66.44,67.52,48047214,67.13,68,66.9,67.99,47713900,2025-12-19T03:47:25Z
META,2014-06-27,67.13,67.23,66.38,66.81,46785116,67.6,67.7,66.84,67.28,46460600,2025-12-19T03:47:25Z
META,2014-06-30,66.82,67.45,66.66,66.99,27391722,67.29,67.92,67.13,67.46,27201700,2025-12-19T03:47:25Z
META,2014-07-01,67.59,67.97,66.92,67.11,33475300,68.06,68.44,67.39,67.58,33243100,2025-12-19T03:47:25Z
META,2014-07-02,65.99,67.83,65.33,67.57,42187880,66.45,68.3,65.79,68.04,41895200,2025-12-19T03:47:25Z
META,2014-07-03,65.83,66.54,65.3,66.4,25379235,66.29,67,65.76,66.86,25203200,2025-12-19T03:47:25Z
META,2014-07-07,64.84,66.11,64.67,65.84,28945892,65.29,66.57,65.12,66.3,28745100,2025-12-19T03:47:25Z
META,2014-07-08,62.32,65.11,61.78,64.61,69407518,62.76,65.56,62.21,65.06,68926000,2025-12-19T03:47:25Z
META,2014-07-09,64.52,64.67,62.71,62.97,51790772,64.97,65.12,63.15,63.41,51431500,2025-12-19T03:47:25Z
META,2014-07-10,64.42,64.89,62.61,62.87,44732210,64.87,65.34,63.05,63.31,44421900,2025-12-19T03:47:25Z
META,2014-07-11,65.88,66.13,64.34,64.83,39485913,66.34,66.59,64.79,65.28,39212000,2025-12-19T03:47:25Z
META,2014-07-14,67.43,67.7,66.44,66.66,38806086,67.9,68.17,66.9,67.13,38536900,2025-12-19T03:47:25Z
META,2014-07-15,66.7,67.62,65.8,67.49,44602263,67.17,68.09,66.26,67.96,44292900,2025-12-19T03:47:25Z
META,2014-07-16,67.19,67.47,66.61,67.07,29800201,67.66,67.94,67.07,67.54,29593500,2025-12-19T03:47:25Z
META,2014-07-17,65.95,67.38,65.58,66.57,38455173,66.41,67.85,66.04,67.03,38188400,2025-12-19T03:47:25Z
META,2014-07-18,67.95,67.99,65.7,66.34,42752153,68.42,68.46,66.16,66.8,42455600,2025-12-19T03:47:25Z
META,2014-07-21,68.92,69.47,68.03,68.33,49885134,69.4,69.96,68.5,68.81,49539100,2025-12-19T03:47:25Z
META,2014-07-22,68.79,69.29,68.13,69.28,40679780,69.27,69.77,68.61,69.76,40397600,2025-12-19T03:47:25Z
META,2014-07-23,70.8,70.83,69.13,69.26,78982565,71.29,71.33,69.61,69.74,78434704,2025-12-19T03:47:25Z
META,2014-07-24,74.46,76.21,73.99,75.43,125035216,74.98,76.74,74.51,75.96,124167904,2025-12-19T03:47:25Z
META,2014-07-25,74.67,75.15,74.14,74.47,46238157,75.19,75.67,74.66,74.99,45917400,2025-12-19T03:47:25Z
META,2014-07-28,74.4,74.98,73.34,74.65,42016656,74.92,75.5,73.85,75.17,41725200,2025-12-19T03:47:25Z
META,2014-07-29,73.2,74.4,72.91,74.2,41613052,73.71,74.92,73.42,74.72,41324400,2025-12-19T03:47:25Z
META,2014-07-30,74.16,74.67,73.62,73.69,37110405,74.68,75.19,74.13,74.21,36853000,2025-12-19T03:47:25Z
META,2014-07-31,72.15,73.66,71.94,73.49,44299018,72.65,74.17,72.44,74,43991700,2025-12-19T03:47:25Z
META,2014-08-01,71.86,72.71,71.05,71.72,43839377,72.36,73.22,71.55,72.22,43535300,2025-12-19T03:47:25Z
META,2014-08-04,73,73.37,71.86,71.86,30991773,73.51,73.88,72.36,72.36,30776800,2025-12-19T03:47:25Z
META,2014-08-05,72.19,73.08,71.68,72.69,35230469,72.69,73.59,72.18,73.2,34986100,2025-12-19T03:47:25Z
META,2014-08-06,71.97,73.21,71.29,71.53,31201936,72.47,73.72,71.79,72.03,30985500,2025-12-19T03:47:25Z
META,2014-08-07,72.66,73.49,72.2,72.49,38406937,73.17,74,72.7,73,38140500,2025-12-19T03:47:25Z
META,2014-08-08,72.55,72.92,72.06,72.89,27392312,73.06,73.43,72.56,73.4,27202300,2025-12-19T03:47:25Z
META,2014-08-11,72.93,73.4,72.55,72.96,24762861,73.44,73.91,73.06,73.47,24591100,2025-12-19T03:47:25Z
META,2014-08-12,72.32,72.82,71.72,72.58,27610426,72.83,73.33,72.22,73.09,27418900,2025-12-19T03:47:25Z
META,2014-08-13,73.26,73.74,72.54,72.62,29470015,73.77,74.25,73.05,73.13,29265600,2025-12-19T03:47:25Z
META,2014-08-14,73.78,73.86,73.18,73.46,22362121,74.3,74.38,73.69,73.97,22207000,2025-12-19T03:47:25Z
META,2014-08-15,73.12,74.13,72.49,73.81,39180909,73.63,74.65,73,74.32,38909100,2025-12-19T03:47:25Z
META,2014-08-18,74.07,74.2,73.45,73.49,24141054,74.59,74.72,73.96,74,23973600,2025-12-19T03:47:25Z
META,2014-08-19,74.77,75.06,74.25,74.29,26864967,75.29,75.58,74.77,74.81,26678600,2025-12-19T03:47:25Z
META,2014-08-20,74.29,74.66,74.1,74.45,23076664,74.81,75.18,74.62,74.97,22916600,2025-12-19T03:47:25Z
META,2014-08-21,74.05,74.67,73.89,74.41,20242323,74.57,75.19,74.41,74.93,20101900,2025-12-19T03:47:25Z
META,2014-08-22,74.05,74.21,73.06,73.82,21043280,74.57,74.73,73.57,74.34,20897300,2025-12-19T03:47:25Z
META,2014-08-25,74.5,74.76,74.27,74.42,19871946,75.02,75.28,74.79,74.94,19734100,2025-12-19T03:47:25Z
META,2014-08-26,75.43,75.46,74.21,74.48,24160187,75.96,75.99,74.73,75,23992600,2025-12-19T03:47:25Z
META,2014-08-27,74.11,74.97,73.94,74.75,36576727,74.63,75.49,74.46,75.27,36323000,2025-12-19T03:47:25Z
META,2014-08-28,73.35,73.91,73.22,73.49,22099987,73.86,74.43,73.73,74,21946700,2025-12-19T03:47:25Z
META,2014-08-29,74.3,74.3,73.5,73.79,26424395,74.82,74.82,74.01,74.3,26241100,2025-12-19T03:47:25Z
META,2014-09-02,76.15,76.17,74.3,74.49,35223731,76.68,76.7,74.82,75.01,34979400,2025-12-19T03:47:25Z
META,2014-09-03,75.3,76.94,75.08,76.61,32615339,75.83,77.48,75.6,77.14,32389100,2025-12-19T03:47:25Z
META,2014-09-04,75.42,76.4,75.01,75.37,26862721,75.95,76.93,75.53,75.9,26676400,2025-12-19T03:47:25Z
META,2014-09-05,76.72,76.84,75.08,75.57,29681684,77.26,77.38,75.6,76.1,29475800,2025-12-19T03:47:25Z
META,2014-09-08,77.35,77.63,76.48,76.72,28379961,77.89,78.17,77.01,77.26,28183100,2025-12-19T03:47:25Z
META,2014-09-09,76.14,77.63,75.67,77.05,29083528,76.67,78.17,76.2,77.59,28881800,2025-12-19T03:47:25Z
META,2014-09-10,76.89,77.41,75.98,76,30117512,77.43,77.95,76.51,76.53,29908600,2025-12-19T03:47:25Z
META,2014-09-11,77.38,77.82,76.52,76.6,32472949,77.92,78.36,77.05,77.13,32247700,2025-12-19T03:47:25Z
META,2014-09-12,76.94,77.76,76.57,77.48,26931131,77.48,78.3,77.1,78.02,26744300,2025-12-19T03:47:25Z
META,2014-09-15,74.06,76.71,72.92,76.61,50026090,74.58,77.25,73.43,77.15,49679100,2025-12-19T03:47:25Z
META,2014-09-16,75.55,75.7,72.56,73.01,38006016,76.08,76.23,73.07,73.52,37742400,2025-12-19T03:47:25Z
META,2014-09-17,75.9,76.71,75.05,75.43,28893735,76.43,77.25,75.57,75.96,28693300,2025-12-19T03:47:25Z
META,2014-09-18,76.47,76.79,75.99,76.24,23191767,77,77.33,76.52,76.77,23030900,2025-12-19T03:47:25Z
META,2014-09-19,77.37,77.76,75.91,76.86,77206824,77.91,78.3,76.44,77.4,76671296,2025-12-19T03:47:25Z
META,2014-09-22,76.27,76.99,75.42,76.47,32184234,76.8,77.53,75.95,77,31961000,2025-12-19T03:47:25Z
META,2014-09-23,77.75,78.08,75.51,75.76,37071264,78.29,78.63,76.04,76.29,36814100,2025-12-19T03:47:25Z
META,2014-09-24,78,78.08,76.97,77.56,30893899,78.54,78.62,77.51,78.1,30679600,2025-12-19T03:47:25Z
META,2014-09-25,76.68,78.39,76.6,78.06,37794693,77.22,78.94,77.13,78.6,37532500,2025-12-19T03:47:25Z
META,2014-09-26,78.24,78.29,76.79,77.05,29073660,78.79,78.84,77.33,77.59,28872000,2025-12-19T03:47:25Z
META,2014-09-29,78.45,78.65,77.37,77.58,34268306,79,79.2,77.91,78.12,34030600,2025-12-19T03:47:25Z
META,2014-09-30,78.49,79.16,78.06,78.8,36150174,79.04,79.71,78.6,79.35,35899400,2025-12-19T03:47:25Z
META,2014-10-01,76.02,78.27,75.37,78.23,55474914,76.55,78.82,75.9,78.78,55090100,2025-12-19T03:47:25Z
META,2014-10-02,76.55,76.94,75.11,76.04,36742481,77.08,77.48,75.64,76.57,36487600,2025-12-19T03:47:25Z
META,2014-10-03,76.9,77.52,76.72,77.22,23503141,77.44,78.06,77.26,77.76,23340100,2025-12-19T03:47:25Z
META,2014-10-06,77.02,77.35,76.32,76.64,25908816,77.56,77.89,76.85,77.17,25729100,2025-12-19T03:47:25Z
META,2014-10-07,75.76,77.41,75.71,76.52,25494244,76.29,77.95,76.24,77.05,25317400,2025-12-19T03:47:25Z
META,2014-10-08,76.98,77.17,74.58,75.65,33205822,77.52,77.71,75.1,76.18,32975500,2025-12-19T03:47:25Z
META,2014-10-09,75.38,77.22,75.32,76.74,32714044,75.91,77.76,75.85,77.28,32487100,2025-12-19T03:47:25Z
META,2014-10-10,72.4,75.97,72.26,75.07,52510383,72.91,76.5,72.76,75.59,52146100,2025-12-19T03:47:25Z
META,2014-10-13,72.48,74.26,72.02,72.72,44244502,72.99,74.78,72.52,73.23,43937600,2025-12-19T03:47:25Z
META,2014-10-14,73.08,73.67,71.55,73.49,50650564,73.59,74.18,72.05,74,50299200,2025-12-19T03:47:25Z
META,2014-10-15,72.7,73.29,69.83,71.19,61958053,73.21,73.8,70.32,71.69,61528300,2025-12-19T03:47:25Z
META,2014-10-16,72.13,72.84,70.09,70.3,53903302,72.63,73.35,70.58,70.79,53529400,2025-12-19T03:47:25Z
META,2014-10-17,75.42,75.47,73.24,73.69,76874811,75.95,76,73.75,74.2,76341600,2025-12-19T03:47:25Z
META,2014-10-20,76.42,76.56,74.86,75.08,34943600,76.95,77.09,75.38,75.6,34701200,2025-12-19T03:47:25Z
META,2014-10-21,78.14,78.19,76.61,77.02,32477668,78.69,78.74,77.15,77.56,32252400,2025-12-19T03:47:25Z
META,2014-10-22,77.83,79.3,77.47,78.27,42154699,78.37,79.85,78.01,78.82,41862300,2025-12-19T03:47:25Z
META,2014-10-23,79.48,80.07,78.46,78.83,35300663,80.04,80.63,79.01,79.38,35055800,2025-12-19T03:47:25Z
META,2014-10-24,80.11,80.26,78.77,79.64,32472759,80.67,80.82,79.32,80.2,32247500,2025-12-19T03:47:25Z
META,2014-10-27,79.72,80.24,79.21,80.18,30379641,80.28,80.8,79.76,80.74,30168900,2025-12-19T03:47:25Z
META,2014-10-28,80.21,80.6,79.02,79.62,74730089,80.77,81.16,79.57,80.18,74211696,2025-12-19T03:47:25Z
META,2014-10-29,75.33,76.35,74.26,74.93,106860738,75.86,76.88,74.78,75.45,106119504,2025-12-19T03:47:25Z
META,2014-10-30,73.6,74.83,72.39,74.53,83851180,74.11,75.35,72.9,75.05,83269504,2025-12-19T03:47:25Z
META,2014-10-31,74.47,75.18,73.93,74.41,44855457,74.99,75.7,74.45,74.93,44544300,2025-12-19T03:47:25Z
META,2014-11-03,73.37,75,73.19,74.95,41011794,73.88,75.52,73.7,75.47,40727300,2025-12-19T03:47:25Z
META,2014-11-04,75.23,75.24,73.14,73.72,39601091,75.76,75.77,73.65,74.23,39326400,2025-12-19T03:47:25Z
META,2014-11-05,74.31,76.27,73.9,75.98,36163368,74.83,76.8,74.42,76.51,35912500,2025-12-19T03:47:25Z
META,2014-11-06,74.74,75.08,73.79,74.37,21532477,75.26,75.6,74.31,74.89,21383100,2025-12-19T03:47:25Z
META,2014-11-07,75.08,75.33,74.5,74.87,20919407,75.6,75.86,75.02,75.39,20774300,2025-12-19T03:47:25Z
META,2014-11-10,74.48,74.96,74.09,74.89,21725819,75,75.48,74.61,75.41,21575100,2025-12-19T03:47:25Z
META,2014-11-11,74.09,74.46,73.52,74.39,18865980,74.61,74.98,74.03,74.91,18735100,2025-12-19T03:47:25Z
META,2014-11-12,74.2,74.62,73.03,73.77,26721960,74.72,75.14,73.54,74.28,26536600,2025-12-19T03:47:25Z
META,2014-11-13,73.74,74.72,73.13,74.22,26633127,74.25,75.24,73.64,74.74,26448400,2025-12-19T03:47:25Z
META,2014-11-14,74.36,74.41,73.53,73.76,19612842,74.88,74.93,74.04,74.27,19476800,2025-12-19T03:47:25Z
META,2014-11-17,73.72,75.13,73.37,74.37,28901589,74.24,75.65,73.88,74.89,28701100,2025-12-19T03:47:25Z
META,2014-11-18,73.82,74.28,73.39,73.93,20841175,74.34,74.8,73.9,74.45,20696600,2025-12-19T03:47:25Z
META,2014-11-19,72.82,74.02,72.6,73.5,25618822,73.33,74.54,73.11,74.01,25441100,2025-12-19T03:47:25Z
META,2014-11-20,73.09,73.48,72.01,72.3,19288588,73.6,73.99,72.51,72.8,19154800,2025-12-19T03:47:25Z
META,2014-11-21,73.24,73.98,72.99,73.98,23221384,73.75,74.5,73.5,74.5,23060300,2025-12-19T03:47:25Z
META,2014-11-24,73.5,73.83,72.84,73.03,22258205,74.01,74.35,73.35,73.54,22103800,2025-12-19T03:47:25Z
META,2014-11-25,75.11,75.22,73.62,73.69,32475461,75.63,75.74,74.13,74.21,32250200,2025-12-19T03:47:25Z
META,2014-11-26,77.08,77.24,74.99,75.01,32950054,77.62,77.78,75.51,75.53,32721500,2025-12-19T03:47:25Z
META,2014-11-28,77.16,77.73,76.69,77.21,16103708,77.7,78.27,77.23,77.75,15992000,2025-12-19T03:47:25Z
META,2014-12-01,74.58,76.77,74.28,76.63,32011836,75.1,77.31,74.8,77.16,31789800,2025-12-19T03:47:25Z
META,2014-12-02,74.94,75.38,74.52,74.81,16890979,75.46,75.91,75.04,75.33,16773800,2025-12-19T03:47:25Z
META,2014-12-03,74.36,75.21,73.88,74.86,16806375,74.88,75.73,74.4,75.38,16689800,2025-12-19T03:47:25Z
META,2014-12-04,74.72,75.03,74.14,74.31,14491016,75.24,75.55,74.66,74.83,14390500,2025-12-19T03:47:25Z
META,2014-12-05,75.83,76.23,74.84,75.27,24476188,76.36,76.76,75.36,75.8,24306400,2025-12-19T03:47:25Z
META,2014-12-08,75.99,76.71,74.88,75.65,25913556,76.52,77.25,75.4,76.18,25733800,2025-12-19T03:47:25Z
META,2014-12-09,76.31,76.4,74.26,74.68,25535627,76.84,76.93,74.78,75.2,25358500,2025-12-19T03:47:25Z
META,2014-12-10,75.65,77.01,75.54,76.12,32435476,76.18,77.55,76.07,76.65,32210500,2025-12-19T03:47:25Z
META,2014-12-11,77.19,77.97,75.95,75.99,33726556,77.73,78.52,76.48,76.52,33492600,2025-12-19T03:47:25Z
META,2014-12-12,77.29,78.33,76.49,76.63,28287830,77.83,78.88,77.02,77.16,28091600,2025-12-19T03:47:25Z
META,2014-12-15,76.46,78.04,76.03,77.92,29601852,76.99,78.58,76.56,78.46,29396500,2025-12-19T03:47:25Z
META,2014-12-16,74.17,76.85,74.07,75.65,31701000,74.69,77.39,74.59,76.18,31481100,2025-12-19T03:47:25Z
META,2014-12-17,75.58,75.88,74.38,74.49,29407910,76.11,76.41,74.9,75.01,29203900,2025-12-19T03:47:25Z
META,2014-12-18,77.86,77.86,75.98,76.36,34461030,78.4,78.4,76.51,76.89,34222000,2025-12-19T03:47:25Z
META,2014-12-19,79.33,79.44,77.79,78.2,43637600,79.88,80,78.33,78.75,43334900,2025-12-19T03:47:25Z
META,2014-12-22,80.89,81.32,79.44,79.53,31615003,81.45,81.89,80,80.08,31395700,2025-12-19T03:47:25Z
META,2014-12-23,80.05,81.6,79.84,81.43,20004574,80.61,82.17,80.4,82,19865800,2025-12-19T03:47:25Z
META,2014-12-24,80.21,80.86,80.19,80.47,7739085,80.77,81.43,80.75,81.03,7685400,2025-12-19T03:47:25Z
META,2014-12-26,80.22,80.72,79.95,80.46,10721680,80.78,81.28,80.51,81.02,10647300,2025-12-19T03:47:25Z
META,2014-12-29,79.46,80.4,79.16,79.93,14233336,80.02,80.96,79.71,80.49,14134600,2025-12-19T03:47:25Z
META,2014-12-30,78.67,80.03,78.55,79.3,14471076,79.22,80.59,79.1,79.85,14370700,2025-12-19T03:47:25Z
META,2014-12-31,77.48,79.25,77.32,78.98,20180385,78.02,79.8,77.86,79.53,20040400,2025-12-19T03:47:25Z
META,2015-01-02,77.91,78.38,77.16,78.04,18304375,78.45,78.93,77.7,78.58,18177400,2025-12-19T03:47:25Z
META,2015-01-05,76.65,78.7,76.33,77.44,26636857,77.19,79.25,76.86,77.98,26452100,2025-12-19T03:47:25Z
META,2015-01-06,75.62,77.05,74.84,76.69,27590576,76.15,77.59,75.36,77.23,27399200,2025-12-19T03:47:25Z
META,2015-01-07,75.62,76.82,75.29,76.23,22199279,76.15,77.36,75.82,76.76,22045300,2025-12-19T03:47:25Z
META,2015-01-08,77.64,77.69,75.55,76.21,24128267,78.18,78.23,76.08,76.74,23960900,2025-12-19T03:47:25Z
META,2015-01-09,77.2,78.08,76.67,77.66,21304795,77.74,78.62,77.2,78.2,21157000,2025-12-19T03:47:25Z
META,2015-01-12,76.19,77.46,75.68,77.3,19324150,76.72,78,76.21,77.84,19190100,2025-12-19T03:47:25Z
META,2015-01-13,75.92,77.54,75.32,76.69,25355377,76.45,78.08,75.85,77.23,25179500,2025-12-19T03:47:25Z
META,2015-01-14,75.75,76.67,75.5,75.89,26099533,76.28,77.2,76.03,76.42,25918500,2025-12-19T03:47:25Z
META,2015-01-15,73.54,76.04,73.03,75.87,34372350,74.05,76.57,73.54,76.4,34133900,2025-12-19T03:47:25Z
META,2015-01-16,74.66,74.8,73.33,73.53,21943715,75.18,75.32,73.84,74.04,21791500,2025-12-19T03:47:25Z
META,2015-01-20,75.71,75.78,74.3,75.19,22981026,76.24,76.31,74.82,75.72,22821600,2025-12-19T03:47:25Z
META,2015-01-21,76.21,76.76,75.32,75.63,25271996,76.74,77.3,75.85,76.16,25096700,2025-12-19T03:47:25Z
META,2015-01-22,77.11,77.21,76.15,76.64,19655737,77.65,77.75,76.68,77.17,19519400,2025-12-19T03:47:25Z
META,2015-01-23,77.29,77.65,76.51,77.11,16863480,77.83,78.19,77.04,77.65,16746500,2025-12-19T03:47:25Z
META,2015-01-26,76.96,77.93,76.75,77.44,19395339,77.5,78.47,77.29,77.98,19260800,2025-12-19T03:47:25Z
META,2015-01-27,75.25,76.35,75.11,76.18,20250379,75.78,76.88,75.63,76.71,20109900,2025-12-19T03:47:25Z
META,2015-01-28,75.71,77.1,75.47,76.37,53678786,76.24,77.64,76,76.9,53306400,2025-12-19T03:47:25Z
META,2015-01-29,77.46,77.48,73.69,76.32,61721570,78,78.02,74.21,76.85,61293400,2025-12-19T03:47:25Z
META,2015-01-30,75.38,77.62,75.22,77.46,42947333,75.91,78.16,75.75,78,42649400,2025-12-19T03:47:25Z
META,2015-02-02,74.47,75.61,73.24,75.58,42248269,74.99,76.14,73.75,76.11,41955200,2025-12-19T03:47:25Z
META,2015-02-03,74.88,75.06,73.35,74.64,27145993,75.4,75.58,73.86,75.16,26957700,2025-12-19T03:47:25Z
META,2015-02-04,75.11,75.82,74.49,74.57,20418932,75.63,76.35,75.01,75.09,20277300,2025-12-19T03:47:25Z
META,2015-02-05,75.09,75.45,74.69,75.19,15167716,75.61,75.98,75.21,75.71,15062500,2025-12-19T03:47:25Z
META,2015-02-06,73.95,75.18,73.74,75.16,21359069,74.47,75.7,74.25,75.68,21210900,2025-12-19T03:47:25Z
META,2015-02-09,73.92,74.31,72.94,73.54,16307427,74.44,74.83,73.45,74.05,16194300,2025-12-19T03:47:25Z
META,2015-02-10,74.67,74.82,73.98,74.33,15921750,75.19,75.34,74.5,74.85,15811300,2025-12-19T03:47:25Z
META,2015-02-11,75.98,76.22,74.51,74.57,21023224,76.51,76.75,75.03,75.09,20877400,2025-12-19T03:47:25Z
META,2015-02-12,75.7,76.34,75.36,76.31,17355291,76.23,76.87,75.89,76.84,17234900,2025-12-19T03:47:25Z
META,2015-02-13,75.21,75.95,74.98,75.93,18751879,75.74,76.48,75.5,76.46,18621800,2025-12-19T03:47:25Z
META,2015-02-17,75.08,76.38,74.56,74.78,25430801,75.6,76.91,75.08,75.3,25254400,2025-12-19T03:47:25Z
META,2015-02-18,76.18,76.37,74.93,75.41,22583046,76.71,76.9,75.45,75.94,22426400,2025-12-19T03:47:25Z
META,2015-02-19,78.87,79.29,76.42,76.46,46171366,79.42,79.84,76.95,76.99,45851100,2025-12-19T03:47:25Z
META,2015-02-20,79.34,79.78,78.65,79,37189685,79.89,80.34,79.2,79.55,36931700,2025-12-19T03:47:25Z
META,2015-02-23,78.29,79.63,77.84,79.41,24307617,78.84,80.19,78.38,79.96,24139000,2025-12-19T03:47:25Z
META,2015-02-24,77.91,78.93,77.56,77.96,19029102,78.45,79.48,78.1,78.5,18897100,2025-12-19T03:47:25Z
META,2015-02-25,79.01,79.64,77.96,77.96,25772480,79.56,80.2,78.5,78.5,25593700,2025-12-19T03:47:25Z
META,2015-02-26,79.85,80.81,79.17,79.43,31329127,80.41,81.37,79.72,79.98,31111800,2025-12-19T03:47:25Z
META,2015-02-27,78.42,80.67,78.08,80.12,30953819,78.97,81.23,78.62,80.68,30739100,2025-12-19T03:47:25Z
META,2015-03-02,79.2,79.31,77.97,78.45,21813815,79.75,79.86,78.52,79,21662500,2025-12-19T03:47:25Z
META,2015-03-03,79.05,79.15,77.97,79.06,18765076,79.6,79.7,78.52,79.61,18634900,2025-12-19T03:47:25Z
META,2015-03-04,80.33,80.59,78.3,78.75,28323062,80.89,81.15,78.85,79.3,28126600,2025-12-19T03:47:25Z
META,2015-03-05,80.65,81.42,80.49,80.67,28020056,81.21,81.99,81.05,81.23,27825700,2025-12-19T03:47:25Z
META,2015-03-06,79.45,80.77,79.28,80.34,24659544,80,81.33,79.83,80.9,24488500,2025-12-19T03:47:25Z
META,2015-03-09,78.89,79.36,78.08,79.13,19057205,79.44,79.91,78.63,79.68,18925000,2025-12-19T03:47:25Z
META,2015-03-10,77.01,78.71,77.01,77.96,23228115,77.55,79.26,77.55,78.5,23067000,2025-12-19T03:47:25Z
META,2015-03-11,77.03,77.89,76.72,77.26,20356915,77.57,78.43,77.26,77.8,20215700,2025-12-19T03:47:25Z
META,2015-03-12,78.38,78.5,77.37,77.56,16205712,78.93,79.05,77.91,78.1,16093300,2025-12-19T03:47:25Z
META,2015-03-13,77.51,78.83,77.14,78.06,18686823,78.05,79.38,77.68,78.6,18557200,2025-12-19T03:47:25Z
META,2015-03-16,77.53,77.58,76.82,77.42,19440265,78.07,78.12,77.36,77.96,19305400,2025-12-19T03:47:25Z
META,2015-03-17,78.81,79.23,77.8,77.82,22324760,79.36,79.78,78.34,78.36,22169900,2025-12-19T03:47:25Z
META,2015-03-18,80.35,80.68,78.62,78.7,37170219,80.91,81.24,79.17,79.25,36912400,2025-12-19T03:47:25Z
META,2015-03-19,82.18,82.42,80.44,80.56,42393562,82.75,83,81,81.12,42099500,2025-12-19T03:47:25Z
META,2015-03-20,83.22,84.01,82.49,82.81,44776910,83.8,84.6,83.07,83.39,44466300,2025-12-19T03:47:25Z
META,2015-03-23,83.84,84.37,82.72,83.34,27548407,84.43,84.96,83.3,83.92,27357300,2025-12-19T03:47:25Z
META,2015-03-24,84.72,85.47,83.93,84.17,32804062,85.31,86.07,84.52,84.76,32576500,2025-12-19T03:47:25Z
META,2015-03-25,82.34,84.93,82.35,84.91,37697597,82.92,85.52,82.92,85.5,37436100,2025-12-19T03:47:25Z
META,2015-03-26,82.43,83.19,81.57,82.15,33023871,83.01,83.77,82.14,82.72,32794800,2025-12-19T03:47:25Z
META,2015-03-27,82.72,83.37,82.31,82.8,18500829,83.3,83.95,82.88,83.38,18372500,2025-12-19T03:47:25Z
META,2015-03-30,82.61,83.76,81.84,83.23,24698940,83.19,84.34,82.41,83.81,24527600,2025-12-19T03:47:25Z
META,2015-03-31,81.64,82.92,81.64,82.33,19872053,82.21,83.5,82.21,82.9,19734200,2025-12-19T03:47:25Z
META,2015-04-01,81.1,82.15,80.31,81.94,22212172,81.67,82.72,80.87,82.51,22058100,2025-12-19T03:47:25Z
META,2015-04-02,80.99,81.99,80.88,81.68,19801366,81.56,82.56,81.44,82.25,19664000,2025-12-19T03:47:25Z
META,2015-04-06,81.87,82.24,80.24,80.24,19196065,82.44,82.81,80.8,80.8,19062900,2025-12-19T03:47:25Z
META,2015-04-07,81.75,82.84,81.65,82.08,17589002,82.32,83.42,82.22,82.65,17467000,2025-12-19T03:47:25Z
META,2015-04-08,81.71,82.52,81.27,82.06,19099197,82.28,83.1,81.84,82.63,18966700,2025-12-19T03:47:25Z
META,2015-04-09,81.6,82.23,81.14,81.93,16038456,82.17,82.8,81.71,82.5,15927200,2025-12-19T03:47:25Z
META,2015-04-10,81.47,82.04,81.34,81.63,12617223,82.04,82.61,81.91,82.2,12529700,2025-12-19T03:47:25Z
META,2015-04-13,82.43,83.36,81.35,81.36,27070778,83.01,83.94,81.92,81.93,26883000,2025-12-19T03:47:25Z
META,2015-04-14,82.93,83.11,81.87,82.59,19771251,83.51,83.69,82.44,83.17,19634100,2025-12-19T03:47:25Z
META,2015-04-15,82.14,83.08,81.7,82.97,22547294,82.71,83.66,82.27,83.55,22390900,2025-12-19T03:47:25Z
META,2015-04-16,81.74,82.49,81.58,81.89,13865789,82.31,83.07,82.15,82.46,13769600,2025-12-19T03:47:25Z
META,2015-04-17,80.22,81.54,79.81,80.92,24384061,80.78,82.11,80.37,81.48,24214900,2025-12-19T03:47:25Z
META,2015-04-20,82.51,82.57,80.68,80.97,28997858,83.09,83.15,81.24,81.54,28796700,2025-12-19T03:47:25Z
META,2015-04-21,83.04,83.9,82.96,83.42,27361584,83.62,84.49,83.54,84,27171800,2025-12-19T03:47:25Z
META,2015-04-22,84.04,84.15,83.07,83.74,45866084,84.63,84.74,83.65,84.32,45547900,2025-12-19T03:47:25Z
META,2015-04-23,81.84,85,81.84,83.52,74243047,82.41,85.59,82.41,84.1,73728000,2025-12-19T03:47:25Z
META,2015-04-24,80.96,82.37,80.92,82.2,29867498,81.53,82.94,81.48,82.77,29660300,2025-12-19T03:47:25Z
META,2015-04-27,81.34,82.36,81.06,81.3,25623751,81.91,82.93,81.63,81.87,25446000,2025-12-19T03:47:25Z
META,2015-04-28,80.12,81.33,79.67,81.26,23941388,80.68,81.9,80.23,81.83,23775300,2025-12-19T03:47:25Z
META,2015-04-29,79.9,80.83,78.97,79.46,26614808,80.46,81.39,79.52,80.01,26430200,2025-12-19T03:47:25Z
META,2015-04-30,78.22,80.4,77.78,79.46,29201558,78.77,80.96,78.32,80.01,28999000,2025-12-19T03:47:25Z
META,2015-05-01,78.44,79.21,77.57,78.69,24304886,78.99,79.76,78.11,79.24,24136300,2025-12-19T03:47:25Z
META,2015-05-04,78.26,79.14,78.08,78.78,14794527,78.81,79.69,78.63,79.33,14691900,2025-12-19T03:47:25Z
META,2015-05-05,77.02,78.25,76.68,78.01,22467143,77.56,78.8,77.22,78.55,22311300,2025-12-19T03:47:25Z
META,2015-05-06,77.56,78.26,76.52,77.43,28863231,78.1,78.81,77.05,77.97,28663000,2025-12-19T03:47:25Z
META,2015-05-07,77.89,78.39,77.02,77.45,19887340,78.43,78.94,77.56,77.99,19749400,2025-12-19T03:47:25Z
META,2015-05-08,77.97,78.68,77.49,78.55,20082808,78.51,79.23,78.03,79.1,19943500,2025-12-19T03:47:25Z
META,2015-05-11,77.47,78.48,77.39,77.94,19005830,78.01,79.03,77.93,78.48,18874000,2025-12-19T03:47:25Z
META,2015-05-12,76.92,77.35,76.26,77.33,21433976,77.46,77.89,76.79,77.87,21285300,2025-12-19T03:47:25Z
META,2015-05-13,77.9,77.99,77.11,77.18,21662564,78.44,78.53,77.65,77.72,21512300,2025-12-19T03:47:25Z
META,2015-05-14,80.81,81.28,78.12,78.39,49783206,81.37,81.85,78.67,78.94,49437900,2025-12-19T03:47:25Z
META,2015-05-15,79.86,80.95,79.62,80.85,27258904,80.42,81.52,80.18,81.41,27069800,2025-12-19T03:47:25Z
META,2015-05-18,80.32,80.82,79.67,79.77,21764589,80.88,81.38,80.23,80.33,21613600,2025-12-19T03:47:25Z
META,2015-05-19,80.07,81.12,79.99,80.7,18080718,80.63,81.69,80.55,81.26,17955300,2025-12-19T03:47:25Z
META,2015-05-20,79.99,80.54,78.91,79.67,23217970,80.55,81.1,79.46,80.23,23056900,2025-12-19T03:47:25Z
META,2015-05-21,79.92,80.36,79.53,79.63,13496326,80.48,80.92,80.08,80.19,13402700,2025-12-19T03:47:25Z
META,2015-05-22,79.98,80.75,79.69,79.79,19704589,80.54,81.31,80.25,80.35,19567900,2025-12-19T03:47:25Z
META,2015-05-26,78.78,80.04,78.53,79.87,16435309,79.33,80.6,79.08,80.43,16321300,2025-12-19T03:47:25Z
META,2015-05-27,79.99,80.1,78.88,79.05,14259724,80.55,80.66,79.43,79.6,14160800,2025-12-19T03:47:25Z
META,2015-05-28,79.58,80.51,79.44,79.69,12065695,80.14,81.07,80,80.25,11982000,2025-12-19T03:47:25Z
META,2015-05-29,78.64,79.52,78.33,79.39,16247199,79.19,80.07,78.88,79.94,16134500,2025-12-19T03:47:25Z
META,2015-06-01,79.73,79.82,78.11,78.75,18245553,80.29,80.38,78.66,79.3,18119000,2025-12-19T03:47:25Z
META,2015-06-02,79.88,80.79,79.01,79.21,19055485,80.44,81.35,79.56,79.76,18923300,2025-12-19T03:47:25Z
META,2015-06-03,81.87,81.96,80.69,80.79,31996867,82.44,82.53,81.25,81.35,31774900,2025-12-19T03:47:25Z
META,2015-06-04,81.48,82.38,80.94,81.57,21009549,82.05,82.95,81.51,82.14,20863800,2025-12-19T03:47:25Z
META,2015-06-05,81.57,81.89,80.94,81.33,16255765,82.14,82.46,81.51,81.9,16143000,2025-12-19T03:47:25Z
META,2015-06-08,80.11,81.43,79.57,81.28,17033559,80.67,82,80.13,81.85,16915400,2025-12-19T03:47:25Z
META,2015-06-09,80.11,80.63,78.77,80.07,16612740,80.67,81.19,79.32,80.63,16497500,2025-12-19T03:47:25Z
META,2015-06-10,81.59,82.03,80.25,80.27,21681594,82.16,82.6,80.81,80.83,21531200,2025-12-19T03:47:25Z
META,2015-06-11,81.26,82.33,80.8,81.74,18787114,81.83,82.9,81.36,82.31,18656800,2025-12-19T03:47:25Z
META,2015-06-12,80.96,81.52,80.64,80.81,11480644,81.53,82.09,81.2,81.37,11401000,2025-12-19T03:47:25Z
META,2015-06-15,80.15,80.37,79.52,79.99,18936364,80.71,80.93,80.07,80.55,18805000,2025-12-19T03:47:25Z
META,2015-06-16,80.5,80.94,79.89,80.26,13789252,81.06,81.51,80.45,80.82,13693600,2025-12-19T03:47:25Z
META,2015-06-17,81.22,81.65,80.78,81.18,18478388,81.79,82.22,81.34,81.75,18350200,2025-12-19T03:47:25Z
META,2015-06-18,82.32,82.61,81,81.01,26969596,82.9,83.19,81.57,81.58,26782500,2025-12-19T03:47:25Z
META,2015-06-19,81.94,82.4,81.55,82.31,23516241,82.51,82.98,82.12,82.88,23353100,2025-12-19T03:47:25Z
META,2015-06-22,84.15,84.38,82.73,82.87,29588239,84.74,84.97,83.31,83.45,29383000,2025-12-19T03:47:25Z
META,2015-06-23,87.27,87.36,84.17,84.36,51021724,87.88,87.97,84.76,84.95,50667800,2025-12-19T03:47:25Z
META,2015-06-24,88.24,88.63,86.84,87.05,41659179,88.86,89.25,87.45,87.66,41370200,2025-12-19T03:47:25Z
META,2015-06-25,87.37,88.78,87.22,88.64,27492614,87.98,89.4,87.83,89.26,27301900,2025-12-19T03:47:25Z
META,2015-06-26,87.4,87.73,86.23,87.51,38481537,88.01,88.34,86.83,88.12,38214600,2025-12-19T03:47:25Z
META,2015-06-29,85.2,86.89,85.14,86.01,36208984,85.8,87.5,85.73,86.61,35957800,2025-12-19T03:47:25Z
META,2015-06-30,85.17,86.1,84.98,86,23395389,85.76,86.7,85.57,86.6,23233100,2025-12-19T03:47:25Z
META,2015-07-01,86.31,87.34,85.89,86.17,25436455,86.91,87.95,86.49,86.77,25260000,2025-12-19T03:47:25Z
META,2015-07-02,86.68,86.83,85.74,86.79,17026808,87.29,87.44,86.34,87.4,16908700,2025-12-19T03:47:25Z
META,2015-07-06,86.94,87.57,85.79,85.89,24807984,87.55,88.18,86.39,86.49,24635900,2025-12-19T03:47:25Z
META,2015-07-07,86.62,87.24,84.64,87.19,33290821,87.22,87.85,85.23,87.8,33059900,2025-12-19T03:47:25Z
META,2015-07-08,85.06,86.15,84.85,85.69,24569724,85.65,86.75,85.44,86.29,24399300,2025-12-19T03:47:25Z
META,2015-07-09,85.28,86.99,85.06,86.13,23470197,85.88,87.6,85.65,86.73,23307400,2025-12-19T03:47:25Z
META,2015-07-10,87.34,87.61,86.17,86.74,23408180,87.95,88.22,86.77,87.35,23245800,2025-12-19T03:47:25Z
META,2015-07-13,89.48,89.59,87.81,88.07,30185992,90.1,90.22,88.42,88.68,29976600,2025-12-19T03:47:25Z
META,2015-07-14,89.06,90.17,89.03,89.79,26813803,89.68,90.8,89.65,90.42,26627800,2025-12-19T03:47:25Z
META,2015-07-15,89.14,90.36,88.8,89.38,31102334,89.76,90.99,89.42,90,30886600,2025-12-19T03:47:25Z
META,2015-07-16,90.22,90.23,89.15,89.65,21956302,90.85,90.86,89.77,90.28,21804000,2025-12-19T03:47:25Z
META,2015-07-17,94.31,94.73,91.9,91.91,54378820,94.97,95.39,92.54,92.55,54001600,2025-12-19T03:47:25Z
META,2015-07-20,97.23,97.92,94.7,95.19,55243731,97.91,98.6,95.36,95.85,54860500,2025-12-19T03:47:25Z
META,2015-07-21,97.71,98.55,96.47,98.26,39728887,98.39,99.24,97.14,98.95,39453300,2025-12-19T03:47:25Z
META,2015-07-22,96.37,96.9,95.26,96.01,28497165,97.04,97.58,95.92,96.68,28299500,2025-12-19T03:47:25Z
META,2015-07-23,94.78,96.77,94.15,96.29,29624284,95.44,97.45,94.81,96.96,29418800,2025-12-19T03:47:25Z
META,2015-07-24,96.28,97.08,95.22,96.68,33678513,96.95,97.76,95.88,97.35,33444900,2025-12-19T03:47:25Z
META,2015-07-27,93.52,95.94,93.18,95.91,38854812,94.17,96.61,93.83,96.58,38585300,2025-12-19T03:47:25Z
META,2015-07-28,94.63,94.9,92.66,94.18,35482029,95.29,95.56,93.31,94.84,35235900,2025-12-19T03:47:25Z
META,2015-07-29,96.32,96.61,94.08,95.65,65099885,96.99,97.28,94.74,96.32,64648300,2025-12-19T03:47:25Z
META,2015-07-30,94.55,95.15,91.16,94.25,86813549,95.21,95.81,91.8,94.91,86211296,2025-12-19T03:47:25Z
META,2015-07-31,93.36,95.66,93.3,94.29,46833861,94.01,96.33,93.95,94.95,46509000,2025-12-19T03:47:25Z
META,2015-08-03,93.49,94.42,92.16,92.88,29548058,94.14,95.08,92.8,93.53,29343100,2025-12-19T03:47:25Z
META,2015-08-04,93.41,94.07,92.68,93.14,20276659,94.06,94.73,93.33,93.79,20136000,2025-12-19T03:47:25Z
META,2015-08-05,95.77,96.42,94.52,94.59,30021356,96.44,97.09,95.18,95.25,29813100,2025-12-19T03:47:25Z
META,2015-08-06,94.46,98.06,93.77,96.51,42566564,95.12,98.74,94.42,97.18,42271300,2025-12-19T03:47:25Z
META,2015-08-07,93.65,94.74,92.96,94.72,23361142,94.3,95.4,93.61,95.38,23199100,2025-12-19T03:47:25Z
META,2015-08-10,93.5,95.24,92.98,95.02,21775149,94.15,95.9,93.63,95.68,21624100,2025-12-19T03:47:25Z
META,2015-08-11,92.97,94.1,92.26,93.08,22648100,93.62,94.76,92.9,93.73,22491000,2025-12-19T03:47:25Z
META,2015-08-12,93.54,93.79,90.56,92.06,27309750,94.19,94.44,91.19,92.7,27120300,2025-12-19T03:47:25Z
META,2015-08-13,92.78,94.07,92.7,93.4,17573604,93.43,94.73,93.35,94.05,17451700,2025-12-19T03:47:25Z
META,2015-08-14,93.77,94.06,92.56,92.89,16040877,94.42,94.72,93.21,93.54,15929600,2025-12-19T03:47:25Z
META,2015-08-17,93.28,93.81,92.74,93.77,18441429,93.93,94.46,93.39,94.42,18313500,2025-12-19T03:47:25Z
META,2015-08-18,94.51,95.19,93.39,93.43,22434428,95.17,95.85,94.04,94.08,22278800,2025-12-19T03:47:25Z
META,2015-08-19,94.65,95.43,93.51,93.97,23413604,95.31,96.1,94.16,94.63,23251200,2025-12-19T03:47:25Z
META,2015-08-20,89.93,94.11,89.83,92.89,44909730,90.56,94.77,90.46,93.54,44598200,2025-12-19T03:47:25Z
META,2015-08-21,85.46,88.56,85.02,86.91,63217141,86.06,89.18,85.61,87.52,62778600,2025-12-19T03:47:25Z
META,2015-08-24,81.52,86.54,71.5,76.5,84295400,82.09,87.14,72,77.03,83710704,2025-12-19T03:47:25Z
META,2015-08-25,82.42,87.06,82.42,86.35,52384544,83,87.67,83,86.95,52021200,2025-12-19T03:47:25Z
META,2015-08-26,86.59,86.85,82.68,85.35,45439495,87.19,87.46,83.26,85.95,45124300,2025-12-19T03:47:25Z
META,2015-08-27,89.11,89.44,86.59,88.48,42727678,89.73,90.06,87.19,89.1,42431300,2025-12-19T03:47:25Z
META,2015-08-28,90.38,90.85,89.17,89.26,33447815,91.01,91.48,89.79,89.88,33215800,2025-12-19T03:47:25Z
META,2015-08-31,88.81,90.42,88.27,89.97,33080084,89.43,91.05,88.89,90.6,32850600,2025-12-19T03:47:25Z
META,2015-09-01,86.62,88.77,85.9,86.25,36349449,87.23,89.39,86.5,86.85,36097300,2025-12-19T03:47:25Z
META,2015-09-02,89.27,89.27,87.02,88.19,27380417,89.89,89.89,87.63,88.81,27190500,2025-12-19T03:47:25Z
META,2015-09-03,87.54,89.2,87.12,89.14,27237045,88.15,89.82,87.73,89.76,27048100,2025-12-19T03:47:25Z
META,2015-09-04,87.65,87.78,86.1,86.6,27519485,88.26,88.39,86.7,87.2,27328600,2025-12-19T03:47:25Z
META,2015-09-08,88.91,89.61,88.21,89.07,27201175,89.53,90.24,88.83,89.69,27012500,2025-12-19T03:47:25Z
META,2015-09-09,89.81,91.34,89.54,90.15,32778493,90.44,91.98,90.17,90.78,32551100,2025-12-19T03:47:25Z
META,2015-09-10,91.34,91.42,89.01,89.45,26621958,91.98,92.06,89.63,90.07,26437300,2025-12-19T03:47:25Z
META,2015-09-11,91.41,91.44,90.5,91.04,21332976,92.05,92.08,91.13,91.68,21185000,2025-12-19T03:47:25Z
META,2015-09-14,91.67,91.98,90.97,91.67,20268389,92.31,92.62,91.6,92.31,20127800,2025-12-19T03:47:25Z
META,2015-09-15,92.26,92.6,91.15,91.73,18991032,92.9,93.25,91.79,92.37,18859300,2025-12-19T03:47:25Z
META,2015-09-16,92.8,92.95,91.99,92.26,16435098,93.45,93.6,92.63,92.9,16321100,2025-12-19T03:47:25Z
META,2015-09-17,93.69,94.85,92.26,92.72,28036275,94.34,95.51,92.9,93.37,27841800,2025-12-19T03:47:25Z
META,2015-09-18,93.75,94.53,92.4,92.55,62735056,94.4,95.19,93.05,93.2,62299900,2025-12-19T03:47:25Z
META,2015-09-21,94.89,95.82,93.86,93.96,28991003,95.55,96.49,94.52,94.62,28789900,2025-12-19T03:47:25Z
META,2015-09-22,92.32,94.02,91.28,93.12,37146457,92.96,94.68,91.92,93.77,36888800,2025-12-19T03:47:25Z
META,2015-09-23,93.32,93.67,92.16,92.75,21852978,93.97,94.32,92.8,93.4,21701400,2025-12-19T03:47:25Z
META,2015-09-24,93.76,94.1,91.6,92.42,29309213,94.41,94.76,92.24,93.06,29105900,2025-12-19T03:47:25Z
META,2015-09-25,92.13,95.19,91.42,95.13,29163894,92.77,95.85,92.06,95.79,28961600,2025-12-19T03:47:25Z
META,2015-09-28,88.59,91.65,87.57,91.44,41487576,89.21,92.29,88.18,92.08,41199800,2025-12-19T03:47:25Z
META,2015-09-29,86.07,89.44,85.13,88.48,42577140,86.67,90.06,85.72,89.1,42281800,2025-12-19T03:47:25Z
META,2015-09-30,89.28,89.4,87.4,87.83,36421744,89.9,90.02,88.01,88.44,36169100,2025-12-19T03:47:25Z
META,2015-10-01,90.32,90.32,87.75,89.43,29488152,90.95,90.95,88.36,90.05,29283600,2025-12-19T03:47:25Z
META,2015-10-02,91.43,91.56,87.76,88.28,38146225,92.07,92.2,88.37,88.9,37881600,2025-12-19T03:47:25Z
META,2015-10-05,93.36,93.62,92.02,92.3,27483136,94.01,94.27,92.66,92.94,27292500,2025-12-19T03:47:25Z
META,2015-10-06,92.16,93.52,91.7,93.43,22645277,92.8,94.17,92.34,94.08,22488200,2025-12-19T03:47:25Z
META,2015-10-07,91.76,93.01,90.74,92.46,24297758,92.4,93.66,91.37,93.11,24129200,2025-12-19T03:47:25Z
META,2015-10-08,91.83,92.57,89.84,91.25,27481117,92.47,93.22,90.47,91.89,27290500,2025-12-19T03:47:25Z
META,2015-10-09,92.59,93.09,91.6,92.26,20122185,93.24,93.74,92.24,92.9,19982600,2025-12-19T03:47:25Z
META,2015-10-12,93.61,93.94,92.03,92.67,18578381,94.26,94.6,92.67,93.32,18449500,2025-12-19T03:47:25Z
META,2015-10-13,93.47,94.71,92.9,93.01,19616377,94.12,95.37,93.55,93.66,19480300,2025-12-19T03:47:25Z
META,2015-10-14,93.42,94.54,92.96,93.43,19387778,94.07,95.2,93.61,94.08,19253300,2025-12-19T03:47:25Z
META,2015-10-15,95.29,95.63,94.24,94.33,27750011,95.96,96.3,94.9,94.99,27557500,2025-12-19T03:47:25Z
META,2015-10-16,96.86,96.91,94.69,95.51,25590310,97.54,97.59,95.35,96.18,25412800,2025-12-19T03:47:25Z
META,2015-10-19,97.79,97.89,96.25,96.51,23895666,98.47,98.57,96.92,97.18,23729900,2025-12-19T03:47:25Z
META,2015-10-20,96.33,98.9,95.89,98.05,31097425,97,99.59,96.56,98.73,30881700,2025-12-19T03:47:25Z
META,2015-10-21,96.44,97.5,95.8,96.7,22157393,97.11,98.18,96.47,97.37,22003700,2025-12-19T03:47:25Z
META,2015-10-22,98.98,99.04,96.87,97.11,26576357,99.67,99.73,97.55,97.79,26392000,2025-12-19T03:47:25Z
META,2015-10-23,101.48,102.14,99.47,101.2,43108650,102.19,102.85,100.16,101.91,42809600,2025-12-19T03:47:25Z
META,2015-10-26,103.05,103.09,100.85,101.49,26142537,103.77,103.81,101.55,102.2,25961200,2025-12-19T03:47:25Z
META,2015-10-27,102.98,103.38,101.69,102.23,23961606,103.7,104.1,102.4,102.94,23795400,2025-12-19T03:47:25Z
META,2015-10-28,103.48,103.76,102.21,103.18,24249711,104.2,104.48,102.92,103.9,24081500,2025-12-19T03:47:25Z
META,2015-10-29,104.15,104.39,102.8,103.24,20458510,104.88,105.12,103.52,103.96,20316600,2025-12-19T03:47:25Z
META,2015-10-30,101.26,103.99,100.95,103.79,33720999,101.97,104.72,101.65,104.51,33487100,2025-12-19T03:47:25Z
META,2015-11-02,102.59,102.75,100.48,101.75,24171563,103.31,103.47,101.18,102.46,24003900,2025-12-19T03:47:25Z
META,2015-11-03,101.87,102.93,101.69,102.5,21390687,102.58,103.65,102.4,103.22,21242300,2025-12-19T03:47:25Z
META,2015-11-04,103.22,103.42,101.77,102.47,43772941,103.94,104.14,102.48,103.19,43469300,2025-12-19T03:47:25Z
META,2015-11-05,108.01,109.88,107.2,108.05,63674470,108.76,110.65,107.95,108.8,63232800,2025-12-19T03:47:25Z
META,2015-11-06,106.36,107.99,105.18,107.29,35329362,107.1,108.74,105.91,108.04,35084300,2025-12-19T03:47:25Z
META,2015-11-09,105.75,107.5,105.13,106.26,26567794,106.49,108.25,105.86,107,26383500,2025-12-19T03:47:25Z
META,2015-11-10,107.16,107.4,104.51,105.23,25206440,107.91,108.15,105.24,105.96,25031600,2025-12-19T03:47:25Z
META,2015-11-11,108.25,109.11,106.37,107.52,25232134,109.01,109.87,107.11,108.27,25057100,2025-12-19T03:47:25Z
META,2015-11-12,107.27,108.63,107.25,107.73,21070760,108.02,109.39,108,108.48,20924600,2025-12-19T03:47:25Z
META,2015-11-13,103.23,107.5,103.11,106.96,30489908,103.95,108.25,103.83,107.71,30278400,2025-12-19T03:47:25Z
META,2015-11-16,103.32,103.45,99.77,102.6,49653534,104.04,104.17,100.47,103.32,49309100,2025-12-19T03:47:25Z
META,2015-11-17,104.4,105.46,103.42,103.89,26994461,105.13,106.2,104.14,104.62,26807200,2025-12-19T03:47:25Z
META,2015-11-18,107.02,107.13,104.66,105.07,24003009,107.77,107.88,105.39,105.8,23836500,2025-12-19T03:47:25Z
META,2015-11-19,105.52,106.98,105.22,106.62,25698767,106.26,107.73,105.95,107.36,25520500,2025-12-19T03:47:25Z
META,2015-11-20,106.58,107.12,105.88,106.1,22284168,107.32,107.87,106.62,106.84,22129600,2025-12-19T03:47:25Z
META,2015-11-23,106.21,106.73,105.34,106.45,20036188,106.95,107.47,106.08,107.19,19897200,2025-12-19T03:47:25Z
META,2015-11-24,105.01,105.75,103.67,105.27,23738268,105.74,106.49,104.39,106,23573600,2025-12-19T03:47:25Z
META,2015-11-25,104.68,105.86,104.37,105.59,15256530,105.41,106.6,105.1,106.33,15150700,2025-12-19T03:47:25Z
META,2015-11-27,104.72,105.23,104.13,105.05,5954304,105.45,105.96,104.86,105.78,5913000,2025-12-19T03:47:25Z
META,2015-11-30,103.52,105.36,103.03,105.11,20525482,104.24,106.1,103.75,105.84,20383100,2025-12-19T03:47:25Z
META,2015-12-01,106.38,106.41,103.78,104.1,22940944,107.12,107.15,104.5,104.83,22781800,2025-12-19T03:47:25Z
META,2015-12-02,105.33,107.17,105.06,106.26,24599647,106.07,107.92,105.79,107,24429000,2025-12-19T03:47:25Z
META,2015-12-03,103.66,106.11,102.63,105.53,23398720,104.38,106.85,103.35,106.27,23236400,2025-12-19T03:47:25Z
META,2015-12-04,105.44,106.98,103.39,104.08,21372950,106.18,107.73,104.11,104.81,21224700,2025-12-19T03:47:25Z
META,2015-12-07,104.88,106.09,103.93,105.74,15582895,105.61,106.83,104.66,106.48,15474800,2025-12-19T03:47:25Z
META,2015-12-08,105.75,106.17,103.23,103.28,20544211,106.49,106.91,103.95,104,20401700,2025-12-19T03:47:25Z
META,2015-12-09,103.87,105.7,102.83,105.44,23681476,104.6,106.44,103.55,106.18,23517200,2025-12-19T03:47:25Z
META,2015-12-10,104.69,105.66,103.69,104.32,17576226,105.42,106.4,104.41,105.05,17454300,2025-12-19T03:47:25Z
META,2015-12-11,101.41,103.62,101.2,103.43,26612309,102.12,104.34,101.91,104.15,26427700,2025-12-19T03:47:25Z
META,2015-12-14,103.93,104.01,100.76,101.58,24986727,104.66,104.74,101.46,102.29,24813400,2025-12-19T03:47:25Z
META,2015-12-15,103.82,105.07,103.56,104.57,21916320,104.55,105.8,104.28,105.3,21764300,2025-12-19T03:47:25Z
META,2015-12-16,106.05,106.35,103.47,104.64,22838932,106.79,107.09,104.19,105.37,22680500,2025-12-19T03:47:25Z
META,2015-12-17,105.48,107,105.39,106.74,21827005,106.22,107.75,106.13,107.49,21675600,2025-12-19T03:47:25Z
META,2015-12-18,103.32,105.85,103.25,105.34,36245628,104.04,106.59,103.97,106.08,35994200,2025-12-19T03:47:25Z
META,2015-12-21,104.04,104.42,102.88,104.18,16251438,104.77,105.15,103.6,104.91,16138700,2025-12-19T03:47:25Z
META,2015-12-22,104.78,104.93,104.08,104.49,14699064,105.51,105.66,104.81,105.22,14597100,2025-12-19T03:47:25Z
META,2015-12-23,103.9,105.37,103.14,105.16,19736508,104.63,106.11,103.86,105.89,19599600,2025-12-19T03:47:25Z
META,2015-12-24,104.29,104.59,103.78,104.01,6557588,105.02,105.32,104.5,104.74,6512100,2025-12-19T03:47:25Z
META,2015-12-28,105.2,105.25,103.81,104.29,13160993,105.93,105.98,104.53,105.02,13069700,2025-12-19T03:47:25Z
META,2015-12-29,106.52,106.99,105.51,105.68,17299900,107.26,107.74,106.25,106.42,17179900,2025-12-19T03:47:25Z
META,2015-12-30,105.48,106.51,105.32,106.26,13206608,106.22,107.25,106.06,107,13115000,2025-12-19T03:47:25Z
META,2015-12-31,103.93,105.43,103.89,105.27,18519466,104.66,106.17,104.62,106,18391000,2025-12-19T03:47:25Z
META,2016-01-04,101.51,101.53,99.06,101.24,38177234,102.22,102.24,99.75,101.95,37912400,2025-12-19T03:47:25Z
META,2016-01-05,102.02,102.99,100.97,102.18,23420661,102.73,103.71,101.67,102.89,23258200,2025-12-19T03:47:25Z
META,2016-01-06,102.26,103.05,100.2,100.43,25271407,102.97,103.77,100.9,101.13,25096100,2025-12-19T03:47:25Z
META,2016-01-07,97.24,100.73,96.63,99.8,45488466,97.92,101.43,97.3,100.5,45172900,2025-12-19T03:47:25Z
META,2016-01-08,96.65,99.8,96.36,99.19,35649509,97.33,100.5,97.03,99.88,35402200,2025-12-19T03:47:25Z
META,2016-01-11,96.83,97.92,94.73,97.23,30141383,97.51,98.6,95.39,97.91,29932300,2025-12-19T03:47:25Z
META,2016-01-12,98.68,99.27,96.87,98.31,28593644,99.37,99.96,97.55,99,28395300,2025-12-19T03:47:25Z
META,2016-01-13,94.78,99.88,94.55,99.88,33643863,95.44,100.58,95.21,100.58,33410500,2025-12-19T03:47:25Z
META,2016-01-14,97.69,98.18,91.81,95.19,48998508,98.37,98.87,92.45,95.85,48658600,2025-12-19T03:47:25Z
META,2016-01-15,94.31,95.71,92.89,93.33,46454951,94.97,96.38,93.54,93.98,46132700,2025-12-19T03:47:25Z
META,2016-01-19,94.6,96.74,93.27,95.86,31214731,95.26,97.42,93.92,96.53,30998200,2025-12-19T03:47:25Z
META,2016-01-20,93.7,94.34,88.75,92.19,59463894,94.35,95,89.37,92.83,59051400,2025-12-19T03:47:25Z
META,2016-01-21,93.51,95.32,91.98,94.25,30732093,94.16,95.99,92.62,94.91,30518900,2025-12-19T03:47:25Z
META,2016-01-22,97.26,97.39,94.83,95.74,30708322,97.94,98.07,95.49,96.41,30495300,2025-12-19T03:47:25Z
META,2016-01-25,96.34,98.79,96.26,98.04,32708883,97.01,99.48,96.93,98.72,32482000,2025-12-19T03:47:25Z
META,2016-01-26,96.66,97.2,95,97.08,27064733,97.34,97.88,95.66,97.76,26877000,2025-12-19T03:47:25Z
META,2016-01-27,93.79,97.17,93.58,97.11,59109337,94.45,97.85,94.23,97.79,58699300,2025-12-19T03:47:25Z
META,2016-01-28,108.35,109.58,104.08,106.46,108226063,109.11,110.34,104.81,107.2,107475296,2025-12-19T03:47:25Z
META,2016-01-29,111.43,112.06,108.09,108.23,63177764,112.21,112.84,108.84,108.99,62739500,2025-12-19T03:47:25Z
META,2016-02-01,114.29,114.92,111.23,111.49,46454964,115.09,115.72,112.01,112.27,46132700,2025-12-19T03:47:25Z
META,2016-02-02,113.82,116.77,112.42,114,60196052,114.61,117.59,113.2,114.8,59778500,2025-12-19T03:47:25Z
META,2016-02-03,111.91,114.54,108.99,114.47,57316892,112.69,115.34,109.75,115.27,56919300,2025-12-19T03:47:25Z
META,2016-02-04,109.72,111.16,108.49,111.03,39161837,110.49,111.94,109.25,111.8,38890200,2025-12-19T03:47:25Z
META,2016-02-05,103.35,108.82,102.46,108.75,77431825,104.07,109.58,103.18,109.51,76894704,2025-12-19T03:47:25Z
META,2016-02-08,99.06,101.97,96.78,99.71,71727222,99.75,102.68,97.46,100.41,71229696,2025-12-19T03:47:25Z
META,2016-02-09,98.85,101.69,96.15,96.47,63147046,99.54,102.4,96.82,97.14,62709000,2025-12-19T03:47:25Z
META,2016-02-10,100.3,102.53,99.55,100.85,45494881,101,103.25,100.24,101.55,45179300,2025-12-19T03:47:25Z
META,2016-02-11,101.2,104.38,98.19,98.91,43975637,101.91,105.11,98.88,99.6,43670600,2025-12-19T03:47:25Z
META,2016-02-12,101.3,103.52,100.39,103.02,36429395,102.01,104.24,101.09,103.74,36176700,2025-12-19T03:47:25Z
META,2016-02-16,100.91,103.21,99.55,103.08,46006315,101.61,103.93,100.24,103.8,45687200,2025-12-19T03:47:25Z
META,2016-02-17,104.47,104.99,99.7,101.23,44381184,105.2,105.72,100.4,101.94,44073300,2025-12-19T03:47:25Z
META,2016-02-18,102.75,105.27,102.32,105.07,29800205,103.47,106,103.03,105.8,29593500,2025-12-19T03:47:25Z
META,2016-02-19,103.84,104.29,101.35,101.84,32630861,104.57,105.02,102.06,102.55,32404500,2025-12-19T03:47:25Z
META,2016-02-22,106.42,107.5,104.61,104.76,35959126,107.16,108.25,105.34,105.49,35709700,2025-12-19T03:47:25Z
META,2016-02-23,104.73,106.73,104.39,106.11,25496148,105.46,107.47,105.12,106.85,25319300,2025-12-19T03:47:25Z
META,2016-02-24,106.14,106.21,102.03,103.49,34652776,106.88,106.95,102.74,104.21,34412400,2025-12-19T03:47:25Z
META,2016-02-25,107.32,107.32,104.88,106.37,30115115,108.07,108.07,105.61,107.11,29906200,2025-12-19T03:47:25Z
META,2016-02-26,107.17,108.69,106.42,107.95,26872503,107.92,109.45,107.16,108.7,26686100,2025-12-19T03:47:25Z
META,2016-02-29,106.18,108.15,106.01,106.85,33007873,106.92,108.91,106.75,107.6,32778900,2025-12-19T03:47:25Z
META,2016-03-01,109.06,109.06,106.85,107.08,27004627,109.82,109.82,107.6,107.83,26817300,2025-12-19T03:47:25Z
META,2016-03-02,109.19,109.78,108.02,108.92,25849410,109.95,110.55,108.77,109.68,25670100,2025-12-19T03:47:25Z
META,2016-03-03,108.82,109.54,107.79,109.49,21502149,109.58,110.3,108.54,110.25,21353000,2025-12-19T03:47:25Z
META,2016-03-04,107.64,109.29,107.18,109.29,25113008,108.39,110.05,107.93,110.05,24938800,2025-12-19T03:47:25Z
META,2016-03-07,105,107.32,103.99,107.32,31754266,105.73,108.07,104.72,108.07,31534000,2025-12-19T03:47:25Z
META,2016-03-08,105.2,106.63,103.68,104.05,25795837,105.93,107.37,104.4,104.78,25616900,2025-12-19T03:47:25Z
META,2016-03-09,106.76,106.76,104.76,105.96,20636457,107.51,107.51,105.49,106.7,20493300,2025-12-19T03:47:25Z
META,2016-03-10,106.58,107.91,105.04,107.16,25027800,107.32,108.66,105.77,107.91,24854200,2025-12-19T03:47:25Z
META,2016-03-11,108.65,108.66,107.17,107.73,20842067,109.41,109.42,107.92,108.48,20697500,2025-12-19T03:47:25Z
META,2016-03-14,109.13,109.57,108.02,108.52,17369792,109.89,110.33,108.77,109.28,17249300,2025-12-19T03:47:25Z
META,2016-03-15,109.9,110.06,108.09,108.35,17741470,110.67,110.83,108.84,109.11,17618400,2025-12-19T03:47:25Z
META,2016-03-16,111.4,111.72,109.34,109.72,24917554,112.18,112.5,110.1,110.49,24744700,2025-12-19T03:47:25Z
META,2016-03-17,110.25,111.91,109.96,111.37,24410524,111.02,112.69,110.73,112.15,24241200,2025-12-19T03:47:25Z
