ticker,tradeDate,clsPx,hiPx,loPx,open,stockVolume,unadjClsPx,unadjHiPx,unadjLoPx,unadjOpen,unadjStockVolume,updatedAt
MMM,2006-01-03,30.49,30.58,29.77,29.97,8088245,79.11,79.35,77.24,77.76,3117200,2026-02-14T03:46:15Z
MMM,2006-01-04,30.33,30.64,30.16,30.64,6637270,78.71,79.49,78.25,79.49,2558000,2026-02-14T03:46:15Z
MMM,2006-01-05,30.06,30.31,29.89,30.22,6563324,77.99,78.65,77.56,78.41,2529500,2026-02-14T03:46:15Z
MMM,2006-01-06,30.3,30.41,29.92,30.31,6433597,78.63,78.9,77.64,78.64,2479500,2026-02-14T03:46:15Z
MMM,2006-01-09,30.45,30.77,30.24,30.25,4788807,79.02,79.83,78.46,78.5,1845600,2026-02-14T03:46:15Z
MMM,2006-01-10,30.27,30.45,30.09,30.45,4981590,78.53,79.01,78.08,79,1919900,2026-02-14T03:46:15Z
MMM,2006-01-11,30.2,30.32,30,30.23,4960573,78.37,78.66,77.84,78.44,1911800,2026-02-14T03:46:15Z
MMM,2006-01-12,29.95,30.15,29.75,30.14,5503647,77.7,78.23,77.2,78.2,2121100,2026-02-14T03:46:15Z
MMM,2006-01-13,29.87,30.14,29.66,29.66,4995603,77.5,78.2,76.95,76.95,1925300,2026-02-14T03:46:15Z
MMM,2006-01-17,29.71,29.92,29.68,29.71,5379883,77.09,77.62,77,77.1,2073400,2026-02-14T03:46:15Z
MMM,2006-01-18,29.75,29.78,29.49,29.68,4770123,77.18,77.28,76.52,77,1838400,2026-02-14T03:46:15Z
MMM,2006-01-19,29.64,29.82,29.56,29.75,4688899,76.91,77.37,76.7,77.19,1807100,2026-02-14T03:46:15Z
MMM,2006-01-20,29,29.64,28.97,29.64,8528569,75.24,76.91,75.18,76.91,3286900,2026-02-14T03:46:15Z
MMM,2006-01-23,29.17,29.38,28.83,29.1,7663483,75.7,76.23,74.81,75.5,2953500,2026-02-14T03:46:15Z
MMM,2006-01-24,28.6,29.14,28.41,28.52,14299980,74.2,75.6,73.72,74.01,5511200,2026-02-14T03:46:15Z
MMM,2006-01-25,28.13,28.45,28.04,28.23,19396012,73,73.83,72.75,73.25,7475200,2026-02-14T03:46:15Z
MMM,2006-01-26,28.02,28.3,27.76,28.22,13044919,72.7,73.43,72.02,73.22,5027500,2026-02-14T03:46:15Z
MMM,2006-01-27,28,28.23,27.9,27.92,9893885,72.65,73.25,72.4,72.45,3813100,2026-02-14T03:46:15Z
MMM,2006-01-30,28,28.27,27.91,28.1,8987034,72.65,73.34,72.42,72.9,3463600,2026-02-14T03:46:15Z
MMM,2006-01-31,28.04,28.23,27.73,27.9,13798156,72.75,73.25,71.96,72.4,5317800,2026-02-14T03:46:15Z
MMM,2006-02-01,28.21,28.29,27.75,27.86,9932811,73.19,73.4,72.01,72.3,3828100,2026-02-14T03:46:15Z
MMM,2006-02-02,27.81,28.4,27.77,28.2,8321487,72.15,73.68,72.05,73.16,3207100,2026-02-14T03:46:15Z
MMM,2006-02-03,27.4,27.78,27.36,27.65,8454086,71.1,72.09,71,71.75,3258200,2026-02-14T03:46:15Z
MMM,2006-02-06,27.43,27.48,27.36,27.36,6620419,71.17,71.3,70.99,71,2551500,2026-02-14T03:46:15Z
MMM,2006-02-07,27.23,27.48,27.2,27.43,8129738,70.65,71.29,70.57,71.16,3133200,2026-02-14T03:46:15Z
MMM,2006-02-08,27.36,27.47,27.09,27.23,7384539,71,71.28,70.3,70.65,2846000,2026-02-14T03:46:15Z
MMM,2006-02-09,27.8,28.09,27.46,27.5,9854973,72.12,72.88,71.25,71.36,3798100,2026-02-14T03:46:15Z
MMM,2006-02-10,27.98,28.13,27.56,27.86,7608739,72.61,72.99,71.5,72.29,2932400,2026-02-14T03:46:15Z
MMM,2006-02-13,28.1,28.3,28,28.02,6020519,72.91,73.42,72.64,72.69,2320300,2026-02-14T03:46:15Z
MMM,2006-02-14,28.4,28.57,28.29,28.33,10014044,73.7,74.12,73.41,73.5,3859400,2026-02-14T03:46:15Z
MMM,2006-02-15,28.18,28.59,28.17,28.41,6935396,73.13,74.18,73.09,73.71,2672900,2026-02-14T03:46:15Z
MMM,2006-02-16,28.15,28.27,27.94,28.21,7584087,73.05,73.35,72.5,73.2,2922900,2026-02-14T03:46:15Z
MMM,2006-02-17,28.43,28.58,28.17,28.19,6067993,73.77,74.15,73.08,73.15,2338600,2026-02-14T03:46:15Z
MMM,2006-02-21,28.21,28.56,28.08,28.39,9616788,73.2,74.1,72.85,73.67,3706300,2026-02-14T03:46:15Z
MMM,2006-02-22,28.3,28.6,28.3,28.39,6894921,72.98,73.74,72.98,73.19,2674100,2026-02-14T03:46:15Z
MMM,2006-02-23,28.56,28.73,28.31,28.35,6948302,73.65,74.08,73,73.1,2694800,2026-02-14T03:46:15Z
MMM,2006-02-24,28.67,28.76,28.36,28.68,4979161,73.91,74.16,73.13,73.94,1931100,2026-02-14T03:46:15Z
MMM,2006-02-27,28.58,28.96,28.58,28.7,7153285,73.69,74.66,73.69,74,2774300,2026-02-14T03:46:15Z
MMM,2006-02-28,28.54,28.73,28.36,28.58,6949575,73.59,74.08,73.12,73.7,2695300,2026-02-14T03:46:15Z
MMM,2006-03-01,28.57,28.77,28.51,28.77,5243968,73.67,74.19,73.51,74.19,2033800,2026-02-14T03:46:15Z
MMM,2006-03-02,28.33,28.62,28.31,28.56,6851354,73.05,73.8,72.99,73.64,2657200,2026-02-14T03:46:15Z
MMM,2006-03-03,28.27,28.42,28.18,28.33,8176644,72.88,73.29,72.66,73.05,3171200,2026-02-14T03:46:15Z
MMM,2006-03-06,27.9,28.24,27.75,28.1,9249265,71.95,72.8,71.54,72.46,3587200,2026-02-14T03:46:15Z
MMM,2006-03-07,28.03,28.06,27.66,27.85,7618686,72.27,72.34,71.33,71.8,2954800,2026-02-14T03:46:15Z
MMM,2006-03-08,28.07,28.34,27.94,28.12,6432354,72.38,73.07,72.05,72.51,2494700,2026-02-14T03:46:15Z
MMM,2006-03-09,27.85,28.22,27.84,28.13,5540488,71.8,72.76,71.77,72.53,2148800,2026-02-14T03:46:15Z
MMM,2006-03-10,28.05,28.24,27.88,27.89,4725453,72.32,72.8,71.88,71.9,1832700,2026-02-14T03:46:15Z
MMM,2006-03-13,27.96,28.13,27.88,28.12,5150630,72.09,72.52,71.88,72.5,1997600,2026-02-14T03:46:15Z
MMM,2006-03-14,28.52,28.6,27.99,27.99,6778634,73.53,73.75,72.18,72.18,2629000,2026-02-14T03:46:15Z
MMM,2006-03-15,28.7,28.79,28.32,28.42,7383785,74,74.24,73.01,73.28,2863700,2026-02-14T03:46:15Z
MMM,2006-03-16,29.05,29.27,28.81,28.89,11185625,74.89,75.46,74.29,74.49,4338200,2026-02-14T03:46:15Z
MMM,2006-03-17,29.01,29.26,28.99,29.2,10441252,74.79,75.45,74.75,75.3,4049500,2026-02-14T03:46:15Z
MMM,2006-03-20,29.09,29.16,28.91,29.03,4508864,75,75.19,74.55,74.84,1748700,2026-02-14T03:46:15Z
MMM,2006-03-21,29.06,29.22,28.94,29.17,8244712,74.93,75.34,74.63,75.2,3197600,2026-02-14T03:46:15Z
MMM,2006-03-22,29.5,29.53,29,29,7618426,76.07,76.15,74.76,74.76,2954700,2026-02-14T03:46:15Z
MMM,2006-03-23,29.77,29.85,29.48,29.74,8943719,76.77,76.96,76.01,76.68,3468700,2026-02-14T03:46:15Z
MMM,2006-03-24,29.79,29.89,29.62,29.73,8816612,76.8,77.06,76.38,76.65,3419400,2026-02-14T03:46:15Z
MMM,2006-03-27,29.8,29.95,29.67,29.75,7200209,76.84,77.23,76.51,76.7,2792500,2026-02-14T03:46:15Z
MMM,2006-03-28,29.59,29.94,29.53,29.8,9052787,76.3,77.2,76.15,76.84,3511000,2026-02-14T03:46:15Z
MMM,2006-03-29,30.08,30.54,30.08,30.18,13686687,77.56,78.74,77.56,77.81,5308200,2026-02-14T03:46:15Z
MMM,2006-03-30,29.68,30.1,29.48,30.08,8670138,76.52,77.62,76,77.57,3362600,2026-02-14T03:46:15Z
MMM,2006-03-31,29.36,29.82,29.32,29.68,8059336,75.69,76.88,75.61,76.52,3125700,2026-02-14T03:46:15Z
MMM,2006-04-03,29.41,29.94,29.38,29.46,9290003,75.84,77.19,75.76,75.97,3603000,2026-02-14T03:46:15Z
MMM,2006-04-04,29.86,30.25,29.68,29.68,9371483,77,77.99,76.52,76.52,3634600,2026-02-14T03:46:15Z
MMM,2006-04-05,30.04,30.21,29.79,30.21,7175966,77.46,77.9,76.8,77.89,2783100,2026-02-14T03:46:15Z
MMM,2006-04-06,31.56,31.81,30.85,31.02,26998792,81.38,82.01,79.54,79.99,10471100,2026-02-14T03:46:15Z
MMM,2006-04-07,31.43,31.83,31.34,31.51,10591831,81.03,82.08,80.81,81.25,4107900,2026-02-14T03:46:15Z
MMM,2006-04-10,31.41,31.56,31.07,31.07,6567454,80.98,81.37,80.11,80.11,2547100,2026-02-14T03:46:15Z
MMM,2006-04-11,31.33,31.46,31.09,31.09,7197880,80.79,81.12,80.17,80.17,2791600,2026-02-14T03:46:15Z
MMM,2006-04-12,31.45,31.56,31.02,31.02,6334632,81.1,81.37,79.98,79.98,2456800,2026-02-14T03:46:15Z
MMM,2006-04-13,31.4,31.62,31.25,31.38,4625405,80.97,81.54,80.58,80.9,1793900,2026-02-14T03:46:15Z
MMM,2006-04-17,31.13,31.3,30.76,31.24,8051083,80.26,80.71,79.31,80.55,3122500,2026-02-14T03:46:15Z
MMM,2006-04-18,31.64,31.88,31.16,31.17,11279493,81.59,82.2,80.34,80.36,4374600,2026-02-14T03:46:15Z
MMM,2006-04-19,31.76,31.95,31.67,31.68,7535400,81.88,82.39,81.66,81.69,2922500,2026-02-14T03:46:15Z
MMM,2006-04-20,32.04,32.18,31.56,31.74,11039437,82.6,82.97,81.37,81.85,4281500,2026-02-14T03:46:15Z
MMM,2006-04-21,32.99,33.16,32.54,32.58,23897482,85.06,85.5,83.91,84,9268300,2026-02-14T03:46:15Z
MMM,2006-04-24,33.14,33.32,32.58,32.58,11251397,85.46,85.9,84,84.01,4363700,2026-02-14T03:46:15Z
MMM,2006-04-25,32.89,33.16,32.73,32.97,10199664,84.81,85.5,84.4,85,3955800,2026-02-14T03:46:15Z
MMM,2006-04-26,33.17,33.22,32.81,32.9,6973555,85.52,85.65,84.6,84.84,2704600,2026-02-14T03:46:15Z
MMM,2006-04-27,33.06,33.23,32.77,32.97,7712787,85.23,85.68,84.5,85,2991300,2026-02-14T03:46:15Z
MMM,2006-04-28,33.13,33.16,32.94,32.97,6525943,85.43,85.51,84.94,85,2531000,2026-02-14T03:46:15Z
MMM,2006-05-01,32.95,33.25,32.9,33.16,7337639,84.97,85.73,84.84,85.51,2845800,2026-02-14T03:46:15Z
MMM,2006-05-02,32.77,33.09,32.42,33.02,9816765,84.5,85.31,83.58,85.15,3807300,2026-02-14T03:46:15Z
MMM,2006-05-03,33.32,33.32,32.82,32.87,8554129,85.9,85.9,84.61,84.75,3317600,2026-02-14T03:46:15Z
MMM,2006-05-04,33.54,33.61,33.29,33.32,8572427,86.47,86.67,85.84,85.9,3324700,2026-02-14T03:46:15Z
MMM,2006-05-05,33.86,33.86,33.56,33.62,9364778,87.3,87.3,86.54,86.69,3632000,2026-02-14T03:46:15Z
MMM,2006-05-08,34.18,34.27,33.77,33.78,9085284,88.13,88.35,87.06,87.1,3523600,2026-02-14T03:46:15Z
MMM,2006-05-09,33.97,34.05,33.67,33.98,10415988,87.58,87.8,86.82,87.61,4039700,2026-02-14T03:46:15Z
MMM,2006-05-10,33.99,34.04,33.83,33.84,7266460,87.65,87.76,87.23,87.25,2818200,2026-02-14T03:46:15Z
MMM,2006-05-11,33.81,33.99,33.66,33.84,6595824,87.17,87.64,86.78,87.25,2558100,2026-02-14T03:46:15Z
MMM,2006-05-12,33.58,34,33.45,33.7,6514347,86.57,87.66,86.25,86.9,2526500,2026-02-14T03:46:15Z
MMM,2006-05-15,33.79,33.82,33.38,33.63,6698959,87.12,87.21,86.07,86.7,2598100,2026-02-14T03:46:15Z
MMM,2006-05-16,33.65,33.87,33.44,33.79,8247543,86.76,87.33,86.22,87.12,3198700,2026-02-14T03:46:15Z
MMM,2006-05-17,32.92,33.52,32.8,33.49,10659032,84.42,85.97,84.12,85.9,4156000,2026-02-14T03:46:15Z
MMM,2006-05-18,32.81,33.08,32.61,32.61,6900677,84.15,84.83,83.63,83.63,2690600,2026-02-14T03:46:15Z
MMM,2006-05-19,32.87,33.11,32.64,32.97,7172019,84.31,84.92,83.71,84.56,2796400,2026-02-14T03:46:15Z
MMM,2006-05-22,32.65,32.98,32.2,32.87,7710885,83.73,84.59,82.59,84.31,3006500,2026-02-14T03:46:15Z
MMM,2006-05-23,32.53,32.76,32.37,32.6,7138953,83.44,84.02,83.01,83.6,2783500,2026-02-14T03:46:15Z
MMM,2006-05-24,32.68,32.79,32.23,32.44,7454666,83.82,84.1,82.65,83.19,2906600,2026-02-14T03:46:15Z
MMM,2006-05-25,32.46,32.84,32.31,32.73,7237420,83.26,84.23,82.86,83.95,2821900,2026-02-14T03:46:15Z
MMM,2006-05-26,32.7,32.75,32.33,32.46,4713990,83.87,84,82.91,83.26,1838000,2026-02-14T03:46:15Z
MMM,2006-05-30,32.54,32.74,32.5,32.56,5987625,83.46,83.98,83.35,83.5,2334600,2026-02-14T03:46:15Z
MMM,2006-05-31,32.62,32.99,32.42,32.64,8628530,83.66,84.62,83.15,83.7,3364300,2026-02-14T03:46:15Z
MMM,2006-06-01,32.95,33.01,32.42,32.62,4415957,84.51,84.67,83.14,83.66,1721800,2026-02-14T03:46:15Z
MMM,2006-06-02,33.06,33.23,32.95,33.06,5947372,84.78,85.23,84.5,84.8,2318900,2026-02-14T03:46:15Z
MMM,2006-06-05,32.34,32.88,32.32,32.79,6670880,82.95,84.33,82.88,84.1,2601000,2026-02-14T03:46:15Z
MMM,2006-06-06,32.07,32.72,31.7,32.44,11028613,82.26,83.91,81.29,83.2,4300100,2026-02-14T03:46:15Z
MMM,2006-06-07,31.32,32.08,31.33,32.07,9740341,80.34,82.28,80.34,82.26,3797800,2026-02-14T03:46:15Z
MMM,2006-06-08,31.87,31.95,30.9,31.11,11375639,81.75,81.94,79.24,79.8,4435400,2026-02-14T03:46:15Z
MMM,2006-06-09,31.41,31.92,31.29,31.73,6568792,80.57,81.87,80.25,81.39,2561200,2026-02-14T03:46:15Z
MMM,2006-06-12,31.25,31.62,31.15,31.42,6501858,80.16,81.09,79.89,80.57,2535100,2026-02-14T03:46:15Z
MMM,2006-06-13,31.18,31.67,31.17,31.33,8833459,79.96,81.23,79.94,80.35,3444200,2026-02-14T03:46:15Z
MMM,2006-06-14,31.15,31.38,30.91,31.11,6383369,79.9,80.47,79.28,79.8,2488900,2026-02-14T03:46:15Z
MMM,2006-06-15,31.54,31.72,30.9,31.06,8181770,80.9,81.34,79.25,79.65,3190100,2026-02-14T03:46:15Z
MMM,2006-06-16,31.39,31.64,31.31,31.57,9026576,80.51,81.15,80.31,80.98,3519500,2026-02-14T03:46:15Z
MMM,2006-06-19,30.97,31.47,30.76,31.47,6280775,79.43,80.7,78.89,80.7,2448900,2026-02-14T03:46:15Z
MMM,2006-06-20,31.15,31.43,30.82,30.97,5487252,79.89,80.61,79.05,79.43,2139500,2026-02-14T03:46:15Z
MMM,2006-06-21,31.35,31.71,31.15,31.15,6031737,80.4,81.32,79.9,79.9,2351800,2026-02-14T03:46:15Z
MMM,2006-06-22,31.03,31.5,30.92,31.45,4605501,79.59,80.8,79.29,80.65,1795700,2026-02-14T03:46:15Z
MMM,2006-06-23,31.16,31.3,30.99,31.04,6151263,79.92,80.28,79.49,79.6,2398400,2026-02-14T03:46:15Z
MMM,2006-06-26,31.27,31.33,31.04,31.16,4172567,80.21,80.35,79.6,79.92,1626900,2026-02-14T03:46:15Z
MMM,2006-06-27,30.69,31.56,30.65,31.35,6482114,78.7,80.93,78.62,80.4,2527400,2026-02-14T03:46:15Z
MMM,2006-06-28,30.91,30.94,30.65,30.69,4585488,79.28,79.36,78.61,78.71,1787900,2026-02-14T03:46:15Z
MMM,2006-06-29,31.64,31.78,30.92,30.92,7130988,81.15,81.5,79.29,79.29,2780400,2026-02-14T03:46:15Z
MMM,2006-06-30,31.49,31.88,31.47,31.83,8401304,80.77,81.75,80.71,81.64,3275700,2026-02-14T03:46:15Z
MMM,2006-07-03,31.63,31.67,31.5,31.64,1678875,81.12,81.23,80.79,81.15,654600,2026-02-14T03:46:15Z
MMM,2006-07-05,31.41,31.55,31.24,31.54,5534964,80.55,80.92,80.12,80.9,2158100,2026-02-14T03:46:15Z
MMM,2006-07-06,31.73,31.82,31.51,31.53,5848872,81.39,81.6,80.81,80.87,2280500,2026-02-14T03:46:15Z
MMM,2006-07-07,28.89,29.74,28.79,29.74,62477916,74.1,76.28,73.84,76.28,24360400,2026-02-14T03:46:15Z
MMM,2006-07-10,28.51,29.1,28.39,29.04,23636572,73.11,74.62,72.82,74.48,9216000,2026-02-14T03:46:15Z
MMM,2006-07-11,28.5,28.74,28.32,28.56,13929359,73.09,73.72,72.64,73.25,5431100,2026-02-14T03:46:15Z
MMM,2006-07-12,28.35,28.7,28.25,28.66,11081453,72.72,73.6,72.46,73.5,4320700,2026-02-14T03:46:15Z
MMM,2006-07-13,27.93,28.3,27.84,28.26,12351775,71.63,72.57,71.41,72.48,4816000,2026-02-14T03:46:15Z
MMM,2006-07-14,27.77,28.06,27.64,27.94,11158926,71.22,71.97,70.88,71.66,4350900,2026-02-14T03:46:15Z
MMM,2006-07-17,27.55,27.87,27.36,27.76,13295324,70.66,71.49,70.17,71.2,5183900,2026-02-14T03:46:15Z
MMM,2006-07-18,27.62,27.7,27.48,27.64,13549751,70.85,71.03,70.49,70.9,5283100,2026-02-14T03:46:15Z
MMM,2006-07-19,27.69,27.83,27.54,27.74,13766754,71.02,71.38,70.64,71.15,5367700,2026-02-14T03:46:15Z
MMM,2006-07-20,27.72,27.96,27.71,27.84,8756762,71.1,71.7,71.06,71.4,3414300,2026-02-14T03:46:15Z
MMM,2006-07-21,27.57,27.96,27.26,27.83,14409442,70.72,71.72,69.92,71.37,5618300,2026-02-14T03:46:15Z
MMM,2006-07-24,27.95,27.95,27.58,27.7,8906305,71.69,71.69,70.74,71.05,3472600,2026-02-14T03:46:15Z
MMM,2006-07-25,26.56,27.69,26.14,27.68,48371737,68.11,71.01,67.05,71,18860300,2026-02-14T03:46:15Z
MMM,2006-07-26,26.93,27.23,26.26,26.56,23515078,69.06,69.83,67.35,68.11,9168600,2026-02-14T03:46:15Z
MMM,2006-07-27,27.2,27.57,27.08,27.25,15749776,69.75,70.7,69.46,69.89,6140900,2026-02-14T03:46:15Z
MMM,2006-07-28,27.5,27.52,27.21,27.41,10288703,70.52,70.58,69.78,70.31,4011600,2026-02-14T03:46:15Z
MMM,2006-07-31,27.45,27.68,27.31,27.33,7887598,70.4,70.98,70.04,70.1,3075400,2026-02-14T03:46:15Z
MMM,2006-08-01,27.26,27.34,27.08,27.29,8728836,69.91,70.11,69.44,70,3403400,2026-02-14T03:46:15Z
MMM,2006-08-02,27.14,27.33,27.12,27.26,12401259,69.61,70.09,69.55,69.91,4835300,2026-02-14T03:46:15Z
MMM,2006-08-03,27.01,27.21,26.99,27.14,11787275,69.28,69.79,69.21,69.61,4595900,2026-02-14T03:46:15Z
MMM,2006-08-04,27.08,27.41,26.93,27.25,10604674,69.45,70.29,69.06,69.9,4134800,2026-02-14T03:46:15Z
MMM,2006-08-07,26.9,27.06,26.82,27.06,9268170,69,69.41,68.78,69.4,3613700,2026-02-14T03:46:15Z
MMM,2006-08-08,26.73,27.1,26.62,27.08,10444879,68.56,69.51,68.28,69.45,4072500,2026-02-14T03:46:15Z
MMM,2006-08-09,26.63,27.04,26.58,27.04,9184331,68.3,69.36,68.18,69.36,3581000,2026-02-14T03:46:15Z
MMM,2006-08-10,26.67,26.92,26.62,26.67,8013516,68.41,69.03,68.28,68.41,3124500,2026-02-14T03:46:15Z
MMM,2006-08-11,26.72,26.88,26.66,26.73,8639562,68.53,68.94,68.37,68.55,3368600,2026-02-14T03:46:15Z
MMM,2006-08-14,26.76,27.01,26.69,26.72,11621320,68.62,69.28,68.45,68.53,4531200,2026-02-14T03:46:15Z
MMM,2006-08-15,27.21,27.23,26.98,27.09,11927552,69.78,69.84,69.19,69.49,4650600,2026-02-14T03:46:15Z
MMM,2006-08-16,27.6,27.66,27.35,27.41,13452039,70.79,70.94,70.15,70.3,5245000,2026-02-14T03:46:15Z
MMM,2006-08-17,27.76,27.91,27.49,27.6,8123808,71.2,71.57,70.5,70.79,3167500,2026-02-14T03:46:15Z
MMM,2006-08-18,27.77,27.91,27.7,27.89,6375154,71.21,71.57,71.03,71.52,2485700,2026-02-14T03:46:15Z
MMM,2006-08-21,27.73,27.86,27.66,27.8,6249997,71.12,71.46,70.94,71.3,2436900,2026-02-14T03:46:15Z
MMM,2006-08-22,27.8,27.97,27.73,27.73,5367483,71.29,71.73,71.12,71.13,2092800,2026-02-14T03:46:15Z
MMM,2006-08-23,27.6,28.03,27.49,27.88,7096689,70.34,71.43,70.04,71.05,2785000,2026-02-14T03:46:15Z
MMM,2006-08-24,27.51,27.7,27.33,27.67,6332237,70.1,70.58,69.65,70.5,2485000,2026-02-14T03:46:15Z
MMM,2006-08-25,27.44,27.63,27.32,27.49,7861421,69.92,70.4,69.62,70.06,3085100,2026-02-14T03:46:15Z
MMM,2006-08-28,27.84,27.98,27.37,27.37,6761618,70.94,71.29,69.75,69.75,2653500,2026-02-14T03:46:15Z
MMM,2006-08-29,28.1,28.18,27.65,27.84,8174338,71.61,71.81,70.45,70.94,3207900,2026-02-14T03:46:15Z
MMM,2006-08-30,28.04,28.26,28.03,28.26,6554192,71.44,72,71.43,72,2572100,2026-02-14T03:46:15Z
MMM,2006-08-31,28.14,28.24,28.04,28.18,4537803,71.7,71.97,71.45,71.8,1780800,2026-02-14T03:46:15Z
MMM,2006-09-01,28.15,28.38,28.12,28.15,6338109,71.72,72.32,71.65,71.74,2487300,2026-02-14T03:46:15Z
MMM,2006-09-05,28,28.26,27.91,28.15,7422609,71.35,72,71.13,71.74,2912900,2026-02-14T03:46:15Z
MMM,2006-09-06,28.06,28.15,27.88,28,6379907,71.5,71.74,71.04,71.35,2503700,2026-02-14T03:46:15Z
MMM,2006-09-07,27.7,28.14,27.7,28.06,8350678,70.59,71.7,70.59,71.5,3277100,2026-02-14T03:46:15Z
MMM,2006-09-08,28.06,28.1,27.71,27.77,5902621,71.51,71.59,70.6,70.75,2316400,2026-02-14T03:46:15Z
MMM,2006-09-11,28,28.07,27.79,28.07,5583584,71.35,71.52,70.8,71.52,2191200,2026-02-14T03:46:15Z
MMM,2006-09-12,28.48,28.55,27.95,28.13,9855357,72.57,72.75,71.22,71.68,3867600,2026-02-14T03:46:15Z
MMM,2006-09-13,28.79,28.96,28.49,28.49,9062384,73.37,73.79,72.6,72.6,3556400,2026-02-14T03:46:15Z
MMM,2006-09-14,28.86,28.95,28.73,28.81,6688228,73.53,73.77,73.2,73.4,2624700,2026-02-14T03:46:15Z
MMM,2006-09-15,29.1,29.32,29.05,29.14,14414318,74.14,74.7,74.02,74.25,5656700,2026-02-14T03:46:15Z
MMM,2006-09-18,29,29.2,28.84,29.1,6316188,73.89,74.4,73.5,74.14,2478700,2026-02-14T03:46:15Z
MMM,2006-09-19,28.75,29.58,28.63,29.35,6678553,73.25,75.37,72.96,74.78,2620900,2026-02-14T03:46:15Z
MMM,2006-09-20,28.81,29.08,28.72,28.77,9823270,73.42,74.1,73.17,73.3,3855000,2026-02-14T03:46:15Z
MMM,2006-09-21,28.69,29.02,28.52,28.94,8505079,73.11,73.95,72.67,73.75,3337700,2026-02-14T03:46:15Z
MMM,2006-09-22,28.68,28.87,28.34,28.77,6138074,73.07,73.56,72.22,73.3,2408800,2026-02-14T03:46:15Z
MMM,2006-09-25,28.92,28.96,28.5,28.72,10790566,73.7,73.8,72.63,73.18,4234600,2026-02-14T03:46:15Z
MMM,2006-09-26,29.33,29.43,29.04,29.08,12458849,74.75,75,74,74.1,4889300,2026-02-14T03:46:15Z
MMM,2006-09-27,29.3,29.42,29.18,29.37,8665881,74.65,74.97,74.35,74.85,3400800,2026-02-14T03:46:15Z
MMM,2006-09-28,29.28,29.43,29.09,29.28,6974905,74.6,74.99,74.12,74.6,2737200,2026-02-14T03:46:15Z
MMM,2006-09-29,29.21,29.43,29.16,29.28,6605409,74.42,75,74.3,74.6,2592200,2026-02-14T03:46:15Z
MMM,2006-10-02,28.88,29.32,28.78,29.32,7499046,73.59,74.7,73.33,74.7,2942900,2026-02-14T03:46:15Z
MMM,2006-10-03,29.05,29.09,28.65,28.75,7578574,74.03,74.12,73,73.26,2974100,2026-02-14T03:46:15Z
MMM,2006-10-04,29.38,29.44,29.05,29.05,7708517,74.87,75.02,74.03,74.03,3025100,2026-02-14T03:46:15Z
MMM,2006-10-05,29.79,29.81,29.43,29.43,6667342,75.92,75.95,75,75,2616500,2026-02-14T03:46:15Z
MMM,2006-10-06,29.81,29.89,29.74,29.81,6612804,75.95,76.16,75.77,75.95,2595100,2026-02-14T03:46:15Z
MMM,2006-10-09,29.75,29.79,29.6,29.65,4632342,75.8,75.91,75.43,75.56,1817900,2026-02-14T03:46:15Z
MMM,2006-10-10,29.51,29.73,29.49,29.7,4837732,75.2,75.76,75.14,75.69,1898500,2026-02-14T03:46:15Z
MMM,2006-10-11,29.62,29.67,29.43,29.51,6791926,75.47,75.6,74.99,75.2,2665400,2026-02-14T03:46:15Z
MMM,2006-10-12,29.6,29.65,29.38,29.61,5378462,75.43,75.55,74.86,75.44,2110700,2026-02-14T03:46:15Z
MMM,2006-10-13,29.59,29.79,29.57,29.76,4467489,75.4,75.92,75.35,75.83,1753200,2026-02-14T03:46:15Z
MMM,2006-10-16,29.73,29.82,29.57,29.67,4925903,75.75,75.99,75.34,75.6,1933100,2026-02-14T03:46:15Z
MMM,2006-10-17,29.75,29.83,29.49,29.53,6413777,75.8,76,75.15,75.25,2517000,2026-02-14T03:46:15Z
MMM,2006-10-18,29.64,29.92,29.51,29.83,6539921,75.53,76.24,75.2,76,2566500,2026-02-14T03:46:15Z
MMM,2006-10-19,29.98,30.01,29.64,29.64,7098997,76.4,76.47,75.53,75.53,2785900,2026-02-14T03:46:15Z
MMM,2006-10-20,30.79,31.16,30.33,30.65,20397699,78.47,79.4,77.29,78.09,8004800,2026-02-14T03:46:15Z
MMM,2006-10-23,31.43,31.74,30.81,30.81,13442452,80.09,80.88,78.5,78.5,5275300,2026-02-14T03:46:15Z
MMM,2006-10-24,31.35,31.62,31.28,31.38,8145279,79.89,80.58,79.7,79.95,3196500,2026-02-14T03:46:15Z
MMM,2006-10-25,31.18,31.38,30.93,31.3,5854708,79.46,79.95,78.82,79.75,2297600,2026-02-14T03:46:15Z
MMM,2006-10-26,31.1,31.2,30.82,31.18,6095773,79.24,79.5,78.54,79.46,2392200,2026-02-14T03:46:15Z
MMM,2006-10-27,30.98,31.29,30.96,31.08,5934988,78.95,79.73,78.88,79.2,2329100,2026-02-14T03:46:15Z
MMM,2006-10-30,30.98,31.1,30.82,31,3041003,78.94,79.25,78.54,78.99,1193400,2026-02-14T03:46:15Z
MMM,2006-10-31,30.94,31.24,30.65,31,6822270,78.84,79.6,78.11,78.99,2677300,2026-02-14T03:46:15Z
MMM,2006-11-01,30.94,31.05,30.72,30.94,7416251,78.84,79.11,78.28,78.83,2910400,2026-02-14T03:46:15Z
MMM,2006-11-02,30.96,31.12,30.84,30.94,7389494,78.88,79.3,78.58,78.84,2899900,2026-02-14T03:46:15Z
MMM,2006-11-03,30.84,31.13,30.66,31.03,4624958,78.58,79.33,78.12,79.08,1815000,2026-02-14T03:46:15Z
MMM,2006-11-06,31.23,31.31,30.84,30.96,5437826,79.59,79.77,78.58,78.9,2134000,2026-02-14T03:46:15Z
MMM,2006-11-07,31.17,31.45,31.11,31.2,5407769,79.42,80.14,79.27,79.51,2122200,2026-02-14T03:46:15Z
MMM,2006-11-08,31.17,31.3,31,31.18,4412191,79.42,79.75,79,79.44,1731500,2026-02-14T03:46:15Z
MMM,2006-11-09,30.96,31.35,30.84,31.22,8311164,78.9,79.88,78.58,79.55,3261600,2026-02-14T03:46:15Z
MMM,2006-11-10,31.08,31.14,30.88,31.06,5322910,79.19,79.36,78.68,79.15,2088900,2026-02-14T03:46:15Z
MMM,2006-11-13,31.2,31.31,30.94,31.02,6561316,79.5,79.77,78.84,79.05,2574900,2026-02-14T03:46:15Z
MMM,2006-11-14,31.43,31.47,30.94,31.2,7486319,80.09,80.2,78.84,79.5,2937900,2026-02-14T03:46:15Z
MMM,2006-11-15,31.67,31.84,31.33,31.33,8763465,80.71,81.14,79.84,79.84,3439100,2026-02-14T03:46:15Z
MMM,2006-11-16,31.51,31.76,31.45,31.49,4936341,80.29,80.94,80.13,80.25,1937200,2026-02-14T03:46:15Z
MMM,2006-11-17,31.94,32.08,31.5,31.59,7769668,81.4,81.75,80.26,80.49,3049100,2026-02-14T03:46:15Z
MMM,2006-11-20,31.94,31.98,31.72,31.94,4779641,81.38,81.5,80.83,81.4,1875700,2026-02-14T03:46:15Z
MMM,2006-11-21,32.22,32.34,31.81,31.94,7201767,81.64,81.95,80.6,80.92,2842300,2026-02-14T03:46:15Z
MMM,2006-11-22,32.15,32.27,31.91,32.21,4776437,81.47,81.77,80.86,81.6,1885100,2026-02-14T03:46:15Z
MMM,2006-11-24,32.03,32.17,31.87,31.91,1759459,81.15,81.5,80.75,80.86,694400,2026-02-14T03:46:15Z
MMM,2006-11-27,31.66,32.03,31.6,32.01,7180487,80.23,81.15,80.06,81.1,2833900,2026-02-14T03:46:15Z
MMM,2006-11-28,31.74,31.85,31.48,31.53,5449921,80.41,80.7,79.75,79.9,2150900,2026-02-14T03:46:15Z
MMM,2006-11-29,31.96,32.05,31.78,31.81,4509120,80.98,81.2,80.52,80.6,1779600,2026-02-14T03:46:15Z
MMM,2006-11-30,32.15,32.28,31.8,31.92,5967066,81.46,81.8,80.57,80.88,2355000,2026-02-14T03:46:15Z
MMM,2006-12-01,31.57,32.19,31.15,32.19,13872990,79.98,81.55,78.92,81.55,5475200,2026-02-14T03:46:15Z
MMM,2006-12-04,31.92,32.08,31.58,31.74,7343150,80.89,81.29,80.01,80.42,2898100,2026-02-14T03:46:15Z
MMM,2006-12-05,31.79,31.99,31.44,31.44,6929145,80.56,81.05,79.65,79.65,2734700,2026-02-14T03:46:15Z
MMM,2006-12-06,31.49,31.83,31.46,31.79,6044087,79.8,80.66,79.7,80.55,2385400,2026-02-14T03:46:15Z
MMM,2006-12-07,31.4,31.56,31.25,31.48,6375502,79.56,79.97,79.18,79.77,2516200,2026-02-14T03:46:15Z
MMM,2006-12-08,31.01,31.07,30.53,31.07,13866144,78.56,78.72,77.35,78.72,5472500,2026-02-14T03:46:15Z
MMM,2006-12-11,31.12,31.26,30.82,31.08,7123721,78.85,79.21,78.09,78.76,2811500,2026-02-14T03:46:15Z
MMM,2006-12-12,31.18,31.34,30.88,31.12,10154148,79.01,79.4,78.23,78.84,4007500,2026-02-14T03:46:15Z
MMM,2006-12-13,31.28,31.45,31.17,31.38,6491036,79.25,79.68,78.97,79.5,2561800,2026-02-14T03:46:15Z
MMM,2006-12-14,31.09,31.36,30.98,31.34,8159039,78.77,79.45,78.5,79.4,3220100,2026-02-14T03:46:15Z
MMM,2006-12-15,30.91,31.44,30.86,31.44,15749762,78.31,79.67,78.19,79.67,6215900,2026-02-14T03:46:15Z
MMM,2006-12-18,30.92,31.18,30.88,30.92,5898892,78.35,79.01,78.23,78.35,2328100,2026-02-14T03:46:15Z
MMM,2006-12-19,30.83,30.97,30.68,30.89,7208114,78.11,78.46,77.73,78.27,2844800,2026-02-14T03:46:15Z
MMM,2006-12-20,31.11,31.26,30.84,30.9,5915369,78.83,79.2,78.15,78.3,2334600,2026-02-14T03:46:15Z
MMM,2006-12-21,31.1,31.3,31.08,31.18,6000756,78.81,79.31,78.75,79,2368300,2026-02-14T03:46:15Z
MMM,2006-12-22,30.92,31.18,30.92,31.11,4208101,78.35,79.01,78.34,78.82,1660800,2026-02-14T03:46:15Z
MMM,2006-12-26,30.8,30.93,30.59,30.85,4975344,78.03,78.36,77.5,78.16,1963600,2026-02-14T03:46:15Z
MMM,2006-12-27,30.97,31.05,30.84,30.91,4435136,78.47,78.68,78.15,78.33,1750400,2026-02-14T03:46:15Z
MMM,2006-12-28,30.85,31.14,30.79,30.98,4273484,78.16,78.89,78.02,78.5,1686600,2026-02-14T03:46:15Z
MMM,2006-12-29,30.76,30.98,30.71,30.82,4628208,77.93,78.49,77.82,78.1,1826600,2026-02-14T03:46:15Z
MMM,2007-01-03,30.89,31.12,30.54,30.6,9582018,78.26,78.85,77.38,77.53,3781700,2026-02-14T03:46:15Z
MMM,2007-01-04,30.76,30.95,30.57,30.94,7524312,77.95,78.41,77.45,78.4,2969600,2026-02-14T03:46:15Z
MMM,2007-01-05,30.56,30.75,30.39,30.74,7006167,77.42,77.9,77.01,77.89,2765100,2026-02-14T03:46:15Z
MMM,2007-01-08,30.62,30.8,30.38,30.56,6168491,77.59,78.04,76.97,77.42,2434500,2026-02-14T03:46:15Z
MMM,2007-01-09,30.66,30.88,30.56,30.78,4806333,77.68,78.23,77.44,78,1896900,2026-02-14T03:46:15Z
MMM,2007-01-10,30.72,30.77,30.41,30.51,4529138,77.85,77.96,77.04,77.31,1787500,2026-02-14T03:46:15Z
MMM,2007-01-11,31.04,31.19,30.74,30.8,6011392,78.65,79.03,77.88,78.05,2372500,2026-02-14T03:46:15Z
MMM,2007-01-12,31.32,31.38,30.87,30.95,6542743,79.36,79.5,78.22,78.41,2582200,2026-02-14T03:46:15Z
MMM,2007-01-16,31.4,31.42,31.15,31.37,6401854,79.56,79.62,78.92,79.48,2526600,2026-02-14T03:46:15Z
MMM,2007-01-17,31.14,31.38,31.08,31.31,6869854,78.91,79.51,78.75,79.33,2711300,2026-02-14T03:46:15Z
MMM,2007-01-18,31.1,31.46,31.02,31.06,4973814,78.81,79.7,78.6,78.71,1963000,2026-02-14T03:46:15Z
MMM,2007-01-19,31.28,31.53,31.11,31.21,7378620,79.25,79.88,78.82,79.09,2912100,2026-02-14T03:46:15Z
MMM,2007-01-22,30.98,31.29,30.84,31.28,5420518,78.49,79.29,78.13,79.25,2139300,2026-02-14T03:46:15Z
MMM,2007-01-23,31.12,31.24,30.91,31.06,4939603,78.85,79.15,78.33,78.71,1949500,2026-02-14T03:46:15Z
MMM,2007-01-24,31.37,31.44,31.12,31.12,4491634,79.49,79.66,78.85,78.85,1772700,2026-02-14T03:46:15Z
MMM,2007-01-25,31.18,31.48,31.11,31.4,7319347,79.01,79.75,78.83,79.56,2888700,2026-02-14T03:46:15Z
MMM,2007-01-26,31.06,31.25,30.88,31.17,5058195,78.69,79.19,78.23,78.97,1996300,2026-02-14T03:46:15Z
MMM,2007-01-29,31.16,31.26,30.88,31,8666295,78.96,79.2,78.25,78.54,3420300,2026-02-14T03:46:15Z
MMM,2007-01-30,29.48,30.07,29.3,29.57,39676522,74.7,76.18,74.24,74.92,15659000,2026-02-14T03:46:15Z
MMM,2007-01-31,29.32,29.47,28.85,29.29,23530449,74.3,74.68,73.09,74.21,9286700,2026-02-14T03:46:15Z
MMM,2007-02-01,29.2,29.53,29.09,29.5,16475909,73.99,74.83,73.71,74.75,6502500,2026-02-14T03:46:15Z
MMM,2007-02-02,29.15,29.23,29.1,29.15,14149920,73.87,74.07,73.72,73.87,5584500,2026-02-14T03:46:15Z
MMM,2007-02-05,29.18,29.31,29.09,29.24,16089521,73.93,74.27,73.7,74.08,6350000,2026-02-14T03:46:15Z
MMM,2007-02-06,29.31,29.4,29.13,29.17,12346879,74.27,74.5,73.82,73.91,4872900,2026-02-14T03:46:15Z
MMM,2007-02-07,29.46,29.6,29.32,29.32,10266621,74.65,74.99,74.28,74.3,4051900,2026-02-14T03:46:15Z
MMM,2007-02-08,29.46,29.56,29.25,29.55,9730243,74.64,74.89,74.11,74.88,3840200,2026-02-14T03:46:15Z
MMM,2007-02-09,29.42,29.6,29.3,29.46,10191627,74.54,75,74.25,74.64,4022300,2026-02-14T03:46:15Z
MMM,2007-02-12,29.44,29.56,29.36,29.42,7531918,74.59,74.89,74.4,74.55,2972600,2026-02-14T03:46:15Z
MMM,2007-02-13,30.16,30.35,29.9,30,18226007,76.43,76.9,75.75,76,7193200,2026-02-14T03:46:15Z
MMM,2007-02-14,30.33,30.36,30.11,30.16,9852608,76.84,76.92,76.28,76.43,3888500,2026-02-14T03:46:15Z
MMM,2007-02-15,30.35,30.54,30.23,30.35,9191309,76.91,77.38,76.6,76.9,3627500,2026-02-14T03:46:15Z
MMM,2007-02-16,30.33,30.56,30.16,30.35,9615953,76.84,77.43,76.41,76.91,3795100,2026-02-14T03:46:15Z
MMM,2007-02-20,30.22,30.29,29.97,30.19,10039354,76.58,76.75,75.94,76.5,3962200,2026-02-14T03:46:15Z
MMM,2007-02-21,30.28,30.41,30.14,30.22,7101492,76.23,76.58,75.9,76.1,2820400,2026-02-14T03:46:15Z
MMM,2007-02-22,30.32,30.48,30.24,30.28,7039038,76.35,76.75,76.13,76.25,2795600,2026-02-14T03:46:15Z
MMM,2007-02-23,30.27,30.41,30.16,30.38,5004086,76.21,76.57,75.95,76.49,1987400,2026-02-14T03:46:15Z
MMM,2007-02-26,30.23,30.51,30.04,30.36,6531186,76.12,76.82,75.64,76.45,2593900,2026-02-14T03:46:15Z
MMM,2007-02-27,29.59,30.26,29.2,30.24,14785880,74.5,76.18,73.52,76.13,5872300,2026-02-14T03:46:15Z
MMM,2007-02-28,29.42,29.79,29.2,29.49,13320206,74.08,75,73.53,74.25,5290200,2026-02-14T03:46:15Z
MMM,2007-03-01,29.25,29.39,29,29.39,11257287,73.66,74.01,73.02,74,4470900,2026-02-14T03:46:15Z
MMM,2007-03-02,29,29.31,28.99,29.09,12611406,73.01,73.79,73,73.25,5008700,2026-02-14T03:46:15Z
MMM,2007-03-05,29.06,29.3,28.95,29,12360131,73.17,73.77,72.9,73.01,4908900,2026-02-14T03:46:15Z
MMM,2007-03-06,29.18,29.27,28.99,29.24,10848363,73.47,73.69,73,73.62,4308500,2026-02-14T03:46:15Z
MMM,2007-03-07,29.31,29.47,29.06,29.19,9506596,73.8,74.19,73.17,73.5,3775600,2026-02-14T03:46:15Z
MMM,2007-03-08,29.6,29.85,29.39,29.4,9608051,74.52,75.15,74,74.03,3815900,2026-02-14T03:46:15Z
MMM,2007-03-09,29.68,29.91,29.6,29.62,8425393,74.73,75.31,74.54,74.59,3346200,2026-02-14T03:46:15Z
MMM,2007-03-12,29.85,29.9,29.63,29.63,8107906,75.17,75.29,74.6,74.61,3220100,2026-02-14T03:46:15Z
MMM,2007-03-13,29.7,29.99,29.65,29.69,11158601,74.77,75.5,74.65,74.75,4431700,2026-02-14T03:46:15Z
MMM,2007-03-14,30.1,30.12,29.56,29.7,11615601,75.8,75.84,74.42,74.78,4613200,2026-02-14T03:46:15Z
MMM,2007-03-15,30.18,30.29,30.05,30.1,9895602,75.99,76.26,75.67,75.8,3930100,2026-02-14T03:46:15Z
MMM,2007-03-16,29.9,30.29,29.85,30.28,12730509,75.28,76.26,75.15,76.23,5056000,2026-02-14T03:46:15Z
MMM,2007-03-19,30.33,30.37,29.99,30,8058298,76.36,76.46,75.5,75.54,3200400,2026-02-14T03:46:15Z
MMM,2007-03-20,30.33,30.38,30.2,30.38,5991595,76.38,76.5,76.04,76.49,2379600,2026-02-14T03:46:15Z
MMM,2007-03-21,30.54,30.61,30.2,30.28,7770745,76.9,77.06,76.05,76.25,3086200,2026-02-14T03:46:15Z
MMM,2007-03-22,30.89,30.98,30.55,30.62,10588538,77.78,78,76.91,77.09,4205300,2026-02-14T03:46:15Z
MMM,2007-03-23,30.97,31.04,30.74,30.82,7002023,77.97,78.16,77.39,77.59,2780900,2026-02-14T03:46:15Z
MMM,2007-03-26,30.73,30.85,30.56,30.84,8918666,77.38,77.67,76.94,77.66,3542100,2026-02-14T03:46:15Z
MMM,2007-03-27,30.65,30.77,30.51,30.76,6778699,77.17,77.47,76.81,77.44,2692200,2026-02-14T03:46:15Z
MMM,2007-03-28,30.33,30.65,30.26,30.48,8022785,76.38,77.17,76.18,76.74,3186300,2026-02-14T03:46:15Z
MMM,2007-03-29,30.22,30.34,29.96,30.34,10658777,76.09,76.38,75.44,76.38,4233200,2026-02-14T03:46:15Z
MMM,2007-03-30,30.35,30.6,30.05,30.18,8562110,76.43,77.04,75.67,75.98,3400500,2026-02-14T03:46:15Z
MMM,2007-04-02,30.3,30.36,30.15,30.36,6079218,76.28,76.44,75.91,76.44,2414400,2026-02-14T03:46:15Z
MMM,2007-04-03,30.76,30.82,30.37,30.39,7792405,77.46,77.61,76.47,76.53,3094800,2026-02-14T03:46:15Z
MMM,2007-04-04,30.64,30.87,30.56,30.78,6538480,77.16,77.73,76.94,77.5,2596800,2026-02-14T03:46:15Z
MMM,2007-04-05,30.48,30.59,30.33,30.59,6256233,76.75,77.03,76.36,77.03,2484700,2026-02-14T03:46:15Z
MMM,2007-04-09,30.51,30.59,30.3,30.52,5357340,76.83,77.03,76.3,76.84,2127700,2026-02-14T03:46:15Z
MMM,2007-04-10,30.38,30.58,30.35,30.53,5412740,76.5,77,76.42,76.88,2149700,2026-02-14T03:46:15Z
MMM,2007-04-11,30.28,30.46,30.15,30.38,7046601,76.23,76.7,75.91,76.5,2798600,2026-02-14T03:46:15Z
MMM,2007-04-12,30.47,30.55,30.16,30.3,5760967,76.71,76.92,75.95,76.29,2288000,2026-02-14T03:46:15Z
MMM,2007-04-13,30.47,30.68,30.15,30.68,6177923,76.72,77.25,75.91,77.25,2453600,2026-02-14T03:46:15Z
MMM,2007-04-16,30.64,30.71,30.47,30.55,6253453,77.16,77.32,76.71,76.91,2483600,2026-02-14T03:46:15Z
MMM,2007-04-17,30.69,30.77,30.38,30.58,5995883,77.28,77.47,76.48,77,2381300,2026-02-14T03:46:15Z
MMM,2007-04-18,30.61,30.72,30.48,30.72,5274244,77.08,77.36,76.75,77.34,2094700,2026-02-14T03:46:15Z
MMM,2007-04-19,30.81,30.93,30.31,30.33,8957930,77.58,77.89,76.31,76.36,3557700,2026-02-14T03:46:15Z
MMM,2007-04-20,30.88,31.18,30.8,30.96,11937876,77.75,78.5,77.54,77.96,4741200,2026-02-14T03:46:15Z
MMM,2007-04-23,30.69,30.93,30.59,30.88,8998232,77.28,77.89,77.01,77.75,3573700,2026-02-14T03:46:15Z
MMM,2007-04-24,30.58,30.72,30.39,30.64,9460019,77,77.35,76.51,77.14,3757100,2026-02-14T03:46:15Z
MMM,2007-04-25,30.57,30.78,30.36,30.57,11710265,76.97,77.51,76.45,76.96,4650800,2026-02-14T03:46:15Z
MMM,2007-04-26,31.95,32.21,31.47,31.9,35776891,80.45,81.09,79.23,80.31,14209000,2026-02-14T03:46:15Z
MMM,2007-04-27,32.39,32.69,31.65,31.76,17062288,81.55,82.3,79.7,79.97,6776400,2026-02-14T03:46:15Z
MMM,2007-04-30,32.87,33.06,32.12,32.39,15917423,82.77,83.25,80.88,81.56,6321700,2026-02-14T03:46:15Z
MMM,2007-05-01,33.21,33.25,32.63,32.87,13999794,83.61,83.73,82.16,82.77,5560100,2026-02-14T03:46:15Z
MMM,2007-05-02,33.53,33.66,33.04,33.12,13274636,84.42,84.75,83.2,83.4,5272100,2026-02-14T03:46:15Z
MMM,2007-05-03,33.39,33.52,33.17,33.48,12260165,84.07,84.4,83.51,84.31,4869200,2026-02-14T03:46:15Z
MMM,2007-05-04,33.44,33.5,33.24,33.32,7392560,84.21,84.35,83.69,83.9,2936000,2026-02-14T03:46:15Z
MMM,2007-05-07,33.73,33.76,33.34,33.51,9182274,84.93,85,83.95,84.37,3646800,2026-02-14T03:46:15Z
MMM,2007-05-08,33.67,33.73,33.42,33.53,8577732,84.78,84.94,84.15,84.42,3406700,2026-02-14T03:46:15Z
MMM,2007-05-09,33.9,33.95,33.52,33.52,10198517,85.36,85.49,84.4,84.4,4050400,2026-02-14T03:46:15Z
MMM,2007-05-10,33.62,33.9,33.51,33.76,8010195,84.65,85.36,84.38,85,3181300,2026-02-14T03:46:15Z
MMM,2007-05-11,33.98,34.1,33.67,33.67,10339014,85.55,85.85,84.78,84.78,4106200,2026-02-14T03:46:15Z
MMM,2007-05-14,33.69,33.99,33.53,33.88,8808115,84.83,85.58,84.42,85.3,3498200,2026-02-14T03:46:15Z
MMM,2007-05-15,34.22,34.58,33.7,33.7,16568053,86.17,87.08,84.85,84.85,6580100,2026-02-14T03:46:15Z
MMM,2007-05-16,34.35,34.54,33.91,34.54,10128692,86.01,86.48,84.91,86.48,4045200,2026-02-14T03:46:15Z
MMM,2007-05-17,34.61,34.71,34.25,34.38,10523550,86.67,86.9,85.75,86.09,4202900,2026-02-14T03:46:15Z
MMM,2007-05-18,34.71,34.87,34.67,34.72,9899076,86.9,87.32,86.8,86.93,3953500,2026-02-14T03:46:15Z
MMM,2007-05-21,34.77,34.82,34.59,34.7,8992168,87.06,87.18,86.62,86.88,3591300,2026-02-14T03:46:15Z
MMM,2007-05-22,35.06,35.17,34.76,34.77,8932339,87.78,88.05,87.04,87.06,3567400,2026-02-14T03:46:15Z
MMM,2007-05-23,35.12,35.34,34.97,35.01,8511433,87.94,88.49,87.57,87.65,3399300,2026-02-14T03:46:15Z
MMM,2007-05-24,34.81,35.56,34.76,34.99,11148519,87.15,89.03,87.03,87.62,4452500,2026-02-14T03:46:15Z
MMM,2007-05-25,34.89,35.14,34.81,34.97,6995334,87.35,87.98,87.16,87.55,2793800,2026-02-14T03:46:15Z
MMM,2007-05-29,34.87,35.03,34.45,34.81,8247522,87.31,87.72,86.25,87.17,3293900,2026-02-14T03:46:15Z
MMM,2007-05-30,35.12,35.13,34.7,34.87,9032721,87.93,87.95,86.88,87.3,3607500,2026-02-14T03:46:15Z
MMM,2007-05-31,35.13,35.33,35,35.12,8919065,87.96,88.46,87.63,87.93,3562100,2026-02-14T03:46:15Z
MMM,2007-06-01,35.32,35.32,34.92,35,7143050,88.43,88.43,87.43,87.63,2852800,2026-02-14T03:46:15Z
MMM,2007-06-04,35.17,35.32,34.97,35.32,5808738,88.07,88.43,87.56,88.43,2319900,2026-02-14T03:46:15Z
MMM,2007-06-05,34.93,35.28,34.84,35.17,6332808,87.46,88.35,87.23,88.07,2529200,2026-02-14T03:46:15Z
MMM,2007-06-06,34.59,34.93,34.46,34.93,7535174,86.62,87.47,86.29,87.47,3009400,2026-02-14T03:46:15Z
MMM,2007-06-07,33.9,34.71,33.72,34.59,11996830,84.88,86.91,84.42,86.62,4791300,2026-02-14T03:46:15Z
MMM,2007-06-08,34.32,34.35,33.77,33.9,9020213,85.94,86,84.55,84.88,3602500,2026-02-14T03:46:15Z
MMM,2007-06-11,34.07,34.34,34.02,34.32,7320572,85.3,85.98,85.17,85.94,2923700,2026-02-14T03:46:15Z
MMM,2007-06-12,33.96,34.23,33.71,34.07,8577515,85.04,85.71,84.4,85.3,3425700,2026-02-14T03:46:15Z
MMM,2007-06-13,34.82,34.85,33.96,34.23,11371102,87.19,87.25,85.02,85.7,4541400,2026-02-14T03:46:15Z
MMM,2007-06-14,34.91,35.09,34.71,34.77,7213911,87.42,87.87,86.92,87.07,2881100,2026-02-14T03:46:15Z
MMM,2007-06-15,35.01,35.34,34.95,34.98,11319522,87.67,88.49,87.52,87.58,4520800,2026-02-14T03:46:15Z
MMM,2007-06-18,34.99,35.16,34.67,35.02,6985555,87.62,88.03,86.82,87.68,2789900,2026-02-14T03:46:15Z
MMM,2007-06-19,35.07,35.12,34.71,34.92,5879351,87.82,87.93,86.92,87.43,2348100,2026-02-14T03:46:15Z
MMM,2007-06-20,34.78,35.27,34.74,35.13,7238705,87.08,88.3,86.99,87.97,2891000,2026-02-14T03:46:15Z
MMM,2007-06-21,34.91,35.07,34.4,34.71,6819053,87.41,87.82,86.12,86.91,2723400,2026-02-14T03:46:15Z
MMM,2007-06-22,34.52,34.91,34.4,34.57,12024357,86.43,87.41,86.13,86.56,4802300,2026-02-14T03:46:15Z
MMM,2007-06-25,34.45,35.03,34.29,34.59,7209408,86.25,87.72,85.86,86.6,2879300,2026-02-14T03:46:15Z
MMM,2007-06-26,34.38,34.75,34.31,34.54,7597757,86.08,87,85.9,86.49,3034400,2026-02-14T03:46:15Z
MMM,2007-06-27,34.8,34.84,34.26,34.28,8152377,87.13,87.23,85.77,85.82,3255900,2026-02-14T03:46:15Z
MMM,2007-06-28,34.69,34.85,34.54,34.75,5865083,86.85,87.27,86.49,87,2342400,2026-02-14T03:46:15Z
MMM,2007-06-29,34.66,35.09,34.44,34.79,8317865,86.79,87.86,86.22,87.1,3322000,2026-02-14T03:46:15Z
MMM,2007-07-02,35.15,35.15,34.8,34.86,6027579,88,88,87.13,87.29,2407300,2026-02-14T03:46:15Z
MMM,2007-07-03,35.12,35.22,34.96,35.15,2637084,87.94,88.18,87.54,88,1053200,2026-02-14T03:46:15Z
MMM,2007-07-05,35.05,35.31,34.9,35.02,4722315,87.76,88.4,87.38,87.68,1886000,2026-02-14T03:46:15Z
MMM,2007-07-06,35.19,35.47,34.97,35.13,5031044,88.11,88.81,87.56,87.95,2009300,2026-02-14T03:46:15Z
MMM,2007-07-09,35.19,35.37,35.11,35.13,5817763,88.11,88.57,87.9,87.97,2323500,2026-02-14T03:46:15Z
MMM,2007-07-10,34.83,35.29,34.81,35.12,8590041,87.22,88.36,87.17,87.94,3430700,2026-02-14T03:46:15Z
MMM,2007-07-11,35.1,35.25,34.77,34.83,6428946,87.88,88.27,87.07,87.22,2567600,2026-02-14T03:46:15Z
MMM,2007-07-12,35.92,35.93,34.99,35.01,10503769,89.93,89.96,87.6,87.67,4195000,2026-02-14T03:46:15Z
MMM,2007-07-13,36.03,36.04,35.71,35.78,9038496,90.22,90.24,89.4,89.58,3609800,2026-02-14T03:46:15Z
MMM,2007-07-16,36.29,36.87,35.88,36.2,11478028,90.87,92.32,89.83,90.63,4584100,2026-02-14T03:46:15Z
MMM,2007-07-17,36.38,36.62,36.18,36.52,6385135,91.08,91.68,90.59,91.44,2550100,2026-02-14T03:46:15Z
MMM,2007-07-18,36.54,36.73,36.34,36.38,10898131,91.48,91.96,91,91.1,4352500,2026-02-14T03:46:15Z
MMM,2007-07-19,36.41,36.72,36.11,36.66,6982067,91.17,91.95,90.41,91.8,2788500,2026-02-14T03:46:15Z
MMM,2007-07-20,36.03,36.51,35.39,36.14,12793320,90.21,91.41,88.6,90.5,5109400,2026-02-14T03:46:15Z
MMM,2007-07-23,36.29,36.51,36.08,36.19,6930485,90.87,91.42,90.35,90.61,2767900,2026-02-14T03:46:15Z
MMM,2007-07-24,35.82,36.44,35.69,36.16,9124870,89.69,91.23,89.35,90.54,3644300,2026-02-14T03:46:15Z
MMM,2007-07-25,35.79,36.06,35.16,36.04,12765006,89.62,90.29,88.04,90.24,5098100,2026-02-14T03:46:15Z
MMM,2007-07-26,35.96,36.71,35.44,35.79,18980610,90.05,91.91,88.74,89.62,7580500,2026-02-14T03:46:15Z
MMM,2007-07-27,35.96,36.74,35.96,36.1,15645951,90.05,92,90.05,90.4,6248700,2026-02-14T03:46:15Z
MMM,2007-07-30,36.02,36.3,35.85,36.02,12133018,90.18,90.9,89.77,90.18,4845700,2026-02-14T03:46:15Z
MMM,2007-07-31,35.51,36.14,35.46,35.71,14333453,88.92,90.48,88.78,89.41,5724500,2026-02-14T03:46:15Z
MMM,2007-08-01,35.57,35.73,35.05,35.52,14215023,89.07,89.47,87.75,88.94,5677200,2026-02-14T03:46:15Z
MMM,2007-08-02,35.59,35.73,35.31,35.57,9658209,89.12,89.46,88.4,89.06,3857300,2026-02-14T03:46:15Z
MMM,2007-08-03,34.97,35.6,34.95,35.42,12572712,87.56,89.15,87.51,88.68,5021300,2026-02-14T03:46:15Z
MMM,2007-08-06,35.05,35.29,34.59,35.03,14316399,87.77,88.37,86.61,87.7,5717700,2026-02-14T03:46:15Z
MMM,2007-08-07,35.16,35.43,34.73,34.73,11297730,88.03,88.71,86.95,86.96,4512100,2026-02-14T03:46:15Z
MMM,2007-08-08,35.21,35.37,34.74,35.11,11912190,88.15,88.57,86.99,87.9,4757500,2026-02-14T03:46:15Z
MMM,2007-08-09,34.69,35.2,34.65,35.11,12693649,86.86,88.13,86.77,87.9,5069600,2026-02-14T03:46:15Z
MMM,2007-08-10,34.33,34.62,33.85,34.49,14671702,85.97,86.69,84.76,86.36,5859600,2026-02-14T03:46:15Z
MMM,2007-08-13,34.45,34.81,34.25,34.81,8024668,86.25,87.16,85.75,87.16,3204900,2026-02-14T03:46:15Z
MMM,2007-08-14,34.25,34.65,34.1,34.46,8684446,85.76,86.76,85.39,86.27,3468400,2026-02-14T03:46:15Z
MMM,2007-08-15,33.97,34.52,33.92,33.92,9798423,85.06,86.43,84.93,84.94,3913300,2026-02-14T03:46:15Z
MMM,2007-08-16,34.11,34.46,33.23,33.23,16822308,85.4,86.28,83.21,83.21,6718500,2026-02-14T03:46:15Z
MMM,2007-08-17,35.08,35.59,34.36,34.75,15362045,87.83,89.11,86.03,87,6135300,2026-02-14T03:46:15Z
MMM,2007-08-20,35.25,35.48,34.91,34.97,8049714,88.27,88.84,87.4,87.55,3214900,2026-02-14T03:46:15Z
MMM,2007-08-21,35.33,35.44,35.01,35.19,7715953,88.46,88.74,87.65,88.1,3081600,2026-02-14T03:46:15Z
MMM,2007-08-22,35.77,35.97,35.36,35.55,7619793,89.07,89.58,88.05,88.52,3059800,2026-02-14T03:46:15Z
MMM,2007-08-23,35.64,35.88,35.43,35.88,6759892,88.75,89.34,88.22,89.34,2714500,2026-02-14T03:46:15Z
MMM,2007-08-24,35.8,35.8,35.34,35.72,7439482,89.15,89.15,88,88.94,2987400,2026-02-14T03:46:15Z
MMM,2007-08-27,35.62,35.85,35.32,35.66,5434802,88.7,89.27,87.95,88.8,2182400,2026-02-14T03:46:15Z
MMM,2007-08-28,35.18,35.94,35.17,35.57,7906166,87.62,89.49,87.59,88.59,3174800,2026-02-14T03:46:15Z
MMM,2007-08-29,35.64,35.68,35.14,35.36,6881159,88.76,88.85,87.51,88.05,2763200,2026-02-14T03:46:15Z
MMM,2007-08-30,35.88,36.14,35.37,35.5,8825335,89.36,89.99,88.08,88.4,3543900,2026-02-14T03:46:15Z
MMM,2007-08-31,36.54,36.75,35.96,36.06,12297305,90.99,91.51,89.55,89.81,4938100,2026-02-14T03:46:15Z
MMM,2007-09-04,36.6,36.74,36.1,36.53,7600602,91.15,91.5,89.9,90.96,3052100,2026-02-14T03:46:15Z
MMM,2007-09-05,36.11,36.44,35.96,36.3,8047129,89.92,90.75,89.56,90.4,3231400,2026-02-14T03:46:15Z
MMM,2007-09-06,36.39,36.56,36.17,36.24,6572614,90.63,91.04,90.08,90.26,2639300,2026-02-14T03:46:15Z
MMM,2007-09-07,35.71,36.3,35.61,36.3,8918222,88.92,90.4,88.67,90.39,3581200,2026-02-14T03:46:15Z
MMM,2007-09-10,35.27,36.09,35.02,35.79,13043872,87.82,89.87,87.21,89.13,5237900,2026-02-14T03:46:15Z
MMM,2007-09-11,35.43,35.59,35.2,35.34,8389789,88.24,88.62,87.65,88.01,3369000,2026-02-14T03:46:15Z
MMM,2007-09-12,35.77,36.05,35.46,35.56,7909411,89.08,89.77,88.31,88.56,3176100,2026-02-14T03:46:15Z
MMM,2007-09-13,35.78,36.02,35.61,36.01,7697230,89.09,89.69,88.69,89.67,3090900,2026-02-14T03:46:15Z
MMM,2007-09-14,35.75,35.93,35.52,35.6,5839983,89.02,89.47,88.45,88.66,2345100,2026-02-14T03:46:15Z
MMM,2007-09-17,35.71,36.04,35.63,35.72,4717603,88.93,89.74,88.74,88.95,1894400,2026-02-14T03:46:15Z
MMM,2007-09-18,36.81,36.85,35.84,35.84,10840743,91.66,91.76,89.25,89.25,4353200,2026-02-14T03:46:15Z
MMM,2007-09-19,36.93,37.04,36.57,36.84,11943932,91.96,92.25,91.08,91.75,4796200,2026-02-14T03:46:15Z
MMM,2007-09-20,36.72,37.06,36.58,36.63,8257057,91.44,92.3,91.1,91.23,3315700,2026-02-14T03:46:15Z
MMM,2007-09-21,36.82,37.14,36.64,37.14,12392925,91.68,92.5,91.24,92.5,4976500,2026-02-14T03:46:15Z
MMM,2007-09-24,36.87,37.24,36.74,36.78,7964440,91.81,92.74,91.5,91.6,3198200,2026-02-14T03:46:15Z
MMM,2007-09-25,36.91,37.06,36.27,36.74,5996861,91.91,92.3,90.33,91.49,2408100,2026-02-14T03:46:15Z
MMM,2007-09-26,37.16,37.32,36.85,37.01,8485152,92.54,92.94,91.77,92.17,3407300,2026-02-14T03:46:15Z
MMM,2007-09-27,37.5,37.59,37.22,37.27,8105884,93.39,93.6,92.69,92.8,3255000,2026-02-14T03:46:15Z
MMM,2007-09-28,37.58,37.74,37.38,37.74,9576668,93.58,93.98,93.09,93.98,3845600,2026-02-14T03:46:15Z
MMM,2007-10-01,38.04,38.14,37.62,37.68,10425588,94.74,94.99,93.68,93.84,4186500,2026-02-14T03:46:15Z
MMM,2007-10-02,37.7,38.1,37.58,37.89,8716750,93.89,94.88,93.59,94.35,3500300,2026-02-14T03:46:15Z
MMM,2007-10-03,37.82,38.06,37.53,37.61,7055991,94.19,94.79,93.47,93.66,2833400,2026-02-14T03:46:15Z
MMM,2007-10-04,37.85,38.1,37.76,37.95,6000106,94.25,94.89,94.02,94.5,2409400,2026-02-14T03:46:15Z
MMM,2007-10-05,38.49,38.52,38,38.05,9363987,95.85,95.92,94.63,94.75,3760200,2026-02-14T03:46:15Z
MMM,2007-10-08,38.31,38.53,38.15,38.45,5520473,95.41,95.95,95.01,95.75,2216800,2026-02-14T03:46:15Z
MMM,2007-10-09,38.4,38.55,38.09,38.1,8614165,95.62,96,94.85,94.87,3459100,2026-02-14T03:46:15Z
MMM,2007-10-10,38.48,38.95,38.2,38.2,7300293,95.82,97,95.12,95.12,2931500,2026-02-14T03:46:15Z
MMM,2007-10-11,37.89,38.75,37.72,38.59,9162512,94.36,96.49,93.92,96.1,3679300,2026-02-14T03:46:15Z
MMM,2007-10-12,37.81,38.11,37.63,38.02,6527294,94.17,94.9,93.7,94.67,2621100,2026-02-14T03:46:15Z
MMM,2007-10-15,37.9,38.04,37.56,37.82,7542590,94.39,94.73,93.53,94.18,3028800,2026-02-14T03:46:15Z
MMM,2007-10-16,37.74,37.99,37.55,37.92,6961604,93.98,94.6,93.51,94.43,2795500,2026-02-14T03:46:15Z
MMM,2007-10-17,37.85,38.16,37.39,38,8505588,94.26,95.04,93.1,94.64,3415500,2026-02-14T03:46:15Z
MMM,2007-10-18,38.04,38.29,37.44,37.86,6215509,94.73,95.36,93.23,94.28,2495900,2026-02-14T03:46:15Z
MMM,2007-10-19,34.78,37.35,34.65,37.31,37973663,86.62,93,86.29,92.9,15248700,2026-02-14T03:46:15Z
MMM,2007-10-22,34.65,34.82,33.76,34.27,22397150,86.28,86.71,84.08,85.35,8993800,2026-02-14T03:46:15Z
MMM,2007-10-23,34.51,34.96,33.89,34.88,18634095,85.93,87.06,84.39,86.87,7482700,2026-02-14T03:46:15Z
MMM,2007-10-24,34.57,34.59,33.89,34.5,12465640,86.1,86.14,84.4,85.92,5005700,2026-02-14T03:46:15Z
MMM,2007-10-25,34.57,34.86,34.23,34.81,10181546,86.09,86.82,85.24,86.68,4088500,2026-02-14T03:46:15Z
MMM,2007-10-26,34.59,34.73,34.37,34.73,7129956,86.13,86.48,85.59,86.48,2863100,2026-02-14T03:46:15Z
MMM,2007-10-29,34.52,34.75,34.24,34.71,9090056,85.97,86.54,85.26,86.44,3650200,2026-02-14T03:46:15Z
MMM,2007-10-30,34.45,34.63,34.26,34.51,6953890,85.79,86.23,85.32,85.95,2792400,2026-02-14T03:46:15Z
MMM,2007-10-31,34.68,34.9,34.27,34.53,11551461,86.36,86.91,85.35,85.98,4638600,2026-02-14T03:46:15Z
MMM,2007-11-01,33.69,34.65,33.68,34.56,10813826,83.9,86.28,83.88,86.07,4342400,2026-02-14T03:46:15Z
MMM,2007-11-02,34.09,34.13,33.39,34.01,12246005,84.89,85,83.15,84.7,4917500,2026-02-14T03:46:15Z
MMM,2007-11-05,34.15,34.27,33.67,33.94,9322885,85.05,85.34,83.84,84.51,3743700,2026-02-14T03:46:15Z
MMM,2007-11-06,34.31,34.41,33.81,34.18,8287425,85.45,85.69,84.2,85.12,3327900,2026-02-14T03:46:15Z
MMM,2007-11-07,33.44,34.25,33.44,34.11,11169943,83.27,85.3,83.27,84.95,4485400,2026-02-14T03:46:15Z
MMM,2007-11-08,33.26,33.56,32.74,33.47,18883613,82.83,83.58,81.53,83.34,7582900,2026-02-14T03:46:15Z
MMM,2007-11-09,31.93,32.73,31.8,32.12,22757262,79.51,81.5,79.18,79.98,9138400,2026-02-14T03:46:15Z
MMM,2007-11-12,31.81,32.24,31.72,31.94,11770594,79.22,80.29,78.98,79.53,4726600,2026-02-14T03:46:15Z
MMM,2007-11-13,32.62,32.66,31.82,32.15,12487563,81.23,81.32,79.24,80.05,5014500,2026-02-14T03:46:15Z
MMM,2007-11-14,32.21,32.9,32.15,32.75,9122185,80.21,81.92,80.05,81.56,3663100,2026-02-14T03:46:15Z
MMM,2007-11-15,31.98,32.43,31.85,32.15,10468939,79.65,80.76,79.32,80.05,4203900,2026-02-14T03:46:15Z
MMM,2007-11-16,32.76,32.77,32.03,32.18,16098986,81.57,81.6,79.77,80.13,6464700,2026-02-14T03:46:15Z
MMM,2007-11-19,32.81,33.06,32.54,32.62,12508231,81.7,82.34,81.04,81.22,5022800,2026-02-14T03:46:15Z
MMM,2007-11-20,33.17,33.4,32.73,33.12,10965692,82.11,82.68,81.02,81.99,4429400,2026-02-14T03:46:15Z
MMM,2007-11-21,32.82,33.33,32.82,32.96,11643520,81.24,82.5,81.24,81.6,4703200,2026-02-14T03:46:15Z
MMM,2007-11-23,33.43,33.42,32.74,33.05,4272990,82.75,82.75,81.06,81.83,1726000,2026-02-14T03:46:15Z
MMM,2007-11-26,32.72,33.51,32.67,33.49,10069730,81,82.95,80.89,82.92,4067500,2026-02-14T03:46:15Z
MMM,2007-11-27,33.17,33.28,32.71,32.95,10692387,82.12,82.39,80.97,81.58,4319000,2026-02-14T03:46:15Z
MMM,2007-11-28,33.69,33.85,33.14,33.35,10836709,83.41,83.8,82.04,82.57,4377300,2026-02-14T03:46:15Z
MMM,2007-11-29,33.77,33.97,33.51,33.56,7987224,83.61,84.1,82.97,83.08,3226300,2026-02-14T03:46:15Z
MMM,2007-11-30,33.63,34.31,33.28,34.11,14206828,83.26,84.94,82.38,84.44,5738600,2026-02-14T03:46:15Z
MMM,2007-12-03,33.21,33.92,33.1,33.7,10576017,82.21,83.98,81.94,83.43,4272000,2026-02-14T03:46:15Z
MMM,2007-12-04,33.16,33.5,32.96,33.07,7894634,82.09,82.94,81.6,81.88,3188900,2026-02-14T03:46:15Z
MMM,2007-12-05,33.83,33.93,33.33,33.4,8060006,83.76,83.99,82.51,82.69,3255700,2026-02-14T03:46:15Z
MMM,2007-12-06,34.26,34.33,33.75,33.82,7271993,84.82,85,83.56,83.73,2937400,2026-02-14T03:46:15Z
MMM,2007-12-07,34.82,34.95,33.96,33.96,9182954,86.19,86.53,84.06,84.06,3709300,2026-02-14T03:46:15Z
MMM,2007-12-10,35.04,35.2,34.84,34.84,8149376,86.74,87.15,86.26,86.26,3291800,2026-02-14T03:46:15Z
MMM,2007-12-11,34.19,35.16,34.19,35.16,10672080,84.65,87.05,84.65,87.05,4310800,2026-02-14T03:46:15Z
MMM,2007-12-12,35,35.83,34.73,35.59,17957954,86.66,88.7,85.97,88.1,7253800,2026-02-14T03:46:15Z
MMM,2007-12-13,35.11,35.17,34.47,34.9,10630240,86.92,87.06,85.34,86.41,4293900,2026-02-14T03:46:15Z
MMM,2007-12-14,34.71,35.38,34.69,34.84,8350653,85.93,87.58,85.88,86.25,3373100,2026-02-14T03:46:15Z
MMM,2007-12-17,34.65,35.02,34.49,34.49,9237685,85.78,86.7,85.39,85.39,3731400,2026-02-14T03:46:15Z
MMM,2007-12-18,34.68,34.86,34.35,34.82,7626007,85.85,86.31,85.03,86.21,3080400,2026-02-14T03:46:15Z
MMM,2007-12-19,34.31,34.67,33.98,34.61,9244858,84.93,85.84,84.11,85.69,3734300,2026-02-14T03:46:15Z
MMM,2007-12-20,34.13,34.46,33.87,34.25,8413520,84.49,85.32,83.85,84.79,3398500,2026-02-14T03:46:15Z
MMM,2007-12-21,34.76,35.08,34.26,34.46,17434336,86.05,86.84,84.82,85.32,7042300,2026-02-14T03:46:15Z
MMM,2007-12-24,34.84,34.96,34.46,34.54,2201853,86.26,86.54,85.3,85.52,889400,2026-02-14T03:46:15Z
MMM,2007-12-26,34.77,35.13,34.64,35.13,5303356,86.07,86.97,85.75,86.97,2142200,2026-02-14T03:46:15Z
MMM,2007-12-27,34.5,34.94,34.45,34.78,5643014,85.4,86.5,85.28,86.1,2279400,2026-02-14T03:46:15Z
MMM,2007-12-28,34.37,34.79,34.08,34.79,5366985,85.09,86.12,84.37,86.12,2167900,2026-02-14T03:46:15Z
MMM,2007-12-31,34.06,34.42,34.04,34.19,4309136,84.32,85.21,84.28,84.65,1740600,2026-02-14T03:46:15Z
MMM,2008-01-02,33.41,34.24,33.22,34.03,11025590,82.71,84.76,82.23,84.24,4453600,2026-02-14T03:46:15Z
MMM,2008-01-03,33.41,33.72,33.27,33.45,6744182,82.7,83.48,82.37,82.82,2724200,2026-02-14T03:46:15Z
MMM,2008-01-04,33.03,33.39,32.94,33.12,8962390,81.76,82.66,81.55,82,3620200,2026-02-14T03:46:15Z
MMM,2008-01-07,32.76,33.18,32.63,33.16,10456444,81.11,82.15,80.77,82.1,4223700,2026-02-14T03:46:15Z
MMM,2008-01-08,32.4,33.15,32.35,32.86,14138722,80.21,82.07,80.1,81.35,5711100,2026-02-14T03:46:15Z
MMM,2008-01-09,32.39,32.65,31.71,32.4,15899164,80.19,80.82,78.49,80.2,6422200,2026-02-14T03:46:15Z
MMM,2008-01-10,32.4,32.6,31.92,32.21,16922843,80.21,80.71,79.02,79.75,6835700,2026-02-14T03:46:15Z
MMM,2008-01-11,31.34,32.74,31.09,32.17,20831193,77.58,81.06,76.97,79.63,8414400,2026-02-14T03:46:15Z
MMM,2008-01-14,31.71,31.77,31.31,31.56,7247502,78.5,78.64,77.5,78.13,2927500,2026-02-14T03:46:15Z
MMM,2008-01-15,31.18,31.79,31.12,31.51,10413597,77.18,78.7,77.03,78,4206400,2026-02-14T03:46:15Z
MMM,2008-01-16,31.22,31.74,31.03,31.03,11059768,77.3,78.58,76.83,76.83,4467400,2026-02-14T03:46:15Z
MMM,2008-01-17,30.28,31.38,30.08,31.26,17559863,74.96,77.69,74.47,77.38,7093000,2026-02-14T03:46:15Z
MMM,2008-01-18,30.26,30.88,29.92,30.49,17461075,74.91,76.44,74.06,75.47,7053100,2026-02-14T03:46:15Z
MMM,2008-01-22,30.36,30.54,29.11,29.11,16280664,75.16,75.61,72.07,72.07,6576300,2026-02-14T03:46:15Z
MMM,2008-01-23,30.74,30.79,29.1,29.71,17330359,76.1,76.23,72.05,73.55,7000300,2026-02-14T03:46:15Z
MMM,2008-01-24,30.59,31.03,30.3,30.86,11897529,75.73,76.83,75,76.4,4805800,2026-02-14T03:46:15Z
MMM,2008-01-25,30.5,31.03,30.32,31.03,9680064,75.51,76.82,75.07,76.82,3910100,2026-02-14T03:46:15Z
MMM,2008-01-28,31.28,31.31,30.54,30.71,11416765,77.44,77.52,75.6,76.02,4611600,2026-02-14T03:46:15Z
MMM,2008-01-29,31.51,31.78,30.78,31.43,12532758,78.02,78.68,76.2,77.8,5062400,2026-02-14T03:46:15Z
MMM,2008-01-30,31.6,32.11,31.3,31.43,11347929,78.22,79.49,77.49,77.82,4583800,2026-02-14T03:46:15Z
MMM,2008-01-31,32.17,32.32,31.12,31.24,13449739,79.65,80,77.04,77.33,5432800,2026-02-14T03:46:15Z
MMM,2008-02-01,32.8,32.83,32.17,32.23,11733877,81.21,81.28,79.64,79.79,4739700,2026-02-14T03:46:15Z
MMM,2008-02-04,32.54,32.92,32.51,32.81,8361039,80.57,81.5,80.49,81.23,3377300,2026-02-14T03:46:15Z
MMM,2008-02-05,31.95,32.28,31.87,32.04,11888869,79.09,79.91,78.91,79.31,4802300,2026-02-14T03:46:15Z
MMM,2008-02-06,31.98,32.29,31.83,32.1,9583272,79.18,79.94,78.81,79.47,3871000,2026-02-14T03:46:15Z
MMM,2008-02-07,31.96,32.13,31.62,31.75,8625925,79.12,79.54,78.28,78.6,3484300,2026-02-14T03:46:15Z
MMM,2008-02-08,31.73,31.99,31.43,31.85,6986057,78.56,79.19,77.82,78.85,2821900,2026-02-14T03:46:15Z
MMM,2008-02-11,32.02,32.14,31.44,31.66,5191954,79.28,79.57,77.84,78.38,2097200,2026-02-14T03:46:15Z
MMM,2008-02-12,31.95,32.25,31.75,32.16,9070073,79.1,79.84,78.6,79.61,3663700,2026-02-14T03:46:15Z
MMM,2008-02-13,32.87,32.92,32.1,32.13,9359963,81.38,81.51,79.48,79.55,3780800,2026-02-14T03:46:15Z
MMM,2008-02-14,32.43,32.98,32.4,32.82,6153489,80.29,81.65,80.2,81.24,2485600,2026-02-14T03:46:15Z
MMM,2008-02-15,32.29,32.56,32.13,32.37,8992840,79.95,80.61,79.54,80.14,3632500,2026-02-14T03:46:15Z
MMM,2008-02-19,32.25,32.66,32.14,32.42,8648702,79.85,80.86,79.56,80.25,3493500,2026-02-14T03:46:15Z
MMM,2008-02-20,32.49,32.6,31.88,32.24,7976561,79.94,80.2,78.44,79.32,3242300,2026-02-14T03:46:15Z
MMM,2008-02-21,32.1,32.78,31.98,32.54,10047039,78.96,80.65,78.68,80.06,4083900,2026-02-14T03:46:15Z
MMM,2008-02-22,32.38,32.44,31.8,32.24,8587923,79.67,79.81,78.24,79.32,3490800,2026-02-14T03:46:15Z
MMM,2008-02-25,32.92,32.94,32.15,32.34,7224254,81,81.04,79.09,79.56,2936500,2026-02-14T03:46:15Z
MMM,2008-02-26,33.04,33.17,32.71,32.76,7817400,81.29,81.59,80.46,80.6,3177600,2026-02-14T03:46:15Z
MMM,2008-02-27,32.71,32.99,32.56,32.8,6899997,80.48,81.15,80.09,80.68,2804700,2026-02-14T03:46:15Z
MMM,2008-02-28,32.44,32.63,32.21,32.54,6645612,79.8,80.28,79.25,80.06,2701300,2026-02-14T03:46:15Z
MMM,2008-02-29,31.87,32.38,31.78,32.38,7604829,78.4,79.65,78.19,79.65,3091200,2026-02-14T03:46:15Z
MMM,2008-03-03,31.9,31.97,31.55,31.77,5966856,78.49,78.65,77.62,78.16,2425400,2026-02-14T03:46:15Z
MMM,2008-03-04,31.87,32,31.5,31.67,10800077,78.41,78.73,77.49,77.92,4390000,2026-02-14T03:46:15Z
MMM,2008-03-05,32.08,32.36,31.67,32.08,9511955,78.93,79.61,77.92,78.91,3866400,2026-02-14T03:46:15Z
MMM,2008-03-06,31.69,32.21,31.66,31.99,11596670,77.95,79.24,77.89,78.7,4713800,2026-02-14T03:46:15Z
MMM,2008-03-07,31.1,31.7,31.03,31.47,12790367,76.51,77.99,76.33,77.41,5199000,2026-02-14T03:46:15Z
MMM,2008-03-10,30.68,31.34,30.6,31.19,10350362,75.48,77.11,75.28,76.73,4207200,2026-02-14T03:46:15Z
MMM,2008-03-11,31.69,31.71,30.89,31.42,10769813,77.95,78,76,77.3,4377700,2026-02-14T03:46:15Z
MMM,2008-03-12,31.88,32.29,31.69,31.69,9746900,78.42,79.44,77.97,77.97,3961900,2026-02-14T03:46:15Z
MMM,2008-03-13,32.14,32.35,31.36,31.5,10559482,79.08,79.58,77.16,77.49,4292200,2026-02-14T03:46:15Z
MMM,2008-03-14,31.51,32.4,31.14,32.4,12012220,77.53,79.72,76.62,79.72,4882700,2026-02-14T03:46:15Z
MMM,2008-03-17,31.91,32.22,30.58,30.75,12425268,78.51,79.26,75.24,75.64,5050600,2026-02-14T03:46:15Z
MMM,2008-03-18,32.9,32.9,32.12,32.45,11240944,80.95,80.95,79.02,79.84,4569200,2026-02-14T03:46:15Z
MMM,2008-03-19,32.3,33.2,31.93,33.02,10949180,79.47,81.68,78.54,81.24,4450600,2026-02-14T03:46:15Z
MMM,2008-03-20,31.7,32.3,31.49,31.99,17059246,77.98,79.47,77.46,78.7,6934200,2026-02-14T03:46:15Z
MMM,2008-03-24,31.97,32.2,31.67,31.77,10682255,78.64,79.21,77.91,78.15,4342100,2026-02-14T03:46:15Z
MMM,2008-03-25,32.1,32.21,31.82,32.04,9566554,78.98,79.25,78.27,78.83,3888600,2026-02-14T03:46:15Z
MMM,2008-03-26,31.97,32.02,31.66,32,9103064,78.66,78.77,77.88,78.73,3700200,2026-02-14T03:46:15Z
MMM,2008-03-27,31.65,32.16,31.65,32.03,8856803,77.86,79.11,77.86,78.8,3600100,2026-02-14T03:46:15Z
MMM,2008-03-28,31.69,32.09,31.64,31.86,4936051,77.95,78.94,77.85,78.39,2006400,2026-02-14T03:46:15Z
MMM,2008-03-31,32.17,32.31,31.73,31.73,8624087,79.15,79.48,78.06,78.06,3505500,2026-02-14T03:46:15Z
MMM,2008-04-01,33.05,33.14,32.29,32.36,11844925,81.32,81.53,79.44,79.61,4814700,2026-02-14T03:46:15Z
MMM,2008-04-02,32.89,33.16,32.76,33.02,7064596,80.91,81.58,80.59,81.24,2871600,2026-02-14T03:46:15Z
MMM,2008-04-03,32.59,32.92,32.45,32.76,8070553,80.17,81,79.83,80.59,3280500,2026-02-14T03:46:15Z
MMM,2008-04-04,32.73,32.95,32.28,32.64,6889919,80.52,81.07,79.42,80.3,2800600,2026-02-14T03:46:15Z
MMM,2008-04-07,32.6,33.18,32.58,32.9,7580968,80.19,81.62,80.16,80.95,3081500,2026-02-14T03:46:15Z
MMM,2008-04-08,32.47,32.62,32.31,32.32,8535019,79.88,80.26,79.48,79.5,3469300,2026-02-14T03:46:15Z
MMM,2008-04-09,32.35,32.57,32.03,32.51,7299283,79.59,80.12,78.8,79.99,2967000,2026-02-14T03:46:15Z
MMM,2008-04-10,32.66,32.89,32.3,32.39,9218700,80.35,80.91,79.45,79.69,3747200,2026-02-14T03:46:15Z
MMM,2008-04-11,31.9,32.14,31.76,32.03,13809087,78.47,79.08,78.13,78.8,5613100,2026-02-14T03:46:15Z
MMM,2008-04-14,31.81,32.13,31.59,31.82,10942037,78.26,79.04,77.71,78.29,4447700,2026-02-14T03:46:15Z
MMM,2008-04-15,32.05,32.09,31.82,31.95,6574776,78.84,78.94,78.27,78.61,2672500,2026-02-14T03:46:15Z
MMM,2008-04-16,32.8,33,32.16,32.23,13001206,80.69,81.19,79.12,79.3,5284700,2026-02-14T03:46:15Z
MMM,2008-04-17,32.78,32.95,32.23,32.75,7889980,80.65,81.06,79.28,80.57,3207100,2026-02-14T03:46:15Z
MMM,2008-04-18,33.7,33.83,32.99,32.99,11603337,82.9,83.22,81.17,81.17,4716500,2026-02-14T03:46:15Z
MMM,2008-04-21,33.47,33.75,33.29,33.74,7153648,82.34,83.04,81.9,83,2907800,2026-02-14T03:46:15Z
MMM,2008-04-22,33,33.41,32.73,33.39,6702204,81.18,82.2,80.53,82.15,2724300,2026-02-14T03:46:15Z
MMM,2008-04-23,32.77,33.2,32.69,33.14,8915103,80.63,81.68,80.43,81.52,3623800,2026-02-14T03:46:15Z
MMM,2008-04-24,32.16,33,31.52,33,15556323,79.13,81.19,77.55,81.18,6323300,2026-02-14T03:46:15Z
MMM,2008-04-25,31.63,32.06,31.08,32.05,13657081,77.82,78.87,76.46,78.85,5551300,2026-02-14T03:46:15Z
MMM,2008-04-28,31.35,31.7,31.25,31.54,12682092,77.13,77.98,76.88,77.6,5155000,2026-02-14T03:46:15Z
MMM,2008-04-29,31.24,31.6,31.21,31.38,8863948,76.86,77.73,76.78,77.19,3603000,2026-02-14T03:46:15Z
MMM,2008-04-30,31.26,31.8,31.24,31.3,11541316,76.9,78.24,76.85,77,4691300,2026-02-14T03:46:15Z
MMM,2008-05-01,31.64,31.73,31.13,31.3,9308242,77.84,78.05,76.58,77,3783600,2026-02-14T03:46:15Z
MMM,2008-05-02,31.93,32.3,31.8,31.88,9241591,78.55,79.45,78.22,78.44,3756500,2026-02-14T03:46:15Z
MMM,2008-05-05,31.52,32.02,31.44,31.96,9461265,77.55,78.78,77.35,78.62,3845800,2026-02-14T03:46:15Z
MMM,2008-05-06,31.61,31.65,31.2,31.48,7113059,77.76,77.87,76.75,77.44,2891300,2026-02-14T03:46:15Z
MMM,2008-05-07,31.17,31.76,31.09,31.69,10059842,76.68,78.13,76.49,77.95,4089100,2026-02-14T03:46:15Z
MMM,2008-05-08,31.28,31.45,31.08,31.35,9337523,76.95,77.36,76.47,77.12,3795500,2026-02-14T03:46:15Z
MMM,2008-05-09,31.02,31.17,30.82,30.89,9524500,76.32,76.67,75.82,75.99,3871500,2026-02-14T03:46:15Z
MMM,2008-05-12,31.57,31.57,30.87,31.17,8738465,77.67,77.67,75.95,76.67,3552000,2026-02-14T03:46:15Z
MMM,2008-05-13,31.37,31.84,31.26,31.59,8382492,77.18,78.34,76.91,77.72,3407300,2026-02-14T03:46:15Z
MMM,2008-05-14,31.6,31.96,31.37,31.58,7190064,77.73,78.63,77.18,77.68,2922600,2026-02-14T03:46:15Z
MMM,2008-05-15,31.65,31.75,31.37,31.58,8546083,77.86,78.12,77.18,77.7,3473800,2026-02-14T03:46:15Z
MMM,2008-05-16,31.97,32.04,31.49,31.7,10203491,78.66,78.82,77.46,77.99,4147500,2026-02-14T03:46:15Z
MMM,2008-05-19,32.13,32.47,31.9,31.97,7729566,79.05,79.89,78.48,78.66,3141900,2026-02-14T03:46:15Z
MMM,2008-05-20,31.51,32.14,31.33,32.13,12830469,77.53,79.06,77.08,79.04,5215300,2026-02-14T03:46:15Z
MMM,2008-05-21,31.14,31.72,31.02,31.71,10827489,76.12,77.53,75.83,77.51,4429700,2026-02-14T03:46:15Z
MMM,2008-05-22,31.35,31.42,31.04,31.24,9393657,76.64,76.81,75.87,76.37,3843100,2026-02-14T03:46:15Z
MMM,2008-05-23,31.02,31.2,30.89,31.19,7037118,75.81,76.26,75.5,76.24,2879000,2026-02-14T03:46:15Z
MMM,2008-05-27,31.16,31.4,30.91,30.98,6816885,76.17,76.74,75.56,75.73,2788900,2026-02-14T03:46:15Z
MMM,2008-05-28,31.46,31.51,31.22,31.23,8998671,76.9,77.01,76.31,76.34,3681500,2026-02-14T03:46:15Z
MMM,2008-05-29,31.81,31.99,31.34,31.34,8391252,77.76,78.2,76.6,76.6,3433000,2026-02-14T03:46:15Z
MMM,2008-05-30,31.73,31.85,31.47,31.47,8522253,77.56,77.85,76.91,76.91,3486600,2026-02-14T03:46:15Z
MMM,2008-06-02,31.2,31.7,31.01,31.67,9636847,76.25,77.49,75.8,77.41,3942600,2026-02-14T03:46:15Z
MMM,2008-06-03,31.19,31.36,30.89,31.3,11849662,76.23,76.66,75.5,76.5,4847900,2026-02-14T03:46:15Z
MMM,2008-06-04,31.24,31.67,31.01,31.01,11409226,76.36,77.41,75.8,75.8,4667700,2026-02-14T03:46:15Z
MMM,2008-06-05,31.71,31.75,31.24,31.33,9302244,77.5,77.61,76.36,76.59,3805700,2026-02-14T03:46:15Z
MMM,2008-06-06,30.63,31.51,30.62,31.5,14627346,74.86,77.02,74.85,77,5984300,2026-02-14T03:46:15Z
MMM,2008-06-09,31.02,31.12,30.58,30.82,10760503,75.82,76.07,74.75,75.32,4402300,2026-02-14T03:46:15Z
MMM,2008-06-10,31.09,31.21,30.74,30.74,7321884,76,76.29,75.13,75.13,2995500,2026-02-14T03:46:15Z
MMM,2008-06-11,30.79,31.09,30.7,31.09,11990226,75.27,76,75.05,76,4905400,2026-02-14T03:46:15Z
MMM,2008-06-12,30.91,31.27,30.79,30.89,9267541,75.55,76.42,75.25,75.5,3791500,2026-02-14T03:46:15Z
MMM,2008-06-13,31.14,31.31,30.84,31.08,9569411,76.12,76.53,75.38,75.97,3915000,2026-02-14T03:46:15Z
MMM,2008-06-16,30.77,31.14,30.72,31.14,10159445,75.2,76.12,75.09,76.12,4156400,2026-02-14T03:46:15Z
MMM,2008-06-17,30.67,30.97,30.62,30.86,8705578,74.97,75.7,74.85,75.44,3561600,2026-02-14T03:46:15Z
MMM,2008-06-18,30.4,30.78,30.35,30.54,8704847,74.3,75.23,74.18,74.64,3561300,2026-02-14T03:46:15Z
MMM,2008-06-19,30.32,30.46,30.17,30.32,8662578,74.12,74.45,73.75,74.11,3544000,2026-02-14T03:46:15Z
MMM,2008-06-20,29.87,30.28,29.71,30.17,18008798,73.02,74,72.62,73.75,7367700,2026-02-14T03:46:15Z
MMM,2008-06-23,29.85,30.05,29.78,29.95,7343394,72.96,73.44,72.8,73.2,3004300,2026-02-14T03:46:15Z
MMM,2008-06-24,29.63,30.05,29.62,29.83,11085592,72.43,73.46,72.4,72.91,4535300,2026-02-14T03:46:15Z
MMM,2008-06-25,29.69,29.96,29.58,29.62,11845519,72.57,73.24,72.3,72.4,4846200,2026-02-14T03:46:15Z
MMM,2008-06-26,28.74,29.58,28.74,29.53,18018600,70.26,72.3,70.24,72.18,7371700,2026-02-14T03:46:15Z
MMM,2008-06-27,28.44,28.83,28.18,28.83,18287203,69.51,70.48,68.89,70.48,7481600,2026-02-14T03:46:15Z
MMM,2008-06-30,28.47,28.51,28.07,28.47,13037132,69.59,69.69,68.61,69.6,5333700,2026-02-14T03:46:15Z
MMM,2008-07-01,28.55,28.66,27.64,28.09,15528554,69.78,70.05,67.57,68.66,6353000,2026-02-14T03:46:15Z
MMM,2008-07-02,28.02,28.71,28.02,28.71,11393093,68.48,70.18,68.48,70.18,4661100,2026-02-14T03:46:15Z
MMM,2008-07-03,28.42,28.62,28.1,28.14,7536975,69.46,69.96,68.68,68.77,3083500,2026-02-14T03:46:15Z
MMM,2008-07-07,28.58,29,28.34,28.59,12009282,69.85,70.88,69.28,69.89,4913200,2026-02-14T03:46:15Z
MMM,2008-07-08,29.06,29.12,28.44,28.61,12621571,71.03,71.17,69.52,69.92,5163700,2026-02-14T03:46:15Z
MMM,2008-07-09,28.08,29.13,28.05,28.68,15219358,68.64,71.21,68.56,70.1,6226500,2026-02-14T03:46:15Z
MMM,2008-07-10,28.2,28.54,27.94,28.14,12920765,68.92,69.75,68.3,68.79,5286100,2026-02-14T03:46:15Z
MMM,2008-07-11,28.11,28.38,27.72,27.93,15306888,68.72,69.38,67.76,68.27,6262300,2026-02-14T03:46:15Z
MMM,2008-07-14,28.24,28.64,28.09,28.4,12509411,69.02,70,68.65,69.41,5117800,2026-02-14T03:46:15Z
MMM,2008-07-15,27.69,28.09,27.52,28.07,20116260,67.69,68.67,67.26,68.61,8229900,2026-02-14T03:46:15Z
MMM,2008-07-16,28.08,28.09,27.53,27.78,11332695,68.64,68.67,67.28,67.9,4636400,2026-02-14T03:46:15Z
MMM,2008-07-17,28.41,28.47,27.63,28.32,14314281,69.45,69.58,67.54,69.22,5856200,2026-02-14T03:46:15Z
MMM,2008-07-18,28.2,28.45,27.94,28.42,10935268,68.94,69.53,68.3,69.46,4473800,2026-02-14T03:46:15Z
MMM,2008-07-21,28.12,28.52,27.79,28.05,8199368,68.73,69.7,67.92,68.56,3354500,2026-02-14T03:46:15Z
MMM,2008-07-22,28.76,28.82,27.86,27.87,14188365,70.3,70.45,68.1,68.13,5804700,2026-02-14T03:46:15Z
MMM,2008-07-23,28.97,29.07,28.66,28.83,10240341,70.8,71.06,70.06,70.47,4189500,2026-02-14T03:46:15Z
MMM,2008-07-24,29.07,29.77,29.01,29.62,15924321,71.05,72.77,70.91,72.4,6514900,2026-02-14T03:46:15Z
MMM,2008-07-25,29.03,29.42,28.73,29.26,12092893,70.95,71.9,70.23,71.53,4947400,2026-02-14T03:46:15Z
MMM,2008-07-28,28.49,29.04,28.39,28.99,11812276,69.63,70.99,69.39,70.87,4832600,2026-02-14T03:46:15Z
MMM,2008-07-29,28.84,28.87,28.45,28.54,8798238,70.49,70.57,69.55,69.77,3599500,2026-02-14T03:46:15Z
MMM,2008-07-30,29.17,29.23,28.66,29.18,9435216,71.3,71.44,70.05,71.33,3860100,2026-02-14T03:46:15Z
MMM,2008-07-31,28.8,29.15,28.76,28.98,10398257,70.39,71.25,70.29,70.84,4254100,2026-02-14T03:46:15Z
MMM,2008-08-01,28.7,29.07,28.57,28.86,7397161,70.15,71.06,69.84,70.53,3026300,2026-02-14T03:46:15Z
MMM,2008-08-04,28.54,28.82,28.37,28.65,5572002,69.75,70.44,69.35,70.03,2279600,2026-02-14T03:46:15Z
MMM,2008-08-05,29.41,29.47,28.64,28.73,11924473,71.88,72.03,70,70.23,4878500,2026-02-14T03:46:15Z
MMM,2008-08-06,29.38,29.49,28.98,29.35,9603367,71.81,72.08,70.84,71.75,3928900,2026-02-14T03:46:15Z
MMM,2008-08-07,29.12,29.47,28.9,29.18,10569371,71.18,72.04,70.65,71.33,4324100,2026-02-14T03:46:15Z
MMM,2008-08-08,30.06,30.24,29.11,29.2,13259777,73.48,73.91,71.14,71.36,5424800,2026-02-14T03:46:15Z
MMM,2008-08-11,30.43,30.55,29.94,29.94,13349240,74.38,74.68,73.18,73.18,5461400,2026-02-14T03:46:15Z
MMM,2008-08-12,30.11,30.5,30.02,30.5,9999582,73.6,74.54,73.38,74.54,4091000,2026-02-14T03:46:15Z
MMM,2008-08-13,29.85,30.25,29.54,30.07,9404424,72.96,73.94,72.2,73.49,3847500,2026-02-14T03:46:15Z
MMM,2008-08-14,29.88,30.22,29.54,29.68,7313316,73.04,73.87,72.21,72.55,2992000,2026-02-14T03:46:15Z
MMM,2008-08-15,30.07,30.32,29.9,29.9,10773699,73.49,74.1,73.09,73.09,4407700,2026-02-14T03:46:15Z
MMM,2008-08-18,29.64,30.23,29.47,30.11,10496762,72.45,73.9,72.04,73.59,4294400,2026-02-14T03:46:15Z
MMM,2008-08-19,29.17,29.58,28.99,29.53,9014790,71.31,72.31,70.85,72.19,3688100,2026-02-14T03:46:15Z
MMM,2008-08-20,29.12,29.43,28.96,29.35,7113024,70.69,71.43,70.29,71.24,2930600,2026-02-14T03:46:15Z
MMM,2008-08-21,29.22,29.37,28.74,28.95,7227821,70.91,71.29,69.75,70.26,2977900,2026-02-14T03:46:15Z
MMM,2008-08-22,29.78,29.96,29.06,29.22,7432677,72.28,72.71,70.54,70.91,3062300,2026-02-14T03:46:15Z
MMM,2008-08-25,29.14,29.64,28.96,29.45,9060791,70.73,71.94,70.28,71.47,3733100,2026-02-14T03:46:15Z
MMM,2008-08-26,29.14,29.38,28.94,29.03,6701369,70.72,71.3,70.24,70.47,2761000,2026-02-14T03:46:15Z
MMM,2008-08-27,29.14,29.34,28.89,29.13,8449405,70.72,71.22,70.13,70.69,3481200,2026-02-14T03:46:15Z
MMM,2008-08-28,29.87,29.94,29.22,29.26,9440412,72.5,72.66,70.91,71.01,3889500,2026-02-14T03:46:15Z
MMM,2008-08-29,29.5,29.89,29.46,29.72,8349405,71.6,72.55,71.51,72.14,3440000,2026-02-14T03:46:15Z
MMM,2008-09-02,29.3,30.34,29.17,29.82,11569524,71.12,73.63,70.8,72.38,4766700,2026-02-14T03:46:15Z
MMM,2008-09-03,29.18,29.38,28.75,28.97,13861246,70.83,71.3,69.79,70.31,5710900,2026-02-14T03:46:15Z
MMM,2008-09-04,28.73,29.02,28.61,28.94,14640813,69.74,70.44,69.45,70.23,6032100,2026-02-14T03:46:15Z
MMM,2008-09-05,28.51,28.74,28.23,28.63,13234066,69.19,69.75,68.51,69.49,5452500,2026-02-14T03:46:15Z
MMM,2008-09-08,29.33,29.66,28.89,28.89,14716536,71.18,71.99,70.13,70.13,6063300,2026-02-14T03:46:15Z
MMM,2008-09-09,28.61,29.25,28.56,29.05,16086665,69.45,71,69.31,70.5,6627800,2026-02-14T03:46:15Z
MMM,2008-09-10,28.3,28.89,28.22,28.83,13933805,68.68,70.12,68.49,69.97,5740800,2026-02-14T03:46:15Z
MMM,2008-09-11,28.82,28.87,28.09,28.12,12589658,69.94,70.07,68.18,68.24,5187000,2026-02-14T03:46:15Z
MMM,2008-09-12,28.9,29.04,28.53,28.78,13839606,70.15,70.48,69.25,69.85,5702000,2026-02-14T03:46:15Z
MMM,2008-09-15,28.38,28.94,28.02,28.09,16756595,68.88,70.25,68.01,68.17,6903800,2026-02-14T03:46:15Z
MMM,2008-09-16,28.73,28.97,28.15,28.21,20897314,69.73,70.32,68.32,68.47,8609800,2026-02-14T03:46:15Z
MMM,2008-09-17,28.37,28.81,27.96,28.31,21502123,68.85,69.93,67.85,68.72,8859000,2026-02-14T03:46:15Z
MMM,2008-09-18,29.05,29.35,28.03,28.64,26383860,70.5,71.24,68.03,69.51,10870300,2026-02-14T03:46:15Z
MMM,2008-09-19,29.94,30.78,29.26,30.59,24607661,72.68,74.71,71.01,74.24,10138500,2026-02-14T03:46:15Z
MMM,2008-09-22,29.13,30.48,28.99,29.99,13871904,70.7,73.99,70.35,72.78,5715300,2026-02-14T03:46:15Z
MMM,2008-09-23,28.43,29.27,28.43,29.16,14043977,69,71.03,69,70.77,5786200,2026-02-14T03:46:15Z
MMM,2008-09-24,28.25,28.94,27.97,28.43,13971918,68.57,70.25,67.89,69,5756500,2026-02-14T03:46:15Z
MMM,2008-09-25,28.73,28.85,28.35,28.35,12842559,69.73,70.03,68.82,68.82,5291200,2026-02-14T03:46:15Z
MMM,2008-09-26,28.61,28.71,28.12,28.42,10442571,69.45,69.69,68.25,68.98,4302400,2026-02-14T03:46:15Z
MMM,2008-09-29,27.32,28.4,26.99,28.4,19533492,66.32,68.93,65.51,68.93,8047900,2026-02-14T03:46:15Z
MMM,2008-09-30,28.14,28.26,27.65,27.72,17217728,68.31,68.6,67.12,67.28,7093800,2026-02-14T03:46:15Z
MMM,2008-10-01,27.77,28.14,27.55,27.93,11202776,67.39,68.31,66.86,67.79,4615600,2026-02-14T03:46:15Z
MMM,2008-10-02,27.03,27.91,26.99,27.57,19125941,65.6,67.75,65.51,66.91,7880000,2026-02-14T03:46:15Z
MMM,2008-10-03,26.62,27.71,26.58,27.23,15989858,64.6,67.25,64.51,66.09,6587900,2026-02-14T03:46:15Z
MMM,2008-10-06,25.96,26.53,25.1,26,26574691,63,64.38,60.93,63.1,10948900,2026-02-14T03:46:15Z
MMM,2008-10-07,24.71,26.57,24.67,26.27,21354056,59.97,64.5,59.87,63.75,8798000,2026-02-14T03:46:15Z
MMM,2008-10-08,23.64,25.52,23.58,24.36,32400348,57.37,61.94,57.24,59.13,13349100,2026-02-14T03:46:15Z
MMM,2008-10-09,22.04,24.13,21.99,23.69,28270711,53.5,58.57,53.38,57.5,11647700,2026-02-14T03:46:15Z
MMM,2008-10-10,22.36,23.25,20.6,21.35,39604389,54.26,56.44,50.01,51.83,16317200,2026-02-14T03:46:15Z
MMM,2008-10-13,24.56,24.6,23.08,23.63,25513790,59.62,59.71,56.01,57.35,10511800,2026-02-14T03:46:15Z
MMM,2008-10-14,24.46,26.2,24.06,25.53,25782629,59.37,63.6,58.39,61.96,10622600,2026-02-14T03:46:15Z
MMM,2008-10-15,22.53,24.47,22.5,23.92,23415198,54.68,59.38,54.62,58.05,9647200,2026-02-14T03:46:15Z
MMM,2008-10-16,23.6,23.81,21.56,22.47,25450202,57.27,57.79,52.34,54.53,10485600,2026-02-14T03:46:15Z
MMM,2008-10-17,23.27,24.31,22.77,22.95,17689077,56.49,59,55.26,55.69,7288000,2026-02-14T03:46:15Z
MMM,2008-10-20,23.69,23.76,22.66,23.51,16189127,57.51,57.67,55,57.05,6670000,2026-02-14T03:46:15Z
MMM,2008-10-21,24.74,25.51,24.34,24.79,26077315,60.04,61.91,59.07,60.17,10744000,2026-02-14T03:46:15Z
MMM,2008-10-22,23.97,25.09,23.52,24.41,26704029,58.19,60.9,57.08,59.25,11002200,2026-02-14T03:46:15Z
MMM,2008-10-23,25.35,25.59,23.79,24.05,36694901,61.54,62.1,57.74,58.37,15118500,2026-02-14T03:46:15Z
MMM,2008-10-24,24.56,25.34,23.7,24,24502146,59.61,61.5,57.52,58.25,10095000,2026-02-14T03:46:15Z
MMM,2008-10-27,24.87,25.86,24.1,24.14,22503784,60.37,62.76,58.5,58.6,9271700,2026-02-14T03:46:15Z
MMM,2008-10-28,26.5,26.6,24.04,25.15,22717165,64.31,64.56,58.34,61.04,9359600,2026-02-14T03:46:15Z
MMM,2008-10-29,25.75,26.77,25.49,26.48,27372966,62.5,64.98,61.87,64.28,11277800,2026-02-14T03:46:15Z
MMM,2008-10-30,25.77,26.6,25.26,26.52,17332079,62.55,64.56,61.3,64.36,7140900,2026-02-14T03:46:15Z
MMM,2008-10-31,26.49,26.6,25.44,25.72,17619450,64.3,64.56,61.75,62.43,7259300,2026-02-14T03:46:15Z
MMM,2008-11-03,26.41,26.64,26.15,26.34,8926084,64.11,64.65,63.47,63.92,3677600,2026-02-14T03:46:15Z
MMM,2008-11-04,27.03,27.29,26.44,26.88,14320187,65.61,66.23,64.17,65.25,5900000,2026-02-14T03:46:15Z
MMM,2008-11-05,26.58,27.8,26.53,26.69,19934694,64.52,67.47,64.39,64.78,8213200,2026-02-14T03:46:15Z
MMM,2008-11-06,25.69,26.97,25.57,26.42,19035654,62.36,65.47,62.07,64.13,7842800,2026-02-14T03:46:15Z
MMM,2008-11-07,26.71,26.71,25.68,25.88,14887916,64.83,64.83,62.34,62.81,6133900,2026-02-14T03:46:15Z
MMM,2008-11-10,26.76,27.42,26.4,27.18,14070663,64.95,66.56,64.08,65.98,5797200,2026-02-14T03:46:15Z
MMM,2008-11-11,25.7,26.76,25.3,26.06,15954389,62.38,64.94,61.4,63.26,6573300,2026-02-14T03:46:15Z
MMM,2008-11-12,24.49,25.52,24.41,25.49,19911862,59.44,61.93,59.24,61.87,8203800,2026-02-14T03:46:15Z
MMM,2008-11-13,26.55,26.73,23.86,24.37,26908895,64.43,64.87,57.91,59.16,11086600,2026-02-14T03:46:15Z
MMM,2008-11-14,25.98,27.17,25.79,25.9,16981790,63.06,65.95,62.6,62.87,6996600,2026-02-14T03:46:15Z
MMM,2008-11-17,25.05,25.93,24.73,25.68,15963894,60.8,62.93,60.03,62.33,6577200,2026-02-14T03:46:15Z
MMM,2008-11-18,25.61,25.72,24.51,24.82,22387049,62.17,62.42,59.5,60.24,9223600,2026-02-14T03:46:15Z
MMM,2008-11-19,24.41,25.9,24.34,25.82,20054350,58.77,62.36,58.6,62.17,8329500,2026-02-14T03:46:15Z
MMM,2008-11-20,23.59,25.36,23.36,24.14,27728688,56.79,61.06,56.25,58.12,11517000,2026-02-14T03:46:15Z
MMM,2008-11-21,25.46,25.59,23.53,24.18,35640880,61.3,61.61,56.64,58.21,14803300,2026-02-14T03:46:15Z
MMM,2008-11-24,26.27,26.68,25.34,25.75,25562547,63.26,64.24,61,62,10617300,2026-02-14T03:46:15Z
MMM,2008-11-25,26.43,26.79,25.68,26.5,20921595,63.64,64.5,61.83,63.8,8689700,2026-02-14T03:46:15Z
MMM,2008-11-26,27.38,27.41,25.92,25.93,15398998,65.91,66,62.4,62.42,6395900,2026-02-14T03:46:15Z
MMM,2008-11-28,27.8,27.83,26.67,26.67,7717421,66.93,67,64.2,64.2,3205400,2026-02-14T03:46:15Z
MMM,2008-12-01,25.9,27.52,25.79,27,23391589,62.35,66.25,62.1,65.01,9715600,2026-02-14T03:46:15Z
MMM,2008-12-02,25.28,25.81,24.43,25.19,28733361,60.86,62.14,58.82,60.64,11934300,2026-02-14T03:46:15Z
MMM,2008-12-03,25.22,25.63,24.57,24.78,21602929,60.71,61.7,59.16,59.66,8972700,2026-02-14T03:46:15Z
MMM,2008-12-04,24.56,25.11,24.13,24.98,22368380,59.14,60.45,58.1,60.13,9290600,2026-02-14T03:46:15Z
MMM,2008-12-05,24.86,25.1,24.02,24.18,24731487,59.85,60.44,57.84,58.21,10272100,2026-02-14T03:46:15Z
MMM,2008-12-08,23.83,25.2,23.02,24.51,33905907,57.38,60.68,55.43,59.01,14082700,2026-02-14T03:46:15Z
MMM,2008-12-09,23.32,23.57,22.84,23.04,21159462,56.15,56.74,55,55.46,8788500,2026-02-14T03:46:15Z
MMM,2008-12-10,23.89,24.21,23.46,23.64,12980736,57.52,58.29,56.47,56.91,5391500,2026-02-14T03:46:15Z
MMM,2008-12-11,22.9,23.77,22.7,23.58,17828252,55.14,57.24,54.65,56.77,7404900,2026-02-14T03:46:15Z
MMM,2008-12-12,23.28,23.5,22.26,22.54,11371960,56.04,56.57,53.59,54.27,4723300,2026-02-14T03:46:15Z
MMM,2008-12-15,23.11,23.56,22.81,23.51,13379195,55.63,56.72,54.92,56.6,5557000,2026-02-14T03:46:15Z
MMM,2008-12-16,24.22,24.34,22.97,23.08,22474014,58.32,58.6,55.31,55.57,9334500,2026-02-14T03:46:15Z
MMM,2008-12-17,24.33,24.71,23.88,23.88,14189126,58.58,59.5,57.5,57.5,5893400,2026-02-14T03:46:15Z
MMM,2008-12-18,23.55,24.61,23.38,24.46,13421131,56.71,59.26,56.28,58.9,5574400,2026-02-14T03:46:15Z
MMM,2008-12-19,23.52,24.11,23.36,24.09,18146056,56.62,58.04,56.23,58,7536900,2026-02-14T03:46:15Z
MMM,2008-12-22,23.41,23.7,22.96,23.48,10137113,56.37,57.06,55.27,56.53,4210400,2026-02-14T03:46:15Z
MMM,2008-12-23,23.03,23.88,22.97,23.55,7911470,55.44,57.5,55.31,56.71,3286000,2026-02-14T03:46:15Z
MMM,2008-12-24,23.05,23.25,22.99,23.1,3228152,55.5,55.98,55.36,55.61,1340800,2026-02-14T03:46:15Z
MMM,2008-12-26,23.15,23.31,23.06,23.07,3934548,55.74,56.11,55.51,55.55,1634200,2026-02-14T03:46:15Z
MMM,2008-12-29,23,23.26,22.54,23.07,7312465,55.37,56,54.26,55.55,3037200,2026-02-14T03:46:15Z
MMM,2008-12-30,23.75,23.79,22.94,23.08,9088585,57.17,57.27,55.22,55.56,3774900,2026-02-14T03:46:15Z
MMM,2008-12-31,23.9,24.06,23.54,23.77,9644252,57.54,57.92,56.68,57.23,4005700,2026-02-14T03:46:15Z
MMM,2009-01-02,24.58,24.67,23.89,23.9,12793687,59.19,59.39,57.52,57.55,5313800,2026-02-14T03:46:15Z
MMM,2009-01-05,24.3,24.54,24.14,24.42,9073654,58.5,59.09,58.11,58.79,3768700,2026-02-14T03:46:15Z
MMM,2009-01-06,24.58,24.84,24.34,24.4,11958960,59.19,59.81,58.61,58.74,4967100,2026-02-14T03:46:15Z
MMM,2009-01-07,24.12,24.49,23.92,24.34,11071037,58.07,58.96,57.58,58.61,4598300,2026-02-14T03:46:15Z
MMM,2009-01-08,24.33,24.39,23.86,23.96,9497618,58.58,58.71,57.45,57.68,3944800,2026-02-14T03:46:15Z
MMM,2009-01-09,23.98,24.51,23.91,24.42,8814095,57.74,59.01,57.57,58.8,3660900,2026-02-14T03:46:15Z
MMM,2009-01-12,23.71,24.05,23.55,23.94,10069662,57.08,57.9,56.69,57.64,4182400,2026-02-14T03:46:15Z
MMM,2009-01-13,23.36,23.8,23.14,23.61,10665812,56.25,57.3,55.71,56.85,4430000,2026-02-14T03:46:15Z
MMM,2009-01-14,22.86,23.26,22.64,22.97,10884688,55.04,56,54.5,55.31,4520900,2026-02-14T03:46:15Z
MMM,2009-01-15,22.91,23.16,22.55,22.88,11501995,55.17,55.76,54.29,55.08,4777300,2026-02-14T03:46:15Z
MMM,2009-01-16,23.43,23.52,22.8,23.09,13535243,56.42,56.63,54.89,55.59,5621800,2026-02-14T03:46:15Z
MMM,2009-01-20,22.4,23.51,22.37,23.43,13685000,53.92,56.6,53.85,56.42,5684000,2026-02-14T03:46:15Z
MMM,2009-01-21,22.53,22.76,21.91,22.68,14187428,54.24,54.8,52.75,54.61,5892700,2026-02-14T03:46:15Z
MMM,2009-01-22,22.45,22.67,21.94,22.28,11529907,54.06,54.57,52.83,53.65,4788900,2026-02-14T03:46:15Z
MMM,2009-01-23,21.97,22.29,21.73,22.02,13686653,52.9,53.67,52.31,53.01,5684700,2026-02-14T03:46:15Z
MMM,2009-01-26,22.25,22.66,21.99,22.24,12484780,53.56,54.55,52.95,53.54,5185500,2026-02-14T03:46:15Z
MMM,2009-01-27,22.42,22.64,22.11,22.33,11371025,53.99,54.51,53.23,53.75,4722900,2026-02-14T03:46:15Z
MMM,2009-01-28,23.02,23.2,22.35,22.62,14700070,55.42,55.85,53.8,54.45,6105600,2026-02-14T03:46:15Z
MMM,2009-01-29,23.49,23.97,22.86,23.11,19632801,56.55,57.71,55.03,55.63,8154400,2026-02-14T03:46:15Z
MMM,2009-01-30,22.34,23.6,22.13,23.5,18346600,53.79,56.81,53.29,56.59,7620200,2026-02-14T03:46:15Z
MMM,2009-02-02,21.02,22.02,20.83,21.93,21795802,50.62,53.02,50.16,52.79,9052800,2026-02-14T03:46:15Z
MMM,2009-02-03,21.45,21.52,20.89,21.29,18579011,51.64,51.82,50.3,51.25,7716700,2026-02-14T03:46:15Z
MMM,2009-02-04,21.12,21.79,21.02,21.56,11369561,50.84,52.45,50.61,51.91,4722300,2026-02-14T03:46:15Z
MMM,2009-02-05,21.41,21.53,20.77,21,12738518,51.55,51.83,50.01,50.55,5290900,2026-02-14T03:46:15Z
MMM,2009-02-06,21.76,21.98,21.35,21.44,12775168,52.39,52.92,51.4,51.63,5306100,2026-02-14T03:46:15Z
MMM,2009-02-09,22.47,22.7,21.72,21.79,17207333,54.11,54.66,52.3,52.46,7147000,2026-02-14T03:46:15Z
MMM,2009-02-10,21.22,22.47,21.09,22.37,16635520,51.08,54.11,50.78,53.86,6909500,2026-02-14T03:46:15Z
MMM,2009-02-11,21.3,21.68,21.08,21.5,14078870,51.29,52.19,50.76,51.76,5847600,2026-02-14T03:46:15Z
MMM,2009-02-12,20.75,21,20.2,20.95,20453604,49.97,50.56,48.64,50.45,8495300,2026-02-14T03:46:15Z
MMM,2009-02-13,20.53,21.02,20.46,21.02,11581900,49.42,50.6,49.25,50.6,4810500,2026-02-14T03:46:15Z
MMM,2009-02-17,19.7,20.32,19.6,20.32,20835185,47.42,48.93,47.2,48.93,8653800,2026-02-14T03:46:15Z
MMM,2009-02-18,19.79,19.98,19.57,19.84,11822263,47.14,47.58,46.61,47.26,4963700,2026-02-14T03:46:15Z
MMM,2009-02-19,19.76,20.17,19.56,19.56,13229825,47.07,48.04,46.58,46.58,5554700,2026-02-14T03:46:15Z
MMM,2009-02-20,19.84,20.12,19.5,19.67,20791811,47.25,47.93,46.44,46.84,8729700,2026-02-14T03:46:15Z
MMM,2009-02-23,19.07,19.98,19.05,19.97,16139631,45.41,47.59,45.36,47.56,6776400,2026-02-14T03:46:15Z
MMM,2009-02-24,19.9,19.99,19.04,19.2,19674142,47.4,47.62,45.35,45.73,8260400,2026-02-14T03:46:15Z
MMM,2009-02-25,19.57,19.92,19.33,19.76,20405023,46.61,47.45,46.03,47.05,8567300,2026-02-14T03:46:15Z
MMM,2009-02-26,19.45,19.93,19.43,19.82,15305973,46.33,47.47,46.29,47.21,6426400,2026-02-14T03:46:15Z
MMM,2009-02-27,19.09,19.47,18.97,19.17,16463989,45.46,46.37,45.17,45.65,6912600,2026-02-14T03:46:15Z
MMM,2009-03-02,17.99,18.97,17.95,18.73,19331576,42.84,45.18,42.75,44.62,8116600,2026-02-14T03:46:15Z
MMM,2009-03-03,18.1,18.47,17.93,18.13,21631669,43.12,43.98,42.7,43.17,9082300,2026-02-14T03:46:15Z
MMM,2009-03-04,18.82,19.07,18.31,18.42,21531854,44.82,45.43,43.6,43.88,9040400,2026-02-14T03:46:15Z
MMM,2009-03-05,17.85,18.49,17.65,18.28,19577181,42.51,44.03,42.04,43.53,8219700,2026-02-14T03:46:15Z
MMM,2009-03-06,17.56,18.17,17.16,17.99,21851240,41.83,43.28,40.87,42.84,9174500,2026-02-14T03:46:15Z
MMM,2009-03-09,17.66,17.82,17.3,17.34,17029620,42.07,42.45,41.2,41.31,7150100,2026-02-14T03:46:15Z
MMM,2009-03-10,19.1,19.13,17.55,17.68,25483854,45.49,45.55,41.8,42.1,10699700,2026-02-14T03:46:15Z
MMM,2009-03-11,19.65,19.81,18.84,18.84,19614343,46.8,47.17,44.87,44.87,8235300,2026-02-14T03:46:15Z
MMM,2009-03-12,20.15,20.16,19.36,19.76,14770147,48,48.02,46.12,47.05,6201400,2026-02-14T03:46:15Z
MMM,2009-03-13,20.15,20.36,19.86,20.29,12047337,48,48.5,47.31,48.32,5058200,2026-02-14T03:46:15Z
MMM,2009-03-16,19.93,20.41,19.88,20.36,12306921,47.47,48.6,47.35,48.48,5167200,2026-02-14T03:46:15Z
MMM,2009-03-17,20.47,20.48,19.91,19.91,11855116,48.76,48.78,47.42,47.42,4977500,2026-02-14T03:46:15Z
MMM,2009-03-18,20.66,20.89,20.02,20.27,14872274,49.2,49.75,47.69,48.27,6244300,2026-02-14T03:46:15Z
MMM,2009-03-19,19.93,20.65,19.79,20.6,16656929,47.47,49.19,47.13,49.07,6993600,2026-02-14T03:46:15Z
MMM,2009-03-20,19.28,19.98,19.15,19.89,20186220,45.93,47.58,45.6,47.36,8475400,2026-02-14T03:46:15Z
MMM,2009-03-23,20.71,20.75,19.55,19.65,17716768,49.32,49.41,46.57,46.8,7438600,2026-02-14T03:46:15Z
MMM,2009-03-24,20.28,20.77,20.18,20.34,11832479,48.3,49.46,48.06,48.45,4968000,2026-02-14T03:46:15Z
MMM,2009-03-25,20.58,21.31,20.05,20.51,18688790,49.02,50.76,47.75,48.84,7846700,2026-02-14T03:46:15Z
MMM,2009-03-26,21.43,21.47,20.59,20.72,17384329,51.03,51.13,49.03,49.35,7299000,2026-02-14T03:46:15Z
MMM,2009-03-27,21.13,21.43,20.96,21.12,11156560,50.33,51.03,49.93,50.3,4684200,2026-02-14T03:46:15Z
MMM,2009-03-30,20.43,20.97,20.19,20.88,11426136,48.65,49.94,48.08,49.72,4797400,2026-02-14T03:46:15Z
MMM,2009-03-31,20.88,21.22,20.48,20.62,17109450,49.72,50.55,48.77,49.11,7183600,2026-02-14T03:46:15Z
MMM,2009-04-01,21.27,21.36,20.46,20.55,13749752,50.65,50.87,48.72,48.95,5773000,2026-02-14T03:46:15Z
MMM,2009-04-02,21.89,22.21,21.59,21.66,16579036,52.13,52.9,51.41,51.59,6960900,2026-02-14T03:46:15Z
MMM,2009-04-03,21.88,22.04,21.52,21.93,11744339,52.11,52.49,51.25,52.23,4931000,2026-02-14T03:46:15Z
MMM,2009-04-06,21.87,21.92,21.51,21.83,9253522,52.08,52.2,51.22,52,3885200,2026-02-14T03:46:15Z
MMM,2009-04-07,21.33,21.67,21.27,21.63,9674879,50.8,51.61,50.67,51.51,4062100,2026-02-14T03:46:15Z
MMM,2009-04-08,21.57,21.74,21.25,21.38,9739402,51.38,51.77,50.6,50.93,4089200,2026-02-14T03:46:15Z
MMM,2009-04-09,22.31,22.55,22.09,22.09,13704068,53.13,53.7,52.61,52.61,5753800,2026-02-14T03:46:15Z
MMM,2009-04-13,22.4,22.57,21.85,22.16,10922885,53.35,53.75,52.05,52.78,4586100,2026-02-14T03:46:15Z
MMM,2009-04-14,22.23,22.49,22.04,22.22,11037441,52.94,53.56,52.5,52.93,4634200,2026-02-14T03:46:15Z
MMM,2009-04-15,22.56,22.69,21.98,22.16,10783774,53.73,54.04,52.35,52.78,4527700,2026-02-14T03:46:15Z
MMM,2009-04-16,22.99,23.09,22.34,22.61,13660454,54.76,55,53.2,53.85,5735500,2026-02-14T03:46:15Z
MMM,2009-04-17,22.59,23.11,22.52,23.11,15816857,53.81,55.03,53.64,55.03,6640900,2026-02-14T03:46:15Z
MMM,2009-04-20,21.82,22.46,21.68,22.42,11187252,51.97,53.5,51.63,53.39,4697100,2026-02-14T03:46:15Z
MMM,2009-04-21,22.37,22.44,21.83,21.94,12049212,53.29,53.45,52,52.26,5059000,2026-02-14T03:46:15Z
MMM,2009-04-22,22.28,22.82,21.94,22.09,14036989,53.06,54.35,52.25,52.62,5893600,2026-02-14T03:46:15Z
MMM,2009-04-23,22.76,22.81,21.92,22.35,14792491,54.21,54.33,52.21,53.24,6210800,2026-02-14T03:46:15Z
MMM,2009-04-24,23.93,23.94,22.56,22.78,27487879,57,57.02,53.74,54.26,11541100,2026-02-14T03:46:15Z
MMM,2009-04-27,24.08,24.41,23.67,23.7,17711297,57.35,58.13,56.38,56.45,7436300,2026-02-14T03:46:15Z
MMM,2009-04-28,23.74,24.21,23.64,23.85,10843084,56.55,57.67,56.3,56.8,4552600,2026-02-14T03:46:15Z
MMM,2009-04-29,24.15,24.33,23.84,23.93,11010781,57.52,57.94,56.78,57,4623000,2026-02-14T03:46:15Z
MMM,2009-04-30,24.18,24.76,23.93,24.43,12768269,57.6,58.98,57,58.18,5360900,2026-02-14T03:46:15Z
MMM,2009-05-01,24.3,24.34,23.92,24.17,9724860,57.88,57.97,56.98,57.56,4083100,2026-02-14T03:46:15Z
MMM,2009-05-04,24.55,24.67,24.19,24.31,10765447,58.48,58.76,57.61,57.89,4520000,2026-02-14T03:46:15Z
MMM,2009-05-05,24.53,24.67,24.26,24.53,10247437,58.43,58.76,57.78,58.42,4302500,2026-02-14T03:46:15Z
MMM,2009-05-06,24.83,24.92,24.28,24.66,12068261,59.14,59.36,57.83,58.74,5067000,2026-02-14T03:46:15Z
MMM,2009-05-07,24.68,25.01,24.34,24.78,13403206,58.77,59.56,57.97,59.01,5627500,2026-02-14T03:46:15Z
MMM,2009-05-08,25.23,25.29,24.86,24.86,12880665,60.09,60.23,59.2,59.21,5408100,2026-02-14T03:46:15Z
MMM,2009-05-11,24.82,25.02,24.65,24.94,9279248,59.11,59.58,58.7,59.41,3896000,2026-02-14T03:46:15Z
MMM,2009-05-12,24.99,25.11,24.5,24.95,9723935,59.53,59.8,58.35,59.42,4082700,2026-02-14T03:46:15Z
MMM,2009-05-13,23.91,24.64,23.76,24.52,13527086,56.94,58.69,56.6,58.39,5679500,2026-02-14T03:46:15Z
MMM,2009-05-14,24.33,24.48,23.95,24,11052911,57.94,58.31,57.03,57.17,4640700,2026-02-14T03:46:15Z
MMM,2009-05-15,24.32,24.67,24.15,24.25,11305630,57.92,58.75,57.51,57.76,4746800,2026-02-14T03:46:15Z
MMM,2009-05-18,24.87,24.91,24.39,24.48,10065691,59.23,59.32,58.1,58.3,4226200,2026-02-14T03:46:15Z
MMM,2009-05-19,24.77,24.98,24.46,24.8,9765857,59,59.5,58.25,59.07,4100300,2026-02-14T03:46:15Z
MMM,2009-05-20,24.65,25.28,24.62,25.03,8823147,58.2,59.68,58.13,59.1,3736800,2026-02-14T03:46:15Z
MMM,2009-05-21,23.95,24.44,23.73,24.33,11156194,56.55,57.7,56.02,57.45,4724900,2026-02-14T03:46:15Z
MMM,2009-05-22,23.75,24.14,23.71,24.06,8910744,56.07,56.99,55.99,56.82,3773900,2026-02-14T03:46:15Z
MMM,2009-05-26,24.53,24.6,23.44,23.7,9774911,57.91,58.08,55.34,55.95,4139900,2026-02-14T03:46:15Z
MMM,2009-05-27,23.73,24.62,23.7,24.53,11579078,56.04,58.13,55.95,57.91,4904000,2026-02-14T03:46:15Z
MMM,2009-05-28,23.95,24.09,23.39,23.82,9286873,56.55,56.88,55.23,56.24,3933200,2026-02-14T03:46:15Z
MMM,2009-05-29,24.18,24.21,23.7,23.87,8931291,57.1,57.17,55.95,56.35,3782600,2026-02-14T03:46:15Z
MMM,2009-06-01,25.11,25.36,24.52,24.52,14184152,59.29,59.87,57.9,57.9,6007300,2026-02-14T03:46:15Z
MMM,2009-06-02,25.39,25.54,25.01,25.09,9989798,59.96,60.31,59.05,59.24,4230900,2026-02-14T03:46:15Z
MMM,2009-06-03,25.2,25.39,24.88,25.23,9274113,59.5,59.96,58.74,59.56,3927800,2026-02-14T03:46:15Z
MMM,2009-06-04,25.35,25.39,25.04,25.24,7749533,59.85,59.96,59.12,59.59,3282100,2026-02-14T03:46:15Z
MMM,2009-06-05,25.81,25.96,25.43,25.67,15683018,60.94,61.29,60.04,60.6,6642100,2026-02-14T03:46:15Z
MMM,2009-06-08,25.7,25.86,25.02,25.82,12146453,60.69,61.05,59.07,60.97,5144300,2026-02-14T03:46:15Z
MMM,2009-06-09,25.56,25.67,25.31,25.67,10366403,60.34,60.6,59.75,60.6,4390400,2026-02-14T03:46:15Z
MMM,2009-06-10,25.61,25.93,25.2,25.67,10466998,60.46,61.22,59.49,60.62,4433000,2026-02-14T03:46:15Z
MMM,2009-06-11,25.66,26.03,25.62,25.65,8564354,60.58,61.46,60.5,60.57,3627200,2026-02-14T03:46:15Z
MMM,2009-06-12,25.83,25.84,25.37,25.57,7623932,61,61,59.91,60.37,3228900,2026-02-14T03:46:15Z
MMM,2009-06-15,25.12,25.58,24.87,25.58,9991211,59.31,60.4,58.71,60.4,4231500,2026-02-14T03:46:15Z
MMM,2009-06-16,24.74,25.23,24.67,25.16,8952080,58.41,59.57,58.25,59.41,3791400,2026-02-14T03:46:15Z
MMM,2009-06-17,25,25.17,24.81,24.81,9033746,59.04,59.44,58.59,58.59,3826000,2026-02-14T03:46:15Z
MMM,2009-06-18,25.12,25.39,24.92,24.94,7542461,59.31,59.95,58.84,58.89,3194400,2026-02-14T03:46:15Z
MMM,2009-06-19,25.14,25.49,24.96,25.19,13855241,59.37,60.19,58.93,59.48,5868000,2026-02-14T03:46:15Z
MMM,2009-06-22,24.34,25.06,24.32,24.83,12449898,57.47,59.17,57.42,58.62,5272800,2026-02-14T03:46:15Z
MMM,2009-06-23,24.17,24.45,23.98,24.45,9824977,57.06,57.74,56.61,57.74,4161100,2026-02-14T03:46:15Z
MMM,2009-06-24,24.34,24.8,24.21,24.34,10501437,57.48,58.55,57.16,57.46,4447600,2026-02-14T03:46:15Z
MMM,2009-06-25,24.95,25.01,24.18,24.29,8990771,58.9,59.06,57.1,57.35,3807800,2026-02-14T03:46:15Z
MMM,2009-06-26,25.1,25.19,24.85,24.91,7057483,59.26,59.47,58.67,58.81,2989000,2026-02-14T03:46:15Z
MMM,2009-06-29,25.39,25.44,24.9,25.14,7541992,59.96,60.07,58.8,59.36,3194200,2026-02-14T03:46:15Z
MMM,2009-06-30,25.45,25.54,25.24,25.39,15576732,60.1,60.31,59.59,59.94,6597100,2026-02-14T03:46:15Z
MMM,2009-07-01,25.72,25.96,25.45,25.54,9066332,60.74,61.29,60.09,60.31,3839800,2026-02-14T03:46:15Z
MMM,2009-07-02,25.52,25.73,25.28,25.37,13182306,60.25,60.74,59.68,59.9,5583000,2026-02-14T03:46:15Z
MMM,2009-07-06,25.7,25.74,25.26,25.36,13674594,60.67,60.78,59.63,59.87,5791500,2026-02-14T03:46:15Z
MMM,2009-07-07,24.89,25.96,24.86,25.87,17211128,58.76,61.3,58.69,61.09,7289300,2026-02-14T03:46:15Z
MMM,2009-07-08,25,25.09,24.48,24.93,14406307,59.02,59.25,57.81,58.87,6101400,2026-02-14T03:46:15Z
MMM,2009-07-09,25.03,25.19,24.88,25.06,7471374,59.09,59.47,58.75,59.16,3164300,2026-02-14T03:46:15Z
MMM,2009-07-10,25.32,25.38,24.76,24.85,9235168,59.79,59.92,58.46,58.68,3911300,2026-02-14T03:46:15Z
MMM,2009-07-13,25.62,25.64,25.12,25.34,9542608,60.49,60.53,59.3,59.83,4041500,2026-02-14T03:46:15Z
MMM,2009-07-14,25.68,25.84,25.41,25.61,8353973,60.63,61,60,60.47,3538100,2026-02-14T03:46:15Z
MMM,2009-07-15,26.26,26.32,25.81,25.92,11861003,62,62.15,60.94,61.2,5023400,2026-02-14T03:46:15Z
MMM,2009-07-16,26.85,26.91,26.18,26.22,9748954,63.4,63.54,61.82,61.91,4128900,2026-02-14T03:46:15Z
MMM,2009-07-17,26.65,26.89,26.33,26.74,10815489,62.92,63.48,62.16,63.14,4580600,2026-02-14T03:46:15Z
MMM,2009-07-20,27.04,27.08,26.72,26.95,9030917,63.84,63.95,63.08,63.62,3824800,2026-02-14T03:46:15Z
MMM,2009-07-21,27.19,27.42,26.83,27.29,11876366,64.2,64.74,63.36,64.44,5029900,2026-02-14T03:46:15Z
MMM,2009-07-22,27.39,27.48,27.13,27.22,9828763,64.67,64.89,64.05,64.26,4162700,2026-02-14T03:46:15Z
MMM,2009-07-23,29.41,29.53,28.1,28.2,25451110,69.43,69.72,66.35,66.58,10779100,2026-02-14T03:46:15Z
MMM,2009-07-24,29.4,29.6,28.95,29.39,14469138,69.42,69.9,68.36,69.4,6128000,2026-02-14T03:46:15Z
MMM,2009-07-27,29.61,29.77,29.35,29.39,9822631,69.91,70.3,69.3,69.39,4160100,2026-02-14T03:46:15Z
MMM,2009-07-28,29.6,29.73,29.33,29.5,10376084,69.88,70.19,69.26,69.65,4394500,2026-02-14T03:46:15Z
MMM,2009-07-29,29.1,29.51,28.96,29.36,11019243,68.72,69.67,68.38,69.33,4666900,2026-02-14T03:46:15Z
MMM,2009-07-30,29.6,29.92,29.3,29.53,10086366,69.9,70.64,69.18,69.73,4271800,2026-02-14T03:46:15Z
MMM,2009-07-31,29.87,30.24,29.73,29.73,10587403,70.52,71.39,70.19,70.19,4484000,2026-02-14T03:46:15Z
MMM,2009-08-03,30.55,30.71,30.18,30.41,13154449,72.14,72.5,71.25,71.8,5571200,2026-02-14T03:46:15Z
MMM,2009-08-04,30.51,30.7,30.28,30.37,11322194,72.03,72.49,71.5,71.71,4795200,2026-02-14T03:46:15Z
MMM,2009-08-05,30.42,30.81,30.17,30.64,10688217,71.83,72.75,71.23,72.35,4526700,2026-02-14T03:46:15Z
MMM,2009-08-06,30.66,30.74,30.4,30.48,10146572,72.4,72.59,71.78,71.97,4297300,2026-02-14T03:46:15Z
MMM,2009-08-07,30.87,31.13,30.63,30.78,10519154,72.9,73.5,72.32,72.68,4455100,2026-02-14T03:46:15Z
MMM,2009-08-10,30.03,30.74,29.78,30.74,13986741,70.91,72.59,70.32,72.59,5923700,2026-02-14T03:46:15Z
MMM,2009-08-11,30.21,30.29,29.79,30,11338239,71.34,71.53,70.33,70.84,4802000,2026-02-14T03:46:15Z
MMM,2009-08-12,30.63,30.78,30.05,30.23,11349331,72.33,72.67,70.94,71.38,4806700,2026-02-14T03:46:15Z
MMM,2009-08-13,30.75,30.88,30.51,30.61,10267706,72.6,72.92,72.03,72.28,4348600,2026-02-14T03:46:15Z
MMM,2009-08-14,30.21,30.7,29.92,30.64,8494473,71.32,72.49,70.64,72.35,3597600,2026-02-14T03:46:15Z
MMM,2009-08-17,29.68,30.06,29.45,29.85,10438190,70.08,70.98,69.53,70.49,4420800,2026-02-14T03:46:15Z
MMM,2009-08-18,29.79,29.9,29.6,29.81,8069467,70.35,70.59,69.9,70.39,3417600,2026-02-14T03:46:15Z
MMM,2009-08-19,30.2,30.31,29.55,29.59,9159075,70.79,71.04,69.26,69.35,3907400,2026-02-14T03:46:15Z
MMM,2009-08-20,30.39,30.44,30.08,30.2,5960168,71.23,71.36,70.5,70.78,2542700,2026-02-14T03:46:15Z
MMM,2009-08-21,30.99,31.11,30.4,30.72,10137007,72.64,72.91,71.26,72,4324600,2026-02-14T03:46:15Z
MMM,2009-08-24,30.96,31.14,30.72,31.03,5878837,72.56,73,72.01,72.74,2508000,2026-02-14T03:46:15Z
MMM,2009-08-25,31.01,31.23,30.82,30.98,8067927,72.68,73.21,72.24,72.62,3441900,2026-02-14T03:46:15Z
MMM,2009-08-26,30.47,31.03,30.41,31.01,11025382,71.42,72.74,71.27,72.69,4703600,2026-02-14T03:46:15Z
MMM,2009-08-27,30.56,30.65,30.06,30.49,9554969,71.63,71.84,70.46,71.48,4076300,2026-02-14T03:46:15Z
MMM,2009-08-28,30.68,30.78,30.25,30.71,8188420,71.92,72.15,70.9,71.98,3493300,2026-02-14T03:46:15Z
MMM,2009-08-31,30.76,30.76,30.38,30.48,7850408,72.1,72.1,71.2,71.45,3349100,2026-02-14T03:46:15Z
MMM,2009-09-01,29.91,31.05,29.83,30.64,13745427,70.12,72.79,69.93,71.81,5864000,2026-02-14T03:46:15Z
MMM,2009-09-02,30.11,30.37,29.82,30.07,7638972,70.58,71.18,69.89,70.48,3258900,2026-02-14T03:46:15Z
MMM,2009-09-03,30.3,30.34,29.92,30.18,7488245,71.02,71.11,70.14,70.74,3194600,2026-02-14T03:46:15Z
MMM,2009-09-04,30.44,30.52,30.04,30.28,5277820,71.35,71.54,70.42,70.98,2251600,2026-02-14T03:46:15Z
MMM,2009-09-08,30.58,30.84,30.47,30.59,7895862,71.69,72.3,71.41,71.7,3368500,2026-02-14T03:46:15Z
MMM,2009-09-09,31.22,31.36,30.55,30.55,11183608,73.18,73.5,71.61,71.61,4771100,2026-02-14T03:46:15Z
MMM,2009-09-10,31.74,31.74,30.93,31.16,9693050,74.39,74.39,72.51,73.05,4135200,2026-02-14T03:46:15Z
MMM,2009-09-11,31.57,31.78,31.45,31.74,7808686,74,74.49,73.72,74.41,3331300,2026-02-14T03:46:15Z
MMM,2009-09-14,31.81,31.84,31.32,31.45,8125593,74.56,74.64,73.42,73.72,3466500,2026-02-14T03:46:15Z
MMM,2009-09-15,31.86,31.95,31.57,31.84,8360697,74.68,74.88,74,74.63,3566800,2026-02-14T03:46:15Z
MMM,2009-09-16,32.16,32.21,31.78,31.89,6382092,75.38,75.49,74.5,74.76,2722700,2026-02-14T03:46:15Z
MMM,2009-09-17,31.95,32.19,31.78,32.14,7907359,74.89,75.45,74.5,75.34,3373400,2026-02-14T03:46:15Z
MMM,2009-09-18,31.83,32.1,31.78,32.05,10285150,74.62,75.25,74.5,75.12,4387800,2026-02-14T03:46:15Z
MMM,2009-09-21,31.8,31.86,31.53,31.53,6004711,74.54,74.68,73.91,73.91,2561700,2026-02-14T03:46:15Z
MMM,2009-09-22,31.98,32.06,31.61,31.92,5179850,74.97,75.15,74.09,74.82,2209800,2026-02-14T03:46:15Z
MMM,2009-09-23,31.75,32.42,31.7,32.05,7839154,74.42,76,74.3,75.12,3344300,2026-02-14T03:46:15Z
MMM,2009-09-24,31.61,32.1,31.41,31.85,7288530,74.1,75.24,73.63,74.65,3109400,2026-02-14T03:46:15Z
MMM,2009-09-25,31.48,31.74,31.3,31.59,8135198,73.8,74.39,73.37,74.04,3470600,2026-02-14T03:46:15Z
MMM,2009-09-28,32,32.17,31.54,31.54,5602939,75.01,75.41,73.93,73.93,2390300,2026-02-14T03:46:15Z
MMM,2009-09-29,31.54,32.1,31.51,31.9,7501852,73.94,75.25,73.86,74.78,3200400,2026-02-14T03:46:15Z
MMM,2009-09-30,31.48,31.99,31.05,31.6,10692775,73.8,74.99,72.77,74.06,4561700,2026-02-14T03:46:15Z
MMM,2009-10-01,30.95,31.51,30.89,31.38,10226083,72.55,73.87,72.4,73.56,4362600,2026-02-14T03:46:15Z
MMM,2009-10-02,30.69,30.87,30.55,30.64,7601475,71.93,72.35,71.62,71.81,3242900,2026-02-14T03:46:15Z
MMM,2009-10-05,31.15,31.31,30.67,30.69,6178643,73.02,73.4,71.9,71.94,2635900,2026-02-14T03:46:15Z
MMM,2009-10-06,31.54,31.89,31.28,31.34,6400624,73.93,74.75,73.32,73.46,2730600,2026-02-14T03:46:15Z
MMM,2009-10-07,31.2,31.51,31.03,31.37,7424732,73.14,73.85,72.73,73.54,3167500,2026-02-14T03:46:15Z
MMM,2009-10-08,31.8,31.98,31.31,31.31,7732498,74.53,74.95,73.38,73.38,3298800,2026-02-14T03:46:15Z
MMM,2009-10-09,31.88,31.88,31.57,31.77,6571976,74.73,74.73,73.99,74.46,2803700,2026-02-14T03:46:15Z
MMM,2009-10-12,31.94,32.24,31.77,31.93,5638110,74.88,75.56,74.47,74.85,2405300,2026-02-14T03:46:15Z
MMM,2009-10-13,31.85,32.09,31.66,31.91,5766322,74.65,75.21,74.2,74.8,2460000,2026-02-14T03:46:15Z
MMM,2009-10-14,32.67,32.82,32.03,32.15,9661636,76.57,76.93,75.07,75.35,4121800,2026-02-14T03:46:15Z
MMM,2009-10-15,32.75,32.95,32.51,32.51,8657931,76.77,77.23,76.2,76.2,3693600,2026-02-14T03:46:15Z
MMM,2009-10-16,32.43,32.85,32.19,32.43,7810079,76.02,77,75.45,76.02,3331900,2026-02-14T03:46:15Z
MMM,2009-10-19,32.56,32.88,32.35,32.54,7188204,76.32,77.08,75.82,76.27,3066600,2026-02-14T03:46:15Z
MMM,2009-10-20,32.4,32.73,32.25,32.53,8222876,75.95,76.73,75.6,76.26,3508000,2026-02-14T03:46:15Z
MMM,2009-10-21,32.56,33.01,32.31,32.31,8299756,76.33,77.38,75.73,75.73,3540800,2026-02-14T03:46:15Z
MMM,2009-10-22,33.61,33.81,32.9,33.28,16847499,78.79,79.25,77.12,78,7187400,2026-02-14T03:46:15Z
MMM,2009-10-23,33.2,33.6,32.77,33.46,12787634,77.82,78.76,76.81,78.42,5455400,2026-02-14T03:46:15Z
MMM,2009-10-26,32.77,33.54,32.49,33.13,9097659,76.82,78.61,76.16,77.66,3881200,2026-02-14T03:46:15Z
MMM,2009-10-27,32.42,32.96,32.35,32.85,10553786,76,77.26,75.82,76.99,4502400,2026-02-14T03:46:15Z
MMM,2009-10-28,31.77,32.55,31.69,32.44,10317249,74.46,76.3,74.28,76.05,4401500,2026-02-14T03:46:15Z
MMM,2009-10-29,32.2,32.41,31.84,31.86,9851973,75.48,75.97,74.64,74.68,4203000,2026-02-14T03:46:15Z
MMM,2009-10-30,31.39,32.3,31.2,32.04,10624081,73.57,75.72,73.14,75.1,4532400,2026-02-14T03:46:15Z
MMM,2009-11-02,31.69,31.97,31.29,31.51,9216027,74.28,74.94,73.35,73.86,3931700,2026-02-14T03:46:15Z
MMM,2009-11-03,31.6,31.84,31.42,31.57,8155134,74.06,74.63,73.64,74.01,3479100,2026-02-14T03:46:15Z
MMM,2009-11-04,31.6,32.12,31.53,31.86,9554507,74.07,75.28,73.9,74.68,4076100,2026-02-14T03:46:15Z
MMM,2009-11-05,32.19,32.29,31.77,31.78,7260867,75.46,75.69,74.46,74.5,3097600,2026-02-14T03:46:15Z
MMM,2009-11-06,32.17,32.34,31.86,31.94,4371851,75.41,75.81,74.68,74.87,1865100,2026-02-14T03:46:15Z
MMM,2009-11-09,32.93,32.97,32.21,32.39,9260562,77.2,77.28,75.5,75.93,3950700,2026-02-14T03:46:15Z
MMM,2009-11-10,33.27,33.4,32.87,32.87,8213030,77.99,78.28,77.04,77.04,3503800,2026-02-14T03:46:15Z
MMM,2009-11-11,33.26,33.7,33.15,33.31,6742148,77.96,79,77.71,78.09,2876300,2026-02-14T03:46:15Z
MMM,2009-11-12,32.94,33.35,32.83,33.24,5746626,77.21,78.17,76.95,77.91,2451600,2026-02-14T03:46:15Z
MMM,2009-11-13,32.99,33.23,32.73,32.94,5683101,77.32,77.88,76.72,77.22,2424500,2026-02-14T03:46:15Z
MMM,2009-11-16,33.28,33.4,33.03,33.08,7018979,78.02,78.29,77.43,77.55,2994400,2026-02-14T03:46:15Z
MMM,2009-11-17,33.61,33.61,33.23,33.23,7253619,78.78,78.79,77.89,77.89,3094500,2026-02-14T03:46:15Z
MMM,2009-11-18,33.41,33.55,33.21,33.52,5916233,77.8,78.13,77.33,78.06,2540400,2026-02-14T03:46:15Z
MMM,2009-11-19,33.17,33.34,32.73,33.26,5886880,77.25,77.64,76.22,77.46,2527800,2026-02-14T03:46:15Z
MMM,2009-11-20,32.91,33.16,32.74,33.12,7050395,76.64,77.22,76.25,77.14,3027400,2026-02-14T03:46:15Z
MMM,2009-11-23,33.38,33.52,33.04,33.13,7912054,77.73,78.07,76.95,77.15,3397400,2026-02-14T03:46:15Z
MMM,2009-11-24,33.33,33.44,33.05,33.29,6466316,77.61,77.87,76.97,77.53,2776600,2026-02-14T03:46:15Z
MMM,2009-11-25,33.45,33.5,33.27,33.44,4516116,77.91,78.01,77.49,77.87,1939200,2026-02-14T03:46:15Z
MMM,2009-11-27,32.96,33.16,32.69,32.69,4345189,76.75,77.23,76.12,76.12,1865800,2026-02-14T03:46:15Z
MMM,2009-11-30,33.25,33.42,32.84,33.02,9152420,77.44,77.82,76.47,76.89,3930000,2026-02-14T03:46:15Z
MMM,2009-12-01,33.76,33.92,33.42,33.43,7122585,78.63,79,77.84,77.85,3058400,2026-02-14T03:46:15Z
MMM,2009-12-02,33.67,33.98,33.45,33.67,6933471,78.41,79.14,77.91,78.42,2977200,2026-02-14T03:46:15Z
MMM,2009-12-03,33.13,33.78,33.06,33.66,6969582,77.15,78.66,76.98,78.4,2992700,2026-02-14T03:46:15Z
MMM,2009-12-04,33.6,33.75,33.22,33.31,10190838,78.24,78.6,77.37,77.58,4375900,2026-02-14T03:46:15Z
MMM,2009-12-07,33.45,33.86,33.34,33.45,7116982,77.91,78.86,77.65,77.91,3056000,2026-02-14T03:46:15Z
MMM,2009-12-08,33.11,33.25,32.63,32.78,11752826,77.11,77.43,76,76.35,5046600,2026-02-14T03:46:15Z
MMM,2009-12-09,34.24,34.32,33.51,33.6,15369091,79.74,79.93,78.05,78.25,6599400,2026-02-14T03:46:15Z
MMM,2009-12-10,34.64,34.68,34.23,34.33,11764216,80.68,80.76,79.72,79.96,5051500,2026-02-14T03:46:15Z
MMM,2009-12-11,35.1,35.13,34.55,34.6,11152913,81.75,81.81,80.45,80.58,4789000,2026-02-14T03:46:15Z
MMM,2009-12-14,35.17,35.28,35.06,35.22,11642669,81.91,82.17,81.64,82.01,4999300,2026-02-14T03:46:15Z
MMM,2009-12-15,35.51,35.61,35.01,35.25,10790991,82.7,82.93,81.54,82.1,4633600,2026-02-14T03:46:15Z
MMM,2009-12-16,35.09,35.65,35,35.43,9266774,81.72,83.02,81.52,82.52,3979100,2026-02-14T03:46:15Z
MMM,2009-12-17,34.55,34.99,34.5,34.95,8946540,80.47,81.48,80.34,81.39,3841600,2026-02-14T03:46:15Z
