ticker,tradeDate,clsPx,hiPx,loPx,open,stockVolume,unadjClsPx,unadjHiPx,unadjLoPx,unadjOpen,unadjStockVolume,updatedAt
MPC,2011-06-24,12.23,12.85,12.1,12.72,2551645,37.25,39.15,36.84,38.75,837700,2026-02-21T03:46:11Z
MPC,2011-06-27,12.36,12.46,12.01,12.04,1363397,37.65,37.95,36.59,36.69,447600,2026-02-21T03:46:11Z
MPC,2011-06-28,12.71,13.13,12.38,12.59,6323233,38.7,39.99,37.7,38.34,2075900,2026-02-21T03:46:11Z
MPC,2011-06-29,13.15,13.45,12.71,12.8,5627812,40.07,40.97,38.7,39,1847600,2026-02-21T03:46:11Z
MPC,2011-06-30,13.59,13.79,13.19,13.35,4608021,41.4,42,40.18,40.67,1512800,2026-02-21T03:46:11Z
MPC,2011-07-01,13.85,15.57,13.46,13.53,12693018,42.2,47.43,41,41.2,4167100,2026-02-21T03:46:11Z
MPC,2011-07-05,13.86,14.12,13.67,13.88,18006147,42.21,43,41.65,42.27,5911400,2026-02-21T03:46:11Z
MPC,2011-07-06,13.75,13.87,13.46,13.66,16701597,41.89,42.25,41.01,41.6,5483100,2026-02-21T03:46:11Z
MPC,2011-07-07,13.72,14.2,13.69,13.85,25445460,41.78,43.26,41.71,42.19,8353700,2026-02-21T03:46:11Z
MPC,2011-07-08,13.59,13.99,13.3,13.39,25002931,41.41,42.6,40.52,40.8,8208400,2026-02-21T03:46:11Z
MPC,2011-07-11,13.16,13.39,12.97,13.39,14461001,40.1,40.79,39.51,40.79,4747500,2026-02-21T03:46:11Z
MPC,2011-07-12,13.29,13.46,12.95,13.09,12200807,40.48,40.99,39.44,39.86,4005500,2026-02-21T03:46:11Z
MPC,2011-07-13,13.12,13.54,12.88,13.21,17261434,39.96,41.24,39.24,40.24,5666900,2026-02-21T03:46:11Z
MPC,2011-07-14,12.69,13.14,12.54,13.12,17564272,38.64,40.02,38.21,39.97,5766300,2026-02-21T03:46:11Z
MPC,2011-07-15,12.86,12.96,12.51,12.8,14547814,39.16,39.47,38.1,39,4776000,2026-02-21T03:46:11Z
MPC,2011-07-18,12.84,13,12.39,12.71,10819453,39.12,39.59,37.75,38.73,3552000,2026-02-21T03:46:11Z
MPC,2011-07-19,13.05,13.11,12.85,12.89,9781938,39.74,39.94,39.13,39.26,3211400,2026-02-21T03:46:11Z
MPC,2011-07-20,12.98,13.11,12.94,13.06,8298570,39.53,39.94,39.4,39.79,2724400,2026-02-21T03:46:11Z
MPC,2011-07-21,13.16,13.21,12.84,12.98,11041227,40.1,40.24,39.11,39.53,3624800,2026-02-21T03:46:11Z
MPC,2011-07-22,13.32,13.4,13.1,13.22,10121025,40.57,40.82,39.91,40.28,3322700,2026-02-21T03:46:11Z
MPC,2011-07-25,13.58,13.83,13.35,13.54,13553222,41.37,42.12,40.65,41.25,4449500,2026-02-21T03:46:11Z
MPC,2011-07-26,14.13,14.35,13.55,13.59,17199043,43.05,43.72,41.27,41.39,5646400,2026-02-21T03:46:11Z
MPC,2011-07-27,13.81,14.21,13.78,14.12,10658315,42.06,43.3,41.97,43.02,3499100,2026-02-21T03:46:11Z
MPC,2011-07-28,14.04,14.1,13.85,13.93,9900447,42.78,42.94,42.19,42.43,3250300,2026-02-21T03:46:11Z
MPC,2011-07-29,14.38,14.64,13.78,13.9,16310452,43.79,44.61,41.97,42.35,5354700,2026-02-21T03:46:11Z
MPC,2011-08-01,14.76,14.9,14.44,14.79,17547121,44.97,45.38,43.99,45.04,5760700,2026-02-21T03:46:11Z
MPC,2011-08-02,13.9,14.74,13.87,14.62,16746132,42.33,44.9,42.25,44.53,5497700,2026-02-21T03:46:11Z
MPC,2011-08-03,13.6,14.9,12.81,14.21,20428978,41.43,45.4,39.02,43.28,6706800,2026-02-21T03:46:11Z
MPC,2011-08-04,12.61,13.37,12.22,13.37,23420505,38.42,40.71,37.23,40.71,7688900,2026-02-21T03:46:11Z
MPC,2011-08-05,12.25,12.88,10.98,12.77,18806691,37.31,39.22,33.44,38.91,6174200,2026-02-21T03:46:11Z
MPC,2011-08-08,10.61,11.82,9.68,11.57,25194733,32.33,36,29.48,35.24,8271400,2026-02-21T03:46:11Z
MPC,2011-08-09,11.85,11.95,10.64,10.86,18358254,36.1,36.41,32.42,33.07,6027000,2026-02-21T03:46:11Z
MPC,2011-08-10,11.53,12.1,11.2,11.62,14746390,35.12,36.84,34.12,35.41,4841200,2026-02-21T03:46:11Z
MPC,2011-08-11,12.26,12.67,11.63,11.79,13335801,37.34,38.6,35.43,35.9,4378100,2026-02-21T03:46:11Z
MPC,2011-08-12,12.28,12.84,12.12,12.34,8995810,37.41,39.12,36.91,37.59,2953300,2026-02-21T03:46:11Z
MPC,2011-08-15,12.91,13.09,12.51,12.51,8127578,39.1,39.65,37.89,37.89,2682600,2026-02-21T03:46:11Z
MPC,2011-08-16,12.83,13.02,12.58,12.66,9816951,38.86,39.44,38.12,38.36,3240200,2026-02-21T03:46:11Z
MPC,2011-08-17,12.91,13.19,12.81,13.08,8524777,39.1,39.96,38.81,39.63,2813700,2026-02-21T03:46:11Z
MPC,2011-08-18,12.08,12.71,11.69,12.58,11363592,36.61,38.51,35.41,38.11,3750700,2026-02-21T03:46:11Z
MPC,2011-08-19,11.55,12.1,11.43,11.81,14964423,34.99,36.67,34.64,35.78,4939200,2026-02-21T03:46:11Z
MPC,2011-08-22,10.75,11.88,10.68,11.82,16321205,32.57,36,32.35,35.82,5387000,2026-02-21T03:46:11Z
MPC,2011-08-23,11.3,11.45,10.58,10.8,15693750,34.25,34.7,32.05,32.73,5179900,2026-02-21T03:46:11Z
MPC,2011-08-24,11.83,11.89,11.13,11.35,9198288,35.83,36.03,33.71,34.4,3036000,2026-02-21T03:46:11Z
MPC,2011-08-25,11.35,12.18,11.2,11.81,9658515,34.38,36.9,33.92,35.78,3187900,2026-02-21T03:46:11Z
MPC,2011-08-26,11.51,12.13,11.24,11.35,8098754,34.87,36.76,34.07,34.4,2673100,2026-02-21T03:46:11Z
MPC,2011-08-29,11.88,12,11.56,11.63,6254296,36,36.36,35.04,35.25,2064300,2026-02-21T03:46:11Z
MPC,2011-08-30,11.89,12.01,11.47,11.85,6642710,36.03,36.38,34.75,35.89,2192500,2026-02-21T03:46:11Z
MPC,2011-08-31,12.23,12.36,12.05,12.05,8681398,37.06,37.45,36.51,36.51,2865400,2026-02-21T03:46:11Z
MPC,2011-09-01,12.22,12.62,12.18,12.35,6839924,37.01,38.22,36.91,37.43,2257600,2026-02-21T03:46:11Z
MPC,2011-09-02,11.69,12.21,11.59,11.83,5444429,35.42,36.99,35.12,35.83,1797000,2026-02-21T03:46:11Z
MPC,2011-09-06,11.55,11.68,10.99,11.18,8670469,35,35.4,33.29,33.88,2861800,2026-02-21T03:46:11Z
MPC,2011-09-07,11.98,12.19,11.63,11.74,7896059,36.29,36.93,35.25,35.58,2606200,2026-02-21T03:46:11Z
MPC,2011-09-08,12.45,12.59,11.74,11.94,6190320,37.73,38.15,35.57,36.16,2043200,2026-02-21T03:46:11Z
MPC,2011-09-09,12,12.47,11.86,12.09,8920713,36.35,37.78,35.93,36.62,2944400,2026-02-21T03:46:11Z
MPC,2011-09-12,12.1,12.17,11.52,11.65,5936750,36.66,36.88,34.89,35.29,1959500,2026-02-21T03:46:11Z
MPC,2011-09-13,11.66,12.09,11.37,12.01,10826442,35.34,36.63,34.44,36.4,3573400,2026-02-21T03:46:11Z
MPC,2011-09-14,11.56,11.65,11.37,11.63,11574463,35.03,35.31,34.46,35.24,3820300,2026-02-21T03:46:11Z
MPC,2011-09-15,11.69,12.2,11.63,11.84,9212205,35.42,36.96,35.23,35.88,3040600,2026-02-21T03:46:11Z
MPC,2011-09-16,11.59,11.77,11.51,11.73,10899746,35.1,35.67,34.86,35.53,3597600,2026-02-21T03:46:11Z
MPC,2011-09-19,11.07,11.41,10.93,11.28,7720354,33.55,34.56,33.1,34.18,2548200,2026-02-21T03:46:11Z
MPC,2011-09-20,11.12,11.3,11.06,11.08,5845865,33.69,34.23,33.5,33.57,1929500,2026-02-21T03:46:11Z
MPC,2011-09-21,10.69,11.37,10.67,11.01,6079166,32.4,34.46,32.34,33.35,2006500,2026-02-21T03:46:11Z
MPC,2011-09-22,9.73,10.36,9.52,10.21,16774773,29.47,31.4,28.84,30.93,5536700,2026-02-21T03:46:11Z
MPC,2011-09-23,9.75,10.01,9.59,9.65,10252348,29.53,30.32,29.06,29.25,3383900,2026-02-21T03:46:11Z
MPC,2011-09-26,9.93,10.02,9.74,9.87,12074658,30.1,30.36,29.5,29.9,3985400,2026-02-21T03:46:11Z
MPC,2011-09-27,9.85,10.5,9.8,10.26,14258156,29.83,31.82,29.7,31.08,4706100,2026-02-21T03:46:11Z
MPC,2011-09-28,9.57,10.11,9.54,9.89,13397781,28.98,30.64,28.92,29.97,4422100,2026-02-21T03:46:11Z
MPC,2011-09-29,9.19,9.85,8.7,9.79,15931294,27.84,29.85,26.35,29.67,5258300,2026-02-21T03:46:11Z
MPC,2011-09-30,8.93,9.22,8.86,9.03,14582980,27.06,27.93,26.83,27.37,4813300,2026-02-21T03:46:11Z
MPC,2011-10-03,8.96,9.18,8.78,8.88,13100544,27.15,27.8,26.61,26.91,4324000,2026-02-21T03:46:11Z
MPC,2011-10-04,9.49,9.51,8.8,8.85,15586740,28.76,28.81,26.67,26.8,5144600,2026-02-21T03:46:11Z
MPC,2011-10-05,10.39,10.49,9.42,9.6,15850887,31.48,31.78,28.53,29.07,5231800,2026-02-21T03:46:11Z
MPC,2011-10-06,10.99,11.01,10.27,10.4,12085872,33.29,33.35,31.1,31.52,3989100,2026-02-21T03:46:11Z
MPC,2011-10-07,10.43,11.22,10.31,11.13,12925703,31.6,33.98,31.25,33.72,4266300,2026-02-21T03:46:11Z
MPC,2011-10-10,10.88,11.05,10.59,10.65,7581870,32.97,33.47,32.08,32.28,2502500,2026-02-21T03:46:11Z
MPC,2011-10-11,10.94,11.09,10.7,10.79,10020500,33.15,33.61,32.43,32.68,3307400,2026-02-21T03:46:11Z
MPC,2011-10-12,11.08,11.27,10.98,11.03,11428135,33.57,34.13,33.28,33.42,3772000,2026-02-21T03:46:11Z
MPC,2011-10-13,11.15,11.19,10.84,11,9605765,33.77,33.89,32.83,33.33,3170500,2026-02-21T03:46:11Z
MPC,2011-10-14,11.93,11.95,11.34,11.36,10209242,36.14,36.2,34.35,34.43,3369700,2026-02-21T03:46:11Z
MPC,2011-10-17,11.53,12.04,11.5,11.9,7146211,34.94,36.48,34.85,36.04,2358700,2026-02-21T03:46:11Z
MPC,2011-10-18,11.95,12.06,11.28,11.47,6867465,36.19,36.54,34.17,34.75,2266700,2026-02-21T03:46:11Z
MPC,2011-10-19,11.75,12.23,11.7,11.95,9140105,35.6,37.06,35.45,36.19,3016800,2026-02-21T03:46:11Z
MPC,2011-10-20,12.04,12.1,11.65,11.79,7082283,36.49,36.66,35.29,35.72,2337600,2026-02-21T03:46:11Z
MPC,2011-10-21,12.33,12.44,12.05,12.18,9749695,37.35,37.68,36.5,36.9,3218000,2026-02-21T03:46:11Z
MPC,2011-10-24,11.83,12.7,11.73,12.39,9958753,35.85,38.47,35.54,37.55,3287000,2026-02-21T03:46:11Z
MPC,2011-10-25,10.88,11.44,10.37,11.44,28101243,32.97,34.65,31.41,34.65,9275200,2026-02-21T03:46:11Z
MPC,2011-10-26,11.46,11.54,10.96,11.16,9900523,34.73,34.95,33.21,33.82,3267800,2026-02-21T03:46:11Z
MPC,2011-10-27,12.32,12.45,11.64,11.9,11703873,37.33,37.72,35.27,36.07,3863000,2026-02-21T03:46:11Z
MPC,2011-10-28,12.32,12.42,11.97,12.23,10997643,37.32,37.62,36.26,37.07,3629900,2026-02-21T03:46:11Z
MPC,2011-10-31,11.85,12.22,11.69,12.22,9969360,35.9,37.01,35.42,37.01,3290500,2026-02-21T03:46:11Z
MPC,2011-11-01,11.88,12.58,11.32,11.72,19982965,36,38.12,34.29,35.5,6595600,2026-02-21T03:46:11Z
MPC,2011-11-02,12.65,12.68,12.13,12.18,13893122,38.33,38.43,36.75,36.9,4585600,2026-02-21T03:46:11Z
MPC,2011-11-03,12.76,13.05,12.57,12.87,11820501,38.67,39.55,38.1,39,3901500,2026-02-21T03:46:11Z
MPC,2011-11-04,12.75,12.78,12.37,12.61,8570204,38.62,38.72,37.49,38.2,2828700,2026-02-21T03:46:11Z
MPC,2011-11-07,12.85,12.89,12.59,12.59,6227321,38.92,39.05,38.13,38.13,2055400,2026-02-21T03:46:11Z
MPC,2011-11-08,12.58,13.02,12.45,12.88,7603094,38.11,39.44,37.72,39.03,2509500,2026-02-21T03:46:11Z
MPC,2011-11-09,12.22,12.87,12.06,12.16,10564373,37.02,38.99,36.54,36.83,3486900,2026-02-21T03:46:11Z
MPC,2011-11-10,12.44,12.51,11.88,12.44,10483734,37.7,37.89,36,37.69,3460300,2026-02-21T03:46:11Z
MPC,2011-11-11,12.47,12.93,12.42,12.66,12174928,37.77,39.18,37.64,38.36,4018500,2026-02-21T03:46:11Z
MPC,2011-11-14,12.2,12.5,11.75,12.44,12258737,36.71,37.63,35.37,37.43,4073100,2026-02-21T03:46:11Z
MPC,2011-11-15,12.29,12.4,12.04,12.13,8447584,36.98,37.32,36.24,36.51,2806800,2026-02-21T03:46:11Z
MPC,2011-11-16,10.85,11.65,10.7,11.54,37278821,32.64,35.06,32.2,34.74,12386300,2026-02-21T03:46:11Z
MPC,2011-11-17,10.51,11.07,10.38,10.87,23538408,31.62,33.33,31.24,32.72,7820900,2026-02-21T03:46:11Z
MPC,2011-11-18,10.9,10.95,10.5,10.58,9534075,32.82,32.95,31.61,31.85,3167800,2026-02-21T03:46:11Z
MPC,2011-11-21,10.91,11.06,10.4,10.74,9878334,32.84,33.3,31.3,32.33,3282200,2026-02-21T03:46:11Z
MPC,2011-11-22,11.14,11.15,10.71,10.99,9172599,33.52,33.55,32.23,33.09,3047700,2026-02-21T03:46:11Z
MPC,2011-11-23,10.91,11.11,10.79,10.96,12399809,32.83,33.43,32.49,32.98,4120000,2026-02-21T03:46:11Z
MPC,2011-11-25,10.72,10.87,10.7,10.85,4111211,32.27,32.72,32.19,32.64,1366000,2026-02-21T03:46:11Z
MPC,2011-11-28,11.06,11.36,10.86,11.17,11483082,33.28,34.19,32.67,33.62,3815400,2026-02-21T03:46:11Z
MPC,2011-11-29,11.02,11.17,10.89,11.13,11490963,33.17,33.61,32.78,33.51,3818000,2026-02-21T03:46:11Z
MPC,2011-11-30,11.09,11.47,10.78,11.33,18535419,33.39,34.53,32.45,34.11,6158600,2026-02-21T03:46:11Z
MPC,2011-12-01,11.28,11.41,11.08,11.27,9024501,33.95,34.33,33.36,33.92,2998500,2026-02-21T03:46:11Z
MPC,2011-12-02,11.07,11.55,11.01,11.44,11242682,33.31,34.77,33.13,34.42,3735500,2026-02-21T03:46:11Z
MPC,2011-12-05,11.43,11.78,11.25,11.31,13712085,34.4,35.45,33.86,34.03,4556000,2026-02-21T03:46:11Z
MPC,2011-12-06,11.51,11.56,11.3,11.49,7712023,34.64,34.78,34,34.57,2562400,2026-02-21T03:46:11Z
MPC,2011-12-07,11.46,11.5,11.23,11.45,12085684,34.5,34.6,33.81,34.46,4015600,2026-02-21T03:46:11Z
MPC,2011-12-08,11.3,11.49,11.13,11.41,14859728,34.02,34.57,33.49,34.33,4937300,2026-02-21T03:46:11Z
MPC,2011-12-09,11.59,11.6,11.23,11.31,9598448,34.88,34.91,33.8,34.03,3189200,2026-02-21T03:46:11Z
MPC,2011-12-12,11.49,11.49,11.26,11.44,16427759,34.59,34.59,33.9,34.42,5458300,2026-02-21T03:46:11Z
MPC,2011-12-13,11.28,11.59,11.11,11.26,11110502,33.95,34.89,33.45,33.9,3691600,2026-02-21T03:46:11Z
MPC,2011-12-14,10.86,11.24,10.64,11.19,10539293,32.68,33.84,32.03,33.67,3501800,2026-02-21T03:46:11Z
MPC,2011-12-15,10.81,11.05,10.74,10.97,5260297,32.53,33.27,32.33,33.01,1747800,2026-02-21T03:46:11Z
MPC,2011-12-16,10.62,11.05,10.56,10.91,12726395,31.96,33.25,31.79,32.85,4228500,2026-02-21T03:46:11Z
MPC,2011-12-19,10.61,10.9,10.54,10.63,9441989,31.94,32.82,31.72,32,3137200,2026-02-21T03:46:11Z
MPC,2011-12-20,10.7,10.95,10.57,10.86,9466657,32.2,32.96,31.81,32.67,3145400,2026-02-21T03:46:11Z
MPC,2011-12-21,10.86,10.91,10.63,10.7,6483738,32.67,32.85,32,32.2,2154300,2026-02-21T03:46:11Z
MPC,2011-12-22,11.07,11.1,10.86,10.94,5557084,33.31,33.41,32.67,32.93,1846400,2026-02-21T03:46:11Z
MPC,2011-12-23,11.14,11.16,11.03,11.07,2770114,33.53,33.58,33.21,33.32,920400,2026-02-21T03:46:11Z
MPC,2011-12-27,11.18,11.29,11.09,11.15,2317150,33.65,33.98,33.39,33.55,769900,2026-02-21T03:46:11Z
MPC,2011-12-28,11.01,11.24,10.88,11.16,4943070,33.14,33.84,32.74,33.59,1642400,2026-02-21T03:46:11Z
MPC,2011-12-29,11.06,11.08,10.92,11.08,2628041,33.28,33.36,32.86,33.35,873200,2026-02-21T03:46:11Z
MPC,2011-12-30,11.06,11.13,10.97,11.07,3258573,33.29,33.5,33.01,33.33,1082700,2026-02-21T03:46:11Z
MPC,2012-01-03,11.1,11.61,11.08,11.48,7588872,33.41,34.95,33.36,34.55,2521500,2026-02-21T03:46:11Z
MPC,2012-01-04,11.22,11.26,11.03,11.05,8714781,33.76,33.89,33.21,33.25,2895600,2026-02-21T03:46:11Z
MPC,2012-01-05,10.61,11.01,10.3,10.93,18647640,31.92,33.13,31,32.88,6195900,2026-02-21T03:46:11Z
MPC,2012-01-06,10.52,10.64,10.34,10.62,11368153,31.66,32.03,31.13,31.97,3777200,2026-02-21T03:46:11Z
MPC,2012-01-09,10.29,10.53,10.05,10.51,14565056,30.96,31.7,30.24,31.63,4839400,2026-02-21T03:46:11Z
MPC,2012-01-10,10.58,10.59,10.29,10.44,9045270,31.83,31.88,30.97,31.43,3005400,2026-02-21T03:46:11Z
MPC,2012-01-11,10.93,10.99,10.32,10.49,16954087,32.89,33.08,31.07,31.57,5633200,2026-02-21T03:46:11Z
MPC,2012-01-12,10.85,11.07,10.8,10.95,8405740,32.64,33.33,32.5,32.95,2792900,2026-02-21T03:46:11Z
MPC,2012-01-13,10.97,11.06,10.74,10.8,9329095,33.03,33.3,32.33,32.5,3099700,2026-02-21T03:46:11Z
MPC,2012-01-17,11.14,11.28,10.95,11.08,6682056,33.54,33.95,32.94,33.34,2220200,2026-02-21T03:46:11Z
MPC,2012-01-18,11.78,11.91,11.03,11.11,12010110,35.46,35.84,33.2,33.44,3990500,2026-02-21T03:46:11Z
MPC,2012-01-19,11.91,11.99,11.66,11.85,9473842,35.85,36.09,35.08,35.67,3147800,2026-02-21T03:46:11Z
MPC,2012-01-20,12.35,12.55,12.21,12.38,14574015,37.17,37.78,36.76,37.26,4842400,2026-02-21T03:46:11Z
MPC,2012-01-23,12.58,12.63,12.3,12.36,8135788,37.87,38.01,37.01,37.2,2703200,2026-02-21T03:46:11Z
MPC,2012-01-24,12.97,12.97,12.33,12.45,11168601,39.04,39.04,37.12,37.48,3710900,2026-02-21T03:46:11Z
MPC,2012-01-25,12.88,12.91,12.61,12.88,15540716,38.76,38.85,37.94,38.76,5163600,2026-02-21T03:46:11Z
MPC,2012-01-26,12.46,12.96,12.41,12.95,9311060,37.51,38.99,37.35,38.98,3093700,2026-02-21T03:46:11Z
MPC,2012-01-27,12.47,12.65,12.36,12.43,9264369,37.53,38.06,37.21,37.4,3078200,2026-02-21T03:46:11Z
MPC,2012-01-30,12.45,12.51,12.26,12.28,5568185,37.48,37.64,36.9,36.96,1850100,2026-02-21T03:46:11Z
MPC,2012-01-31,12.7,12.88,12.39,12.88,15641939,38.22,38.75,37.28,38.75,5197200,2026-02-21T03:46:11Z
MPC,2012-02-01,13.92,14.45,13.51,13.94,33552516,41.88,43.48,40.67,41.95,11148200,2026-02-21T03:46:11Z
MPC,2012-02-02,14.14,14.28,13.63,13.77,11218834,42.56,42.99,41.01,41.45,3727600,2026-02-21T03:46:11Z
MPC,2012-02-03,14.61,14.71,14.29,14.32,16150488,43.98,44.28,43,43.11,5366200,2026-02-21T03:46:11Z
MPC,2012-02-06,14.76,14.96,14.54,14.69,16495993,44.42,45.04,43.76,44.21,5481000,2026-02-21T03:46:11Z
MPC,2012-02-07,14.59,14.95,14.35,14.72,17639749,43.92,44.99,43.2,44.3,5861000,2026-02-21T03:46:11Z
MPC,2012-02-08,14.94,15.09,14.66,14.67,23981340,44.95,45.42,44.11,44.15,7968100,2026-02-21T03:46:11Z
MPC,2012-02-09,14.9,15.03,14.56,14.87,10696097,44.84,45.24,43.83,44.76,3553900,2026-02-21T03:46:11Z
MPC,2012-02-10,14.65,14.88,14.55,14.74,10541085,44.08,44.77,43.79,44.37,3502400,2026-02-21T03:46:11Z
MPC,2012-02-13,14.45,14.82,14.33,14.69,13445762,43.48,44.62,43.13,44.21,4467500,2026-02-21T03:46:11Z
MPC,2012-02-14,14.71,14.93,14.39,14.4,12671231,44.02,44.67,43.07,43.1,4234500,2026-02-21T03:46:11Z
MPC,2012-02-15,14.6,15.04,14.52,14.84,12512603,43.7,45.01,43.45,44.42,4181500,2026-02-21T03:46:11Z
MPC,2012-02-16,14.73,14.87,14.56,14.58,10269542,44.09,44.49,43.56,43.62,3431900,2026-02-21T03:46:11Z
MPC,2012-02-17,14.52,14.87,14.46,14.8,10630110,43.44,44.5,43.26,44.3,3552400,2026-02-21T03:46:11Z
MPC,2012-02-21,14.64,14.72,14.46,14.53,9685383,43.81,44.05,43.28,43.48,3236700,2026-02-21T03:46:11Z
MPC,2012-02-22,14.54,14.84,14.53,14.69,11434109,43.52,44.42,43.48,43.97,3821100,2026-02-21T03:46:11Z
MPC,2012-02-23,14.6,14.82,14.47,14.5,8927715,43.69,44.34,43.3,43.4,2983500,2026-02-21T03:46:11Z
MPC,2012-02-24,14.32,14.7,14.3,14.66,8764947,42.86,44,42.79,43.87,2929100,2026-02-21T03:46:11Z
MPC,2012-02-27,14.24,14.42,14.1,14.26,13899008,42.61,43.14,42.18,42.68,4644800,2026-02-21T03:46:11Z
MPC,2012-02-28,13.93,14.23,13.8,14.23,22918888,41.67,42.59,41.31,42.57,7659100,2026-02-21T03:46:11Z
MPC,2012-02-29,13.89,14.18,13.85,13.94,15345787,41.55,42.44,41.44,41.7,5128300,2026-02-21T03:46:11Z
MPC,2012-03-01,14.28,14.31,13.89,13.95,16051980,42.72,42.82,41.57,41.75,5364300,2026-02-21T03:46:11Z
MPC,2012-03-02,14.1,14.41,14.03,14.21,8076135,42.18,43.11,41.97,42.53,2698900,2026-02-21T03:46:11Z
MPC,2012-03-05,14.29,14.33,13.94,14.13,7026999,42.75,42.88,41.7,42.27,2348300,2026-02-21T03:46:11Z
MPC,2012-03-06,14.03,14.28,13.97,14.12,8278365,41.99,42.72,41.79,42.26,2766500,2026-02-21T03:46:11Z
MPC,2012-03-07,14.22,14.46,13.98,13.98,8937310,42.55,43.26,41.82,41.82,2986700,2026-02-21T03:46:11Z
MPC,2012-03-08,14.58,14.65,14.22,14.4,17759663,43.64,43.83,42.55,43.1,5935000,2026-02-21T03:46:11Z
MPC,2012-03-09,14.67,14.7,14.42,14.59,8670718,43.9,44,43.14,43.67,2897600,2026-02-21T03:46:11Z
MPC,2012-03-12,14.63,14.67,14.39,14.62,9013344,43.78,43.89,43.05,43.75,3012100,2026-02-21T03:46:11Z
MPC,2012-03-13,14.72,14.81,14.58,14.7,12366594,44.04,44.32,43.63,44,4132700,2026-02-21T03:46:11Z
MPC,2012-03-14,14.67,14.83,14.6,14.74,8146121,43.91,44.37,43.69,44.11,2722300,2026-02-21T03:46:11Z
MPC,2012-03-15,14.67,14.84,14.54,14.72,8295174,43.9,44.42,43.5,44.04,2772100,2026-02-21T03:46:11Z
MPC,2012-03-16,14.77,14.84,14.57,14.72,11464035,44.19,44.4,43.61,44.06,3831100,2026-02-21T03:46:11Z
MPC,2012-03-19,14.89,15.02,14.73,14.74,5779150,44.55,44.95,44.09,44.11,1931300,2026-02-21T03:46:11Z
MPC,2012-03-20,14.63,14.81,14.59,14.81,6715769,43.79,44.33,43.67,44.33,2244300,2026-02-21T03:46:11Z
MPC,2012-03-21,14.6,14.71,14.45,14.61,7844810,43.68,44.02,43.25,43.72,2621600,2026-02-21T03:46:11Z
MPC,2012-03-22,14.49,14.6,14.34,14.42,10323396,43.37,43.7,42.92,43.15,3449900,2026-02-21T03:46:11Z
MPC,2012-03-23,14.7,14.82,14.44,14.46,7203514,44,44.36,43.2,43.26,2407300,2026-02-21T03:46:11Z
MPC,2012-03-26,15.11,15.15,14.85,15.02,12651462,45.21,45.35,44.44,44.95,4227900,2026-02-21T03:46:11Z
MPC,2012-03-27,14.7,15.17,14.69,15.14,9402901,44,45.39,43.97,45.3,3142300,2026-02-21T03:46:11Z
MPC,2012-03-28,14.56,14.68,14.42,14.62,10933539,43.56,43.92,43.14,43.75,3653800,2026-02-21T03:46:11Z
MPC,2012-03-29,14.45,14.53,14.34,14.42,7518023,43.24,43.48,42.9,43.16,2512400,2026-02-21T03:46:11Z
MPC,2012-03-30,14.49,14.7,14.46,14.55,10590586,43.36,43.99,43.27,43.53,3539200,2026-02-21T03:46:11Z
MPC,2012-04-02,14.52,14.6,14.37,14.5,13689514,43.44,43.69,43.01,43.39,4574800,2026-02-21T03:46:11Z
MPC,2012-04-03,14.17,14.56,14.04,14.53,18489816,42.4,43.56,42.01,43.47,6179000,2026-02-21T03:46:11Z
MPC,2012-04-04,14.23,14.26,13.96,14.07,11703730,42.59,42.66,41.76,42.11,3911200,2026-02-21T03:46:11Z
MPC,2012-04-05,14.08,14.35,13.97,14.13,7906762,42.13,42.93,41.79,42.27,2642300,2026-02-21T03:46:11Z
MPC,2012-04-09,14.19,14.3,13.9,13.9,8485177,42.46,42.78,41.61,41.61,2835600,2026-02-21T03:46:11Z
MPC,2012-04-10,13.98,14.25,13.96,14.15,11714519,41.83,42.63,41.78,42.35,3914800,2026-02-21T03:46:11Z
MPC,2012-04-11,13.87,14.14,13.81,14.13,9096536,41.51,42.32,41.33,42.29,3039900,2026-02-21T03:46:11Z
MPC,2012-04-12,13.96,14.24,13.78,13.84,18422815,41.76,42.6,41.22,41.42,6156600,2026-02-21T03:46:11Z
MPC,2012-04-13,13.91,14.09,13.86,13.94,7613191,41.62,42.15,41.47,41.7,2544200,2026-02-21T03:46:11Z
MPC,2012-04-16,13.37,13.76,13.36,13.63,17202799,40.01,41.16,39.97,40.78,5748900,2026-02-21T03:46:11Z
MPC,2012-04-17,13.36,13.65,13.36,13.44,11105873,39.99,40.85,39.99,40.23,3711400,2026-02-21T03:46:11Z
MPC,2012-04-18,13.32,13.36,13.18,13.3,10219875,39.86,39.99,39.43,39.8,3415300,2026-02-21T03:46:11Z
MPC,2012-04-19,13.28,13.51,13.23,13.36,7393272,39.74,40.44,39.58,39.98,2470700,2026-02-21T03:46:11Z
MPC,2012-04-20,13.33,13.44,13.26,13.32,7886698,39.9,40.21,39.67,39.85,2635600,2026-02-21T03:46:11Z
MPC,2012-04-23,13.37,13.43,13.09,13.1,7479446,40,40.19,39.16,39.21,2499500,2026-02-21T03:46:11Z
MPC,2012-04-24,13.45,13.5,13.33,13.39,4670497,40.26,40.4,39.89,40.08,1560800,2026-02-21T03:46:11Z
MPC,2012-04-25,13.4,13.62,13.27,13.55,5892569,40.11,40.77,39.71,40.56,1969200,2026-02-21T03:46:11Z
MPC,2012-04-26,13.58,13.62,13.35,13.37,4978424,40.65,40.77,39.94,40,1663700,2026-02-21T03:46:11Z
MPC,2012-04-27,13.8,13.92,13.7,13.71,8083006,41.29,41.65,40.99,41.02,2701200,2026-02-21T03:46:11Z
MPC,2012-04-30,13.91,14.03,13.8,13.86,10119273,41.61,41.99,41.31,41.46,3381700,2026-02-21T03:46:11Z
MPC,2012-05-01,13.77,14.33,13.71,14.28,14115001,41.21,42.87,41.04,42.73,4717000,2026-02-21T03:46:11Z
MPC,2012-05-02,13.87,13.99,13.69,13.75,7775055,41.49,41.87,40.95,41.14,2598300,2026-02-21T03:46:11Z
MPC,2012-05-03,13.49,13.87,13.41,13.86,10163912,40.36,41.5,40.13,41.47,3396600,2026-02-21T03:46:11Z
MPC,2012-05-04,13.28,13.48,13.15,13.4,10520309,39.74,40.34,39.35,40.09,3515700,2026-02-21T03:46:11Z
MPC,2012-05-07,13.25,13.35,13.12,13.18,11021504,39.66,39.95,39.27,39.43,3683200,2026-02-21T03:46:11Z
MPC,2012-05-08,12.87,13.23,12.77,13.23,11793265,38.52,39.59,38.2,39.59,3941100,2026-02-21T03:46:11Z
MPC,2012-05-09,12.77,12.9,12.68,12.7,11054150,38.21,38.61,37.93,38.01,3694100,2026-02-21T03:46:11Z
MPC,2012-05-10,12.77,13.03,12.7,12.76,9093214,38.2,39,38,38.17,3038800,2026-02-21T03:46:11Z
MPC,2012-05-11,12.44,12.72,12.41,12.71,11697732,37.21,38.06,37.13,38.04,3909200,2026-02-21T03:46:11Z
MPC,2012-05-14,12.05,12.36,12.01,12.36,12847036,35.82,36.75,35.7,36.74,4322300,2026-02-21T03:46:11Z
MPC,2012-05-15,11.88,12.18,11.84,12.06,10580636,35.3,36.19,35.19,35.85,3559800,2026-02-21T03:46:11Z
MPC,2012-05-16,11.87,12.18,11.73,11.94,10851416,35.27,36.21,34.87,35.48,3650900,2026-02-21T03:46:11Z
MPC,2012-05-17,11.73,12.04,11.73,11.87,9908931,34.87,35.77,34.87,35.28,3333800,2026-02-21T03:46:11Z
MPC,2012-05-18,11.75,11.97,11.59,11.79,15028979,34.92,35.59,34.44,35.05,5056400,2026-02-21T03:46:11Z
MPC,2012-05-21,12.1,12.15,11.73,11.76,6498866,35.96,36.1,34.86,34.95,2186500,2026-02-21T03:46:11Z
MPC,2012-05-22,11.91,12.29,11.83,12.15,8743841,35.39,36.52,35.16,36.1,2941800,2026-02-21T03:46:11Z
MPC,2012-05-23,11.92,11.94,11.57,11.82,8568175,35.42,35.48,34.4,35.13,2882700,2026-02-21T03:46:11Z
MPC,2012-05-24,12.04,12.04,11.84,11.98,7671407,35.8,35.8,35.2,35.61,2581000,2026-02-21T03:46:11Z
MPC,2012-05-25,12.41,12.46,11.99,11.99,9035124,36.88,37.04,35.63,35.63,3039800,2026-02-21T03:46:11Z
MPC,2012-05-29,12.53,12.58,12.39,12.49,10003158,37.23,37.38,36.83,37.14,3365500,2026-02-21T03:46:11Z
MPC,2012-05-30,12.31,12.43,12.21,12.39,8677239,36.58,36.95,36.3,36.84,2919400,2026-02-21T03:46:11Z
MPC,2012-05-31,12.14,12.36,11.87,12.35,11660815,36.07,36.73,35.28,36.7,3923200,2026-02-21T03:46:11Z
MPC,2012-06-01,11.86,12.02,11.79,11.9,8580319,35.24,35.73,35.04,35.36,2886800,2026-02-21T03:46:11Z
MPC,2012-06-04,11.53,11.93,11.32,11.85,9236900,34.28,35.47,33.66,35.22,3107700,2026-02-21T03:46:11Z
MPC,2012-06-05,11.84,11.89,11.53,11.53,7970736,35.2,35.35,34.26,34.28,2681700,2026-02-21T03:46:11Z
MPC,2012-06-06,12.22,12.47,11.95,11.98,8815467,36.32,37.06,35.53,35.62,2965900,2026-02-21T03:46:11Z
MPC,2012-06-07,12.53,12.8,12.38,12.48,11794806,37.24,38.05,36.79,37.09,3968300,2026-02-21T03:46:11Z
MPC,2012-06-08,12.57,12.58,12.32,12.43,6749142,37.36,37.4,36.62,36.94,2270700,2026-02-21T03:46:11Z
MPC,2012-06-11,12.74,12.91,12.56,12.76,9622402,37.88,38.36,37.34,37.92,3237400,2026-02-21T03:46:11Z
MPC,2012-06-12,13.14,13.23,12.74,12.74,12610090,39.07,39.32,37.87,37.88,4242600,2026-02-21T03:46:11Z
MPC,2012-06-13,13.04,13.11,12.88,13.05,8531562,38.76,38.96,38.29,38.8,2870400,2026-02-21T03:46:11Z
MPC,2012-06-14,13.26,13.34,13.02,13.08,5862487,39.4,39.64,38.69,38.87,1972400,2026-02-21T03:46:11Z
MPC,2012-06-15,13.51,13.52,13.11,13.11,11906314,40.15,40.19,38.97,38.97,4005800,2026-02-21T03:46:11Z
MPC,2012-06-18,13.4,13.46,13.14,13.42,10594653,39.84,40.02,39.06,39.89,3564500,2026-02-21T03:46:11Z
MPC,2012-06-19,13.75,13.86,13.37,13.52,11566319,40.87,41.2,39.75,40.19,3891400,2026-02-21T03:46:11Z
MPC,2012-06-20,14.4,14.42,13.94,14.03,20641179,42.8,42.85,41.42,41.69,6944600,2026-02-21T03:46:11Z
MPC,2012-06-21,13.91,14.46,13.84,14.43,12502256,41.33,42.98,41.13,42.9,4206300,2026-02-21T03:46:11Z
MPC,2012-06-22,14.06,14.1,13.75,14.03,19886809,41.79,41.92,40.88,41.71,6690800,2026-02-21T03:46:11Z
MPC,2012-06-25,13.91,13.95,13.57,13.95,8351164,41.34,41.47,40.33,41.47,2809700,2026-02-21T03:46:11Z
MPC,2012-06-26,14.32,14.4,13.9,13.91,10598487,42.55,42.81,41.32,41.34,3565800,2026-02-21T03:46:11Z
MPC,2012-06-27,14.31,14.41,14.11,14.38,8419528,42.52,42.84,41.94,42.75,2832700,2026-02-21T03:46:11Z
MPC,2012-06-28,14.87,14.89,14.15,14.22,12827743,44.19,44.25,42.05,42.26,4315800,2026-02-21T03:46:11Z
MPC,2012-06-29,15.11,15.26,14.81,15.11,16345731,44.92,45.35,44.03,44.91,5499400,2026-02-21T03:46:11Z
MPC,2012-07-02,15.5,15.65,15.1,15.34,10983086,46.07,46.52,44.88,45.6,3695200,2026-02-21T03:46:11Z
MPC,2012-07-03,15.26,15.6,15.14,15.6,11054439,45.36,46.36,45,46.36,3719200,2026-02-21T03:46:11Z
MPC,2012-07-05,14.87,15.17,14.84,15.14,12470446,44.2,45.1,44.12,45,4195600,2026-02-21T03:46:11Z
MPC,2012-07-06,14.98,14.99,14.58,14.7,7003850,44.51,44.55,43.33,43.7,2356400,2026-02-21T03:46:11Z
MPC,2012-07-09,14.93,14.99,14.79,14.99,8304826,44.39,44.55,43.97,44.55,2794100,2026-02-21T03:46:11Z
MPC,2012-07-10,14.8,15.13,14.74,15.03,8024499,43.99,44.98,43.81,44.66,2699800,2026-02-21T03:46:11Z
MPC,2012-07-11,14.93,15.13,14.66,14.84,10535769,44.38,44.97,43.58,44.11,3544700,2026-02-21T03:46:11Z
MPC,2012-07-12,14.61,14.72,14.33,14.56,13950078,43.43,43.76,42.6,43.29,4693400,2026-02-21T03:46:11Z
MPC,2012-07-13,15.12,15.15,14.62,14.7,12854788,44.95,45.03,43.44,43.68,4324900,2026-02-21T03:46:11Z
MPC,2012-07-16,15.09,15.12,14.89,15.06,8080697,44.85,44.95,44.26,44.76,2718700,2026-02-21T03:46:11Z
MPC,2012-07-17,15.29,15.35,14.99,15.15,10268262,45.45,45.63,44.55,45.02,3454700,2026-02-21T03:46:11Z
MPC,2012-07-18,15.76,15.86,15.23,15.23,10009969,46.83,47.15,45.26,45.26,3367800,2026-02-21T03:46:11Z
MPC,2012-07-19,15.31,15.97,15.25,15.8,11821631,45.51,47.48,45.34,46.95,3977300,2026-02-21T03:46:11Z
MPC,2012-07-20,15.33,15.39,15.16,15.26,5012717,45.56,45.73,45.06,45.37,1686500,2026-02-21T03:46:11Z
MPC,2012-07-23,15.43,15.51,15,15.09,7068050,45.86,46.09,44.59,44.85,2378000,2026-02-21T03:46:11Z
MPC,2012-07-24,14.95,15.43,14.68,15.36,11181036,44.44,45.85,43.62,45.66,3761800,2026-02-21T03:46:11Z
MPC,2012-07-25,14.98,15.09,14.85,15.05,6996717,44.51,44.84,44.14,44.72,2354000,2026-02-21T03:46:11Z
MPC,2012-07-26,15.42,15.53,15.17,15.24,7692545,45.82,46.16,45.08,45.31,2588100,2026-02-21T03:46:11Z
MPC,2012-07-27,15.83,15.84,15.4,15.4,7556693,47.04,47.09,45.78,45.78,2542400,2026-02-21T03:46:11Z
MPC,2012-07-30,15.97,16.13,15.54,15.76,7960907,47.47,47.94,46.2,46.84,2678400,2026-02-21T03:46:11Z
MPC,2012-07-31,15.91,16.45,15.74,15.95,14112899,47.3,48.88,46.78,47.4,4748200,2026-02-21T03:46:11Z
MPC,2012-08-01,15.75,16.09,14.93,16.02,27940423,46.8,47.81,44.36,47.61,9400400,2026-02-21T03:46:11Z
MPC,2012-08-02,16.15,16.21,15.56,15.56,13707195,48,48.19,46.24,46.25,4611700,2026-02-21T03:46:11Z
MPC,2012-08-03,16.62,16.71,16.25,16.46,10745666,49.39,49.66,48.3,48.92,3615300,2026-02-21T03:46:11Z
MPC,2012-08-06,16.6,16.71,16.44,16.68,6252753,49.35,49.67,48.86,49.57,2103700,2026-02-21T03:46:11Z
MPC,2012-08-07,16.97,17.09,16.65,16.72,10366679,50.44,50.79,49.49,49.7,3487800,2026-02-21T03:46:11Z
MPC,2012-08-08,16.64,16.82,16.39,16.8,8664435,49.47,50,48.73,49.95,2915100,2026-02-21T03:46:11Z
MPC,2012-08-09,16.42,16.65,16.4,16.65,8468275,48.79,49.5,48.74,49.5,2849100,2026-02-21T03:46:11Z
MPC,2012-08-10,16.67,16.69,16.13,16.26,8514673,49.56,49.61,47.95,48.32,2864700,2026-02-21T03:46:11Z
MPC,2012-08-13,16.67,16.75,16.43,16.67,7214898,49.56,49.8,48.82,49.56,2427400,2026-02-21T03:46:11Z
MPC,2012-08-14,16.65,16.8,16.51,16.8,6437928,49.13,49.59,48.73,49.59,2181400,2026-02-21T03:46:11Z
MPC,2012-08-15,16.85,16.88,16.48,16.66,7657358,49.72,49.83,48.65,49.16,2594600,2026-02-21T03:46:11Z
MPC,2012-08-16,16.84,16.95,16.67,16.83,8991632,49.71,50.04,49.2,49.66,3046700,2026-02-21T03:46:11Z
MPC,2012-08-17,16.69,16.99,16.61,16.86,9975016,49.25,50.15,49.02,49.75,3379900,2026-02-21T03:46:11Z
MPC,2012-08-20,16.79,16.9,16.62,16.72,7538465,49.55,49.88,49.05,49.34,2554300,2026-02-21T03:46:11Z
MPC,2012-08-21,16.58,17,16.52,16.84,8411127,48.92,50.18,48.76,49.71,2850000,2026-02-21T03:46:11Z
MPC,2012-08-22,16.69,16.73,16.31,16.58,5881890,49.25,49.37,48.14,48.93,1993000,2026-02-21T03:46:11Z
MPC,2012-08-23,16.62,16.69,16.45,16.64,4068343,49.04,49.25,48.55,49.1,1378500,2026-02-21T03:46:11Z
MPC,2012-08-24,16.52,16.58,16.28,16.55,5112782,48.75,48.94,48.05,48.84,1732400,2026-02-21T03:46:11Z
MPC,2012-08-27,16.81,17.11,16.59,16.61,8492882,49.6,50.5,48.96,49.01,2877700,2026-02-21T03:46:11Z
MPC,2012-08-28,16.88,17.11,16.76,16.78,7795511,49.83,50.49,49.45,49.53,2641400,2026-02-21T03:46:11Z
MPC,2012-08-29,16.85,17.02,16.82,16.91,4697236,49.72,50.22,49.64,49.91,1591600,2026-02-21T03:46:11Z
MPC,2012-08-30,17.22,17.28,16.65,16.75,8303112,50.81,50.99,49.15,49.44,2813400,2026-02-21T03:46:11Z
MPC,2012-08-31,17.53,17.6,17.23,17.29,11629200,51.75,51.94,50.84,51.03,3940400,2026-02-21T03:46:11Z
MPC,2012-09-04,17.21,17.54,17.04,17.53,7657383,50.79,51.75,50.28,51.74,2594600,2026-02-21T03:46:11Z
MPC,2012-09-05,17.05,17.22,17.01,17.2,7676837,50.32,50.83,50.21,50.75,2601200,2026-02-21T03:46:11Z
MPC,2012-09-06,17.25,17.49,17.11,17.19,8018595,50.92,51.62,50.51,50.73,2717000,2026-02-21T03:46:11Z
MPC,2012-09-07,17.58,17.61,17.29,17.34,5479347,51.89,51.98,51.02,51.16,1856600,2026-02-21T03:46:11Z
MPC,2012-09-10,17.74,17.83,17.59,17.59,5332062,52.36,52.61,51.91,51.91,1806700,2026-02-21T03:46:11Z
MPC,2012-09-11,18.08,18.13,17.77,17.79,8132252,53.35,53.51,52.45,52.5,2755500,2026-02-21T03:46:11Z
MPC,2012-09-12,18.12,18.39,18.11,18.18,9508998,53.48,54.29,53.45,53.65,3222000,2026-02-21T03:46:11Z
MPC,2012-09-13,18.52,18.57,17.9,18.16,8699766,54.67,54.82,52.84,53.61,2947800,2026-02-21T03:46:11Z
MPC,2012-09-14,18.84,19.05,18.55,18.61,9519340,55.61,56.22,54.76,54.91,3225500,2026-02-21T03:46:11Z
MPC,2012-09-17,18.18,18.69,17.93,18.69,10748541,53.64,55.15,52.92,55.15,3642000,2026-02-21T03:46:11Z
MPC,2012-09-18,17.64,17.92,17.19,17.65,19214595,52.07,52.89,50.72,52.08,6510600,2026-02-21T03:46:11Z
MPC,2012-09-19,18.03,18.12,17.61,17.62,11027731,53.21,53.49,51.98,52,3736600,2026-02-21T03:46:11Z
MPC,2012-09-20,18.08,18.16,17.75,17.93,7744149,53.37,53.61,52.37,52.93,2624000,2026-02-21T03:46:11Z
MPC,2012-09-21,18.2,18.34,18.1,18.17,9687857,53.72,54.12,53.41,53.63,3282600,2026-02-21T03:46:11Z
MPC,2012-09-24,18.11,18.29,18.03,18.13,5329122,53.45,53.98,53.2,53.52,1805700,2026-02-21T03:46:11Z
MPC,2012-09-25,18.18,18.47,18.16,18.24,10596838,53.65,54.5,53.61,53.82,3590600,2026-02-21T03:46:11Z
MPC,2012-09-26,17.96,18.3,17.62,18.14,10278132,53,54,52,53.53,3482600,2026-02-21T03:46:11Z
MPC,2012-09-27,18.48,18.48,17.87,17.95,6414877,54.53,54.53,52.75,52.98,2173600,2026-02-21T03:46:11Z
MPC,2012-09-28,18.5,18.52,18.24,18.42,7006618,54.59,54.66,53.82,54.36,2374100,2026-02-21T03:46:11Z
MPC,2012-10-01,18.75,18.94,18.38,18.59,7697523,55.34,55.89,54.25,54.88,2608200,2026-02-21T03:46:11Z
MPC,2012-10-02,18.77,18.9,18.69,18.79,5991073,55.39,55.79,55.17,55.44,2030000,2026-02-21T03:46:11Z
MPC,2012-10-03,18.47,18.77,18.45,18.77,6483941,54.52,55.4,54.45,55.4,2197000,2026-02-21T03:46:11Z
MPC,2012-10-04,18.84,18.9,18.52,18.56,8282765,55.59,55.77,54.65,54.78,2806500,2026-02-21T03:46:11Z
MPC,2012-10-05,18.59,19.29,18.55,18.98,9647700,54.87,56.92,54.74,56,3269000,2026-02-21T03:46:11Z
MPC,2012-10-08,19.63,20.34,19.14,19.39,27481704,57.92,60.04,56.48,57.22,9311800,2026-02-21T03:46:11Z
MPC,2012-10-09,19.36,19.99,19.35,19.84,12171078,57.13,59,57.11,58.54,4124000,2026-02-21T03:46:11Z
MPC,2012-10-10,18.74,19.54,18.56,19.24,15672421,55.3,57.66,54.78,56.78,5310400,2026-02-21T03:46:11Z
MPC,2012-10-11,18.52,19.2,18.51,19.14,10646434,54.66,56.65,54.63,56.49,3607400,2026-02-21T03:46:11Z
MPC,2012-10-12,18.4,18.62,17.87,18.52,12296801,54.3,54.95,52.73,54.65,4166600,2026-02-21T03:46:11Z
MPC,2012-10-15,18.43,18.59,18.16,18.38,6357648,54.38,54.85,53.58,54.24,2154200,2026-02-21T03:46:11Z
MPC,2012-10-16,18.65,18.8,18.47,18.57,5690958,55.05,55.47,54.5,54.81,1928300,2026-02-21T03:46:11Z
MPC,2012-10-17,18.89,19,18.66,18.75,5943290,55.75,56.09,55.06,55.33,2013800,2026-02-21T03:46:11Z
MPC,2012-10-18,18.56,18.98,18.52,18.85,8263846,54.79,56,54.65,55.62,2800100,2026-02-21T03:46:11Z
MPC,2012-10-19,18.62,18.86,18.45,18.69,7212909,54.94,55.65,54.45,55.16,2444000,2026-02-21T03:46:11Z
MPC,2012-10-22,18.47,18.8,18.2,18.7,6954078,54.52,55.5,53.7,55.19,2356300,2026-02-21T03:46:11Z
MPC,2012-10-23,18.04,18.2,17.82,18.13,7607227,53.25,53.72,52.6,53.5,2577600,2026-02-21T03:46:11Z
MPC,2012-10-24,18.2,18.48,18.08,18.15,5144079,53.7,54.55,53.35,53.57,1743000,2026-02-21T03:46:11Z
MPC,2012-10-25,18.28,18.47,18.08,18.29,4181076,53.96,54.5,53.36,53.98,1416700,2026-02-21T03:46:11Z
MPC,2012-10-26,18.84,18.88,18.43,18.48,7203474,55.61,55.72,54.39,54.55,2440800,2026-02-21T03:46:11Z
MPC,2012-10-31,18.61,18.9,18.3,18.86,8087375,54.93,55.79,54,55.65,2740300,2026-02-21T03:46:11Z
MPC,2012-11-01,18.31,18.7,17.82,18.59,10716398,54.03,55.19,52.58,54.88,3631100,2026-02-21T03:46:11Z
MPC,2012-11-02,17.98,18.49,17.74,18.49,10019568,53.05,54.56,52.36,54.56,3395000,2026-02-21T03:46:11Z
MPC,2012-11-05,18.55,18.73,17.98,17.98,9915688,54.76,55.29,53.05,53.06,3359800,2026-02-21T03:46:11Z
MPC,2012-11-06,19.31,19.38,18.62,18.77,12556500,56.98,57.19,54.96,55.41,4254600,2026-02-21T03:46:11Z
MPC,2012-11-07,18.79,19.24,18.59,18.99,8119242,55.46,56.77,54.87,56.04,2751100,2026-02-21T03:46:11Z
MPC,2012-11-08,18.4,19.02,18.38,18.79,7494474,54.31,56.12,54.23,55.44,2539400,2026-02-21T03:46:11Z
MPC,2012-11-09,18,18.25,17.84,18.1,9634732,53.12,53.87,52.65,53.41,3264600,2026-02-21T03:46:11Z
MPC,2012-11-12,18.26,18.55,18.13,18.13,7812032,53.88,54.74,53.5,53.5,2647000,2026-02-21T03:46:11Z
MPC,2012-11-13,18.26,18.61,18.05,18.25,6480407,53.9,54.93,53.26,53.85,2195800,2026-02-21T03:46:11Z
MPC,2012-11-14,18,18.45,17.95,18.39,8688253,53.13,54.45,52.98,54.29,2943900,2026-02-21T03:46:11Z
MPC,2012-11-15,18.32,18.43,17.97,18.05,9306849,54.06,54.38,53.04,53.27,3153500,2026-02-21T03:46:11Z
MPC,2012-11-16,18.41,18.47,18.12,18.31,10798407,54.34,54.52,53.49,54.03,3658900,2026-02-21T03:46:11Z
MPC,2012-11-19,19.29,19.33,18.7,18.71,10184662,56.57,56.69,54.84,54.86,3473300,2026-02-21T03:46:11Z
MPC,2012-11-20,19.44,19.71,19.21,19.29,9564167,57,57.8,56.33,56.56,3261700,2026-02-21T03:46:11Z
MPC,2012-11-21,19.72,19.78,19.49,19.6,6109097,57.83,58,57.14,57.48,2083400,2026-02-21T03:46:11Z
MPC,2012-11-23,20.11,20.12,19.83,19.86,2943120,58.98,59,58.14,58.22,1003700,2026-02-21T03:46:11Z
MPC,2012-11-26,20.14,20.15,19.89,20.09,6860043,59.06,59.09,58.33,58.92,2339500,2026-02-21T03:46:11Z
MPC,2012-11-27,19.98,20.25,19.95,20.24,8739927,58.59,59.37,58.49,59.35,2980600,2026-02-21T03:46:11Z
MPC,2012-11-28,20.21,20.31,19.67,19.77,8684792,59.25,59.56,57.69,57.96,2961800,2026-02-21T03:46:11Z
MPC,2012-11-29,20.27,20.43,20.16,20.27,7742950,59.45,59.91,59.11,59.44,2640600,2026-02-21T03:46:11Z
MPC,2012-11-30,20.31,20.38,20.07,20.2,7545606,59.54,59.75,58.86,59.23,2573300,2026-02-21T03:46:11Z
MPC,2012-12-03,20.31,20.43,20.09,20.39,8478951,59.55,59.9,58.9,59.8,2891600,2026-02-21T03:46:11Z
MPC,2012-12-04,20.18,20.42,20.15,20.25,6946545,59.16,59.89,59.08,59.37,2369000,2026-02-21T03:46:11Z
MPC,2012-12-05,19.82,20.42,19.61,20.26,9372419,58.11,59.87,57.51,59.4,3196300,2026-02-21T03:46:11Z
MPC,2012-12-06,20.26,20.34,19.7,19.76,12582335,59.4,59.65,57.75,57.94,4291000,2026-02-21T03:46:11Z
MPC,2012-12-07,20.7,20.71,20.24,20.41,12288840,60.7,60.74,59.36,59.86,4190900,2026-02-21T03:46:11Z
MPC,2012-12-10,21.15,21.31,20.63,20.63,12643912,62.01,62.49,60.48,60.5,4312000,2026-02-21T03:46:11Z
MPC,2012-12-11,20.95,21.4,20.86,21.18,12813744,61.42,62.76,61.17,62.12,4369900,2026-02-21T03:46:11Z
MPC,2012-12-12,20.98,21.22,20.68,21.08,11679487,61.52,62.22,60.63,61.82,3983100,2026-02-21T03:46:11Z
MPC,2012-12-13,21.07,21.16,20.81,20.98,9094725,61.77,62.05,61.01,61.51,3101600,2026-02-21T03:46:11Z
MPC,2012-12-14,21.43,21.48,21.04,21.04,10108115,62.83,62.99,61.7,61.7,3447200,2026-02-21T03:46:11Z
MPC,2012-12-17,21.47,21.61,21.29,21.46,8115944,62.96,63.36,62.44,62.94,2767800,2026-02-21T03:46:11Z
MPC,2012-12-18,21.49,21.61,21.4,21.53,7209559,63,63.38,62.75,63.13,2458700,2026-02-21T03:46:11Z
MPC,2012-12-19,21.22,21.64,21.2,21.48,12389987,62.22,63.44,62.16,62.99,4225400,2026-02-21T03:46:11Z
MPC,2012-12-20,21.23,21.36,21.13,21.29,7649997,62.26,62.64,61.95,62.42,2608900,2026-02-21T03:46:11Z
MPC,2012-12-21,21.19,21.32,20.86,20.92,12504650,62.14,62.5,61.16,61.34,4264500,2026-02-21T03:46:11Z
MPC,2012-12-24,21.27,21.48,21.07,21.09,3136357,62.37,62.99,61.77,61.85,1069600,2026-02-21T03:46:11Z
MPC,2012-12-26,21.03,21.36,20.93,21.36,4367025,61.66,62.64,61.38,62.63,1489300,2026-02-21T03:46:11Z
MPC,2012-12-27,21.15,21.2,20.73,21.04,5370439,62.02,62.15,60.78,61.7,1831500,2026-02-21T03:46:11Z
MPC,2012-12-28,20.84,21.06,20.81,20.98,4797489,61.11,61.75,61.02,61.53,1636100,2026-02-21T03:46:11Z
MPC,2012-12-31,21.49,21.49,20.76,20.79,6161568,63,63.01,60.88,60.97,2101300,2026-02-21T03:46:11Z
MPC,2013-01-02,21.83,21.89,21.42,21.88,9267734,64.01,64.2,62.81,64.15,3160600,2026-02-21T03:46:11Z
MPC,2013-01-03,21.22,21.82,21.13,21.79,10698071,62.22,63.99,61.96,63.9,3648400,2026-02-21T03:46:11Z
MPC,2013-01-04,21.33,21.53,20.81,21.28,9660361,62.55,63.14,61.01,62.4,3294500,2026-02-21T03:46:11Z
MPC,2013-01-07,20.55,21.17,20.48,21.17,16254763,60.25,62.08,60.04,62.08,5543400,2026-02-21T03:46:11Z
MPC,2013-01-08,20.99,21.05,20.56,20.61,14407975,61.55,61.73,60.28,60.45,4913600,2026-02-21T03:46:11Z
MPC,2013-01-09,21.29,21.37,21.06,21.16,10705698,62.42,62.66,61.76,62.06,3651000,2026-02-21T03:46:11Z
MPC,2013-01-10,21.41,21.48,21.16,21.44,9501703,62.79,62.99,62.05,62.87,3240400,2026-02-21T03:46:11Z
MPC,2013-01-11,21.14,21.48,21.04,21.44,9885570,61.99,62.98,61.7,62.86,3371300,2026-02-21T03:46:11Z
MPC,2013-01-14,21.36,21.36,21.11,21.21,6562704,62.62,62.64,61.9,62.2,2238100,2026-02-21T03:46:11Z
MPC,2013-01-15,21.91,21.98,21.21,21.25,8340241,64.26,64.44,62.2,62.32,2844300,2026-02-21T03:46:11Z
MPC,2013-01-16,22.08,22.29,21.81,21.82,8449905,64.74,65.37,63.96,63.99,2881700,2026-02-21T03:46:11Z
MPC,2013-01-17,22.3,22.54,22.18,22.24,10335673,65.38,66.09,65.04,65.21,3524800,2026-02-21T03:46:11Z
MPC,2013-01-18,22.24,22.48,21.79,22.4,10551448,65.2,65.91,63.9,65.68,3598400,2026-02-21T03:46:11Z
MPC,2013-01-22,22.89,23.07,22.21,22.26,8864841,67.11,67.64,65.14,65.26,3023200,2026-02-21T03:46:11Z
MPC,2013-01-23,23.05,23.22,22.69,22.93,11095704,67.58,68.09,66.52,67.23,3784000,2026-02-21T03:46:11Z
MPC,2013-01-24,23.41,23.56,23.04,23.04,7430371,68.65,69.08,67.55,67.55,2534000,2026-02-21T03:46:11Z
MPC,2013-01-25,23.42,23.53,23.22,23.49,6827501,68.67,69,68.09,68.88,2328400,2026-02-21T03:46:11Z
MPC,2013-01-28,23.41,23.59,22.72,23.39,8500942,68.65,69.18,66.62,68.57,2899100,2026-02-21T03:46:11Z
MPC,2013-01-29,24.54,24.7,23.82,23.87,16296107,71.97,72.42,69.86,69.99,5557500,2026-02-21T03:46:11Z
MPC,2013-01-30,24.86,25.03,24.17,24.93,14722619,72.89,73.4,70.88,73.1,5020900,2026-02-21T03:46:11Z
MPC,2013-01-31,25.31,25.58,24.69,24.79,11876250,74.21,75.01,72.39,72.69,4050200,2026-02-21T03:46:11Z
MPC,2013-02-01,25.99,26.06,25.42,25.68,10995426,76.21,76.41,74.55,75.31,3749800,2026-02-21T03:46:11Z
MPC,2013-02-04,26.19,26.34,25.73,25.8,10884298,76.8,77.22,75.45,75.66,3711900,2026-02-21T03:46:11Z
MPC,2013-02-05,26.15,26.4,25.98,26.37,12324911,76.68,77.4,76.17,77.33,4203200,2026-02-21T03:46:11Z
MPC,2013-02-06,26.53,26.73,26.1,26.17,9322836,77.79,78.37,76.52,76.75,3179400,2026-02-21T03:46:11Z
MPC,2013-02-07,26.95,26.98,26.4,26.59,12952131,79.02,79.11,77.41,77.96,4417100,2026-02-21T03:46:11Z
MPC,2013-02-08,27.77,27.99,27.13,27.13,12248676,81.43,82.08,79.55,79.55,4177200,2026-02-21T03:46:11Z
MPC,2013-02-11,27.86,28.14,27.65,27.87,10302517,81.69,82.5,81.08,81.71,3513500,2026-02-21T03:46:11Z
MPC,2013-02-12,27.59,27.96,27.36,27.89,9530734,80.89,82,80.23,81.78,3250300,2026-02-21T03:46:11Z
MPC,2013-02-13,27.85,27.93,27.44,27.55,6690546,81.67,81.9,80.46,80.77,2281700,2026-02-21T03:46:11Z
MPC,2013-02-14,28.36,28.56,27.59,27.68,8680979,83.16,83.75,80.91,81.18,2960500,2026-02-21T03:46:11Z
MPC,2013-02-15,28.27,28.49,27.91,28.36,8292294,82.56,83.18,81.51,82.81,2839900,2026-02-21T03:46:11Z
MPC,2013-02-19,28.84,28.86,28.27,28.44,12553041,84.21,84.27,82.56,83.03,4299100,2026-02-21T03:46:11Z
MPC,2013-02-20,27.48,28.98,27.41,28.79,13961930,80.23,84.63,80.05,84.06,4781600,2026-02-21T03:46:11Z
MPC,2013-02-21,27.6,27.81,26.6,27.36,15461890,80.59,81.2,77.66,79.88,5295300,2026-02-21T03:46:11Z
MPC,2013-02-22,27.92,27.94,27.38,27.84,7623354,81.53,81.59,79.96,81.3,2610800,2026-02-21T03:46:11Z
MPC,2013-02-25,27.15,28.41,27.14,27.99,8646476,79.28,82.94,79.24,81.74,2961200,2026-02-21T03:46:11Z
MPC,2013-02-26,27.59,27.62,26.83,27.19,8442971,80.55,80.66,78.33,79.39,2891500,2026-02-21T03:46:11Z
MPC,2013-02-27,28.34,28.51,27.46,27.53,8720077,82.74,83.26,80.18,80.38,2986400,2026-02-21T03:46:11Z
MPC,2013-02-28,28.38,28.72,28.27,28.3,7027089,82.88,83.87,82.56,82.64,2406600,2026-02-21T03:46:11Z
MPC,2013-03-01,29.11,29.11,28.2,28.2,9843053,85.01,85.01,82.34,82.34,3371000,2026-02-21T03:46:11Z
MPC,2013-03-04,30.75,30.81,29.01,29.05,17212076,89.79,89.95,84.71,84.81,5894700,2026-02-21T03:46:11Z
MPC,2013-03-05,30.39,30.98,30.04,30.85,17596061,88.75,90.47,87.7,90.09,6026200,2026-02-21T03:46:11Z
MPC,2013-03-06,30.32,30.71,30.23,30.57,8687359,88.54,89.68,88.26,89.25,2975200,2026-02-21T03:46:11Z
MPC,2013-03-07,30.23,30.49,29.89,30.34,10809580,88.28,89.02,87.28,88.6,3702000,2026-02-21T03:46:11Z
MPC,2013-03-08,30.49,30.62,30.01,30.49,10943579,89.02,89.4,87.63,89.04,3747900,2026-02-21T03:46:11Z
MPC,2013-03-11,30.1,30.34,29.8,30.3,11557350,87.89,88.58,87,88.48,3958100,2026-02-21T03:46:11Z
MPC,2013-03-12,30.48,30.77,29.89,30.05,8668091,88.99,89.86,87.28,87.74,2968600,2026-02-21T03:46:11Z
MPC,2013-03-13,29.74,30.39,29.51,30.32,13869043,86.83,88.73,86.18,88.53,4749800,2026-02-21T03:46:11Z
MPC,2013-03-14,30.04,30.09,29.48,29.88,10719049,87.7,87.86,86.09,87.26,3671000,2026-02-21T03:46:11Z
MPC,2013-03-15,30.11,30.35,29.9,30.07,14420335,87.93,88.61,87.3,87.81,4938600,2026-02-21T03:46:11Z
MPC,2013-03-18,30.39,30.73,29.55,29.76,8089649,88.74,89.74,86.3,86.9,2770500,2026-02-21T03:46:11Z
MPC,2013-03-19,30.24,30.64,29.91,30.37,9153972,88.31,89.47,87.34,88.67,3135000,2026-02-21T03:46:11Z
MPC,2013-03-20,31.21,31.5,30.51,30.64,8994246,91.13,91.98,89.08,89.46,3080300,2026-02-21T03:46:11Z
MPC,2013-03-21,30.5,31.24,30.49,31.04,11168998,89.06,91.23,89.04,90.64,3825100,2026-02-21T03:46:11Z
MPC,2013-03-22,31.13,31.47,30.55,30.64,7396161,90.91,91.89,89.2,89.46,2533000,2026-02-21T03:46:11Z
MPC,2013-03-25,30.89,31.76,30.72,31.43,8325868,90.19,92.73,89.71,91.77,2851400,2026-02-21T03:46:11Z
MPC,2013-03-26,31.14,31.36,30.89,31.06,7655462,90.93,91.57,90.19,90.69,2621800,2026-02-21T03:46:11Z
MPC,2013-03-27,30.71,31.12,30.62,31,8376970,89.67,90.88,89.4,90.52,2868900,2026-02-21T03:46:11Z
MPC,2013-03-28,30.69,30.98,30.59,30.71,7702767,89.6,90.45,89.31,89.67,2638000,2026-02-21T03:46:11Z
MPC,2013-04-01,30.76,30.83,30.24,30.67,7257763,89.83,90.03,88.29,89.56,2485600,2026-02-21T03:46:11Z
MPC,2013-04-02,29.27,31.01,29.03,30.95,12657593,85.48,90.54,84.76,90.37,4334900,2026-02-21T03:46:11Z
MPC,2013-04-03,27.87,29.27,26.88,29.27,27194431,81.39,85.47,78.5,85.47,9313400,2026-02-21T03:46:11Z
MPC,2013-04-04,28.3,28.73,27.66,27.81,12173479,82.62,83.9,80.75,81.21,4169100,2026-02-21T03:46:11Z
MPC,2013-04-05,28.21,28.37,27.23,27.67,9275443,82.37,82.85,79.5,80.79,3176600,2026-02-21T03:46:11Z
MPC,2013-04-08,28.55,28.59,28.06,28.38,7289879,83.36,83.48,81.94,82.88,2496600,2026-02-21T03:46:11Z
MPC,2013-04-09,29.04,29.24,28.31,28.65,7603203,84.8,85.37,82.66,83.66,2603900,2026-02-21T03:46:11Z
MPC,2013-04-10,28.88,29.3,28.77,29.16,7446977,84.34,85.55,84,85.16,2550400,2026-02-21T03:46:11Z
MPC,2013-04-11,28.11,28.96,27.66,28.87,15632394,82.07,84.57,80.75,84.3,5353700,2026-02-21T03:46:11Z
MPC,2013-04-12,27.5,27.88,26.85,27.74,14517566,80.29,81.42,78.4,81,4971900,2026-02-21T03:46:11Z
MPC,2013-04-15,26.55,27.47,26.42,27.12,15936382,77.52,80.21,77.14,79.19,5457800,2026-02-21T03:46:11Z
MPC,2013-04-16,27.01,27.19,26.6,26.85,10517848,78.87,79.39,77.68,78.4,3602100,2026-02-21T03:46:11Z
MPC,2013-04-17,26.24,26.83,25.75,26.62,11327839,76.61,78.35,75.2,77.74,3879500,2026-02-21T03:46:11Z
MPC,2013-04-18,26.37,26.71,25.79,26.22,11546558,76.99,77.99,75.31,76.57,3954400,2026-02-21T03:46:11Z
MPC,2013-04-19,26.97,26.98,26.3,26.51,9070737,78.75,78.77,76.78,77.41,3106500,2026-02-21T03:46:11Z
MPC,2013-04-22,27.39,27.69,26.7,27.01,8444434,79.99,80.84,77.96,78.86,2892000,2026-02-21T03:46:11Z
MPC,2013-04-23,27.93,28.08,27.41,27.46,7700134,81.55,81.98,80.05,80.17,2637100,2026-02-21T03:46:11Z
MPC,2013-04-24,28.3,28.61,28.06,28.11,7775189,82.62,83.53,81.94,82.07,2662800,2026-02-21T03:46:11Z
MPC,2013-04-25,27.95,28.87,27.87,28.49,7884957,81.62,84.3,81.39,83.19,2700400,2026-02-21T03:46:11Z
MPC,2013-04-26,27.86,27.98,27.54,27.95,6215353,81.35,81.71,80.41,81.6,2128600,2026-02-21T03:46:11Z
MPC,2013-04-29,28.22,28.54,27.95,27.98,7911544,82.41,83.33,81.61,81.71,2709500,2026-02-21T03:46:11Z
MPC,2013-04-30,26.84,27.96,26.32,27.37,20258735,78.36,81.63,76.85,79.93,6938100,2026-02-21T03:46:11Z
MPC,2013-05-01,25.16,26.58,25.16,26.58,23225672,73.47,77.61,73.46,77.6,7954200,2026-02-21T03:46:11Z
MPC,2013-05-02,25.96,26.24,25.2,25.21,13898244,75.8,76.61,73.57,73.6,4759800,2026-02-21T03:46:11Z
MPC,2013-05-03,26.75,26.95,26.19,26.19,12882398,78.1,78.68,76.48,76.48,4411900,2026-02-21T03:46:11Z
MPC,2013-05-06,27.51,27.66,26.62,26.7,8360622,80.34,80.78,77.72,77.97,2863300,2026-02-21T03:46:11Z
MPC,2013-05-07,27.89,28.05,27.46,27.7,9670217,81.44,81.91,80.18,80.87,3311800,2026-02-21T03:46:11Z
MPC,2013-05-08,26.92,27.86,26.8,27.83,11581015,78.61,81.36,78.27,81.25,3966200,2026-02-21T03:46:11Z
MPC,2013-05-09,26.87,27.05,26.43,26.86,8276520,78.47,78.98,77.16,78.44,2834500,2026-02-21T03:46:11Z
MPC,2013-05-10,26.5,26.63,26.1,26.63,11564646,77.38,77.77,76.22,77.77,3960600,2026-02-21T03:46:11Z
MPC,2013-05-13,26.18,26.6,25.96,26.45,8920655,76.45,77.68,75.81,77.22,3055100,2026-02-21T03:46:11Z
MPC,2013-05-14,26.78,26.82,26.2,26.29,8292397,77.85,77.96,76.16,76.41,2853000,2026-02-21T03:46:11Z
MPC,2013-05-15,27.31,27.63,26.79,26.79,8336575,79.38,80.31,77.87,77.87,2868200,2026-02-21T03:46:11Z
MPC,2013-05-16,27.01,27.78,26.94,27.19,8760647,78.52,80.75,78.3,79.04,3014100,2026-02-21T03:46:11Z
MPC,2013-05-17,28.45,28.57,27.22,27.22,13069056,82.68,83.05,79.11,79.11,4496400,2026-02-21T03:46:11Z
MPC,2013-05-20,29.11,29.59,28.4,28.44,11015851,84.6,86,82.54,82.65,3790000,2026-02-21T03:46:11Z
MPC,2013-05-21,28.51,29.09,28.17,29.09,8978366,82.88,84.54,81.87,84.54,3089000,2026-02-21T03:46:11Z
MPC,2013-05-22,28.37,28.89,27.85,28.54,10210442,82.45,83.96,80.95,82.95,3512900,2026-02-21T03:46:11Z
MPC,2013-05-23,28.34,28.58,27.56,27.82,6431636,82.36,83.06,80.11,80.87,2212800,2026-02-21T03:46:11Z
MPC,2013-05-24,28.23,28.25,27.77,28.18,4658632,82.06,82.11,80.7,81.9,1602800,2026-02-21T03:46:11Z
MPC,2013-05-28,28.81,29.05,28.49,28.73,6455163,83.75,84.44,82.8,83.49,2220900,2026-02-21T03:46:11Z
MPC,2013-05-29,28.8,28.95,28.3,28.59,4351696,83.71,84.13,82.25,83.1,1497200,2026-02-21T03:46:11Z
MPC,2013-05-30,28.74,28.92,28.39,28.77,6071218,83.54,84.05,82.52,83.61,2088800,2026-02-21T03:46:11Z
MPC,2013-05-31,28.38,29.05,28.38,28.66,7519262,82.5,84.43,82.5,83.3,2587000,2026-02-21T03:46:11Z
MPC,2013-06-03,28.22,28.57,27.58,28.42,7010628,82.02,83.03,80.15,82.61,2412000,2026-02-21T03:46:11Z
MPC,2013-06-04,27.74,28.39,27.47,28.06,7003646,80.63,82.51,79.84,81.57,2409600,2026-02-21T03:46:11Z
MPC,2013-06-05,27.5,28.24,27.37,27.67,8203172,79.93,82.08,79.56,80.42,2822300,2026-02-21T03:46:11Z
MPC,2013-06-06,28.47,28.47,27.4,27.49,7824454,82.75,82.75,79.65,79.9,2692000,2026-02-21T03:46:11Z
MPC,2013-06-07,28.77,28.82,28.2,28.5,6215375,83.63,83.77,81.97,82.83,2138400,2026-02-21T03:46:11Z
MPC,2013-06-10,28.35,28.95,28.3,28.77,6549062,82.41,84.15,82.25,83.62,2253200,2026-02-21T03:46:11Z
MPC,2013-06-11,27.48,28.14,27.47,27.84,6701069,79.86,81.78,79.85,80.92,2305500,2026-02-21T03:46:11Z
MPC,2013-06-12,27.28,27.85,27.19,27.8,7434380,79.28,80.95,79.02,80.79,2557800,2026-02-21T03:46:11Z
MPC,2013-06-13,27.8,27.88,27.19,27.23,6477256,80.79,81.02,79.03,79.13,2228500,2026-02-21T03:46:11Z
MPC,2013-06-14,27.39,27.88,27.35,27.56,4532774,79.61,81.02,79.5,80.1,1559500,2026-02-21T03:46:11Z
MPC,2013-06-17,27.18,27.7,27.08,27.56,6764436,79,80.5,78.7,80.1,2327300,2026-02-21T03:46:11Z
MPC,2013-06-18,27.15,27.46,26.99,27.09,10546442,78.92,79.81,78.46,78.73,3628500,2026-02-21T03:46:11Z
MPC,2013-06-19,26.94,27.67,26.94,27.27,7149266,78.31,80.43,78.3,79.27,2459700,2026-02-21T03:46:11Z
MPC,2013-06-20,25.39,26.56,25.07,26.55,15341114,73.79,77.2,72.86,77.18,5278100,2026-02-21T03:46:11Z
MPC,2013-06-21,25.05,25.63,24.33,25.62,16806622,72.81,74.5,70.72,74.48,5782300,2026-02-21T03:46:11Z
MPC,2013-06-24,24.21,24.76,23.85,24.74,11257393,70.38,71.96,69.31,71.92,3873100,2026-02-21T03:46:11Z
MPC,2013-06-25,24.8,24.92,24.58,24.61,10703977,72.08,72.44,71.44,71.54,3682700,2026-02-21T03:46:11Z
MPC,2013-06-26,24.92,25.41,24.82,25.06,8806583,72.43,73.86,72.14,72.84,3029900,2026-02-21T03:46:11Z
MPC,2013-06-27,24.44,25.36,24.33,25.16,10681319,71.05,73.71,70.71,73.12,3674900,2026-02-21T03:46:11Z
MPC,2013-06-28,24.45,24.46,24.19,24.37,21914539,71.06,71.11,70.3,70.84,7539700,2026-02-21T03:46:11Z
MPC,2013-07-01,24.21,25,24.1,24.37,8074420,70.38,72.65,70.05,70.83,2778000,2026-02-21T03:46:11Z
MPC,2013-07-02,23.84,24.39,23.51,24.23,12354903,69.29,70.89,68.34,70.44,4250700,2026-02-21T03:46:11Z
MPC,2013-07-03,24.33,24.38,23.25,23.78,8014842,70.73,70.85,67.58,69.12,2757500,2026-02-21T03:46:11Z
MPC,2013-07-05,23.74,24.31,23.26,23.71,8955096,68.99,70.66,67.6,68.92,3081000,2026-02-21T03:46:11Z
MPC,2013-07-08,23.89,24.25,23.8,23.8,9886658,69.44,70.48,69.19,69.19,3401500,2026-02-21T03:46:11Z
MPC,2013-07-09,24.12,24.21,23.87,24.06,7003629,70.12,70.38,69.37,69.93,2409600,2026-02-21T03:46:11Z
MPC,2013-07-10,23.5,24.24,23.38,24.22,10360710,68.3,70.45,67.95,70.41,3564600,2026-02-21T03:46:11Z
MPC,2013-07-11,24.6,24.66,23.66,23.91,11013522,71.51,71.68,68.78,69.5,3789200,2026-02-21T03:46:11Z
MPC,2013-07-12,25.2,25.53,24.15,24.23,13066425,73.24,74.2,70.2,70.42,4495500,2026-02-21T03:46:11Z
MPC,2013-07-15,25.15,25.43,24.89,25.19,7544268,73.1,73.91,72.33,73.21,2595600,2026-02-21T03:46:11Z
MPC,2013-07-16,24.06,24.93,23.76,24.6,14862384,69.93,72.45,69.06,71.49,5113400,2026-02-21T03:46:11Z
MPC,2013-07-17,24,24.38,23.99,24.05,6467661,69.75,70.85,69.73,69.91,2225200,2026-02-21T03:46:11Z
MPC,2013-07-18,23.5,24.12,23.39,24.07,12132577,68.29,70.1,68,69.97,4174200,2026-02-21T03:46:11Z
MPC,2013-07-19,23.95,23.96,23.36,23.69,9688990,69.6,69.65,67.89,68.86,3333500,2026-02-21T03:46:11Z
MPC,2013-07-22,24.03,24.16,23.74,23.96,7020215,69.84,70.23,69,69.65,2415300,2026-02-21T03:46:11Z
MPC,2013-07-23,24.69,24.89,24.06,24.1,7849171,71.77,72.36,69.93,70.05,2700500,2026-02-21T03:46:11Z
MPC,2013-07-24,24.22,24.73,24.04,24.72,7501810,70.39,71.89,69.88,71.84,2581000,2026-02-21T03:46:11Z
MPC,2013-07-25,24.79,24.83,24.02,24.11,7368988,72.05,72.17,69.81,70.08,2535300,2026-02-21T03:46:11Z
MPC,2013-07-26,24.74,25.03,24.56,24.77,4835059,71.91,72.75,71.39,71.98,1663500,2026-02-21T03:46:11Z
MPC,2013-07-29,24.85,24.94,24.55,24.77,5445726,72.23,72.49,71.35,71.99,1873600,2026-02-21T03:46:11Z
MPC,2013-07-30,25.12,25.32,24.85,24.94,7357648,73.01,73.58,72.24,72.5,2531400,2026-02-21T03:46:11Z
MPC,2013-07-31,25.23,25.72,24.9,25.1,8509805,73.33,74.75,72.38,72.95,2927800,2026-02-21T03:46:11Z
MPC,2013-08-01,25.83,26.16,25.41,25.41,9940711,75.09,76.02,73.86,73.86,3420100,2026-02-21T03:46:11Z
MPC,2013-08-02,24.75,25.52,24.62,25.42,10508072,71.93,74.17,71.55,73.88,3615300,2026-02-21T03:46:11Z
MPC,2013-08-05,24.66,24.75,24.37,24.69,5776496,71.69,71.95,70.83,71.76,1987400,2026-02-21T03:46:11Z
MPC,2013-08-06,24.47,25.18,24.26,24.66,10730433,71.12,73.19,70.5,71.69,3691800,2026-02-21T03:46:11Z
MPC,2013-08-07,24.68,24.88,24.36,24.46,8174996,71.72,72.3,70.8,71.1,2812600,2026-02-21T03:46:11Z
MPC,2013-08-08,24.94,25.43,24.69,24.73,7887220,72.49,73.9,71.77,71.89,2713600,2026-02-21T03:46:11Z
MPC,2013-08-09,25.2,25.26,24.94,25.02,6887376,73.24,73.42,72.5,72.73,2369600,2026-02-21T03:46:11Z
MPC,2013-08-12,25.13,25.37,24.93,25.09,6930403,73.05,73.73,72.45,72.93,2384400,2026-02-21T03:46:11Z
MPC,2013-08-13,25.78,25.83,25.12,25.25,6069757,74.94,75.07,73.01,73.39,2088300,2026-02-21T03:46:11Z
MPC,2013-08-14,25.35,25.97,25.34,25.73,9771561,73.69,75.49,73.66,74.77,3361900,2026-02-21T03:46:11Z
MPC,2013-08-15,24.31,25.21,24.28,25.21,11652673,70.67,73.28,70.58,73.27,4009100,2026-02-21T03:46:11Z
MPC,2013-08-16,24.08,24.31,23.68,24.31,10724313,70,70.65,68.83,70.65,3689700,2026-02-21T03:46:11Z
MPC,2013-08-19,23.9,24.54,23.89,24.07,9079931,69.05,70.91,69.03,69.54,3142800,2026-02-21T03:46:11Z
MPC,2013-08-20,24.57,24.81,23.72,23.9,9607766,70.99,71.67,68.54,69.05,3325500,2026-02-21T03:46:11Z
MPC,2013-08-21,24.87,25.26,24.31,24.49,7310618,71.85,72.98,70.24,70.76,2530400,2026-02-21T03:46:11Z
MPC,2013-08-22,25.91,26.22,24.91,25.02,10146012,74.86,75.74,71.96,72.28,3511800,2026-02-21T03:46:11Z
MPC,2013-08-23,25.98,26.51,25.85,25.98,11368408,75.06,76.58,74.68,75.07,3934900,2026-02-21T03:46:11Z
MPC,2013-08-26,25.89,26.34,25.86,26.05,8489967,74.81,76.11,74.7,75.25,2938600,2026-02-21T03:46:11Z
MPC,2013-08-27,25.3,25.78,25.16,25.57,9303551,73.1,74.48,72.7,73.88,3220200,2026-02-21T03:46:11Z
MPC,2013-08-28,25.63,25.8,25.3,25.38,6263318,74.04,74.55,73.09,73.32,2167900,2026-02-21T03:46:11Z
MPC,2013-08-29,25.49,25.88,25.34,25.55,5534680,73.63,74.76,73.2,73.82,1915700,2026-02-21T03:46:11Z
MPC,2013-08-30,25.1,25.84,24.99,25.59,6956136,72.51,74.66,72.21,73.93,2407700,2026-02-21T03:46:11Z
MPC,2013-09-03,25.42,25.8,25.32,25.48,6467585,73.44,74.55,73.15,73.62,2238600,2026-02-21T03:46:11Z
MPC,2013-09-04,25.5,25.6,25.16,25.31,5255588,73.66,73.97,72.69,73.13,1819100,2026-02-21T03:46:11Z
MPC,2013-09-05,24.96,25.73,24.94,25.53,7066786,72.1,74.35,72.05,73.77,2446000,2026-02-21T03:46:11Z
MPC,2013-09-06,24.52,25.17,24.39,25.02,8687597,70.85,72.72,70.47,72.27,3007000,2026-02-21T03:46:11Z
MPC,2013-09-09,24.09,24.57,24,24.53,11240093,69.61,71,69.34,70.86,3890500,2026-02-21T03:46:11Z
MPC,2013-09-10,23.57,24.07,23.5,24.05,12790129,68.1,69.55,67.91,69.47,4427000,2026-02-21T03:46:11Z
MPC,2013-09-11,23.44,23.67,23.07,23.6,10902094,67.71,68.38,66.65,68.18,3773500,2026-02-21T03:46:11Z
MPC,2013-09-12,23.17,23.47,23.06,23.41,7746027,66.93,67.81,66.63,67.62,2681100,2026-02-21T03:46:11Z
MPC,2013-09-13,23.5,23.74,23.23,23.3,8374693,67.89,68.58,67.12,67.32,2898700,2026-02-21T03:46:11Z
MPC,2013-09-16,23.17,23.73,23.16,23.65,6334091,66.95,68.55,66.9,68.33,2192400,2026-02-21T03:46:11Z
MPC,2013-09-17,22.92,23.36,22.69,23.15,9619908,66.21,67.48,65.56,66.88,3329700,2026-02-21T03:46:11Z
MPC,2013-09-18,22.93,23.06,22.62,22.92,11871404,66.26,66.63,65.36,66.23,4109000,2026-02-21T03:46:11Z
MPC,2013-09-19,22.64,23.38,22.55,23.12,14135605,65.41,67.55,65.14,66.81,4892700,2026-02-21T03:46:11Z
MPC,2013-09-20,22.33,22.77,22.28,22.64,15067049,64.51,65.8,64.38,65.41,5215100,2026-02-21T03:46:11Z
MPC,2013-09-23,21.8,22.36,21.78,22.31,10585439,62.99,64.59,62.93,64.45,3663900,2026-02-21T03:46:11Z
MPC,2013-09-24,22.26,22.39,21.64,21.81,13110811,64.31,64.69,62.51,63.01,4538000,2026-02-21T03:46:11Z
MPC,2013-09-25,22.31,22.62,22.02,22.34,12488773,64.47,65.36,63.62,64.54,4322700,2026-02-21T03:46:11Z
MPC,2013-09-26,22.2,22.48,22.03,22.31,8913814,64.14,64.94,63.66,64.45,3085300,2026-02-21T03:46:11Z
MPC,2013-09-27,22.48,22.71,22.26,22.32,10279502,64.94,65.62,64.31,64.5,3558000,2026-02-21T03:46:11Z
MPC,2013-09-30,22.26,22.35,21.82,22.07,13214277,64.32,64.57,63.04,63.75,4573800,2026-02-21T03:46:11Z
MPC,2013-10-01,22.25,22.41,21.94,22.2,9604280,64.29,64.75,63.38,64.15,3324300,2026-02-21T03:46:11Z
MPC,2013-10-02,22.62,22.82,22.14,22.14,11598651,65.34,65.94,63.96,63.96,4014600,2026-02-21T03:46:11Z
MPC,2013-10-03,22.58,22.71,22.36,22.5,7364659,65.23,65.61,64.6,65,2549100,2026-02-21T03:46:11Z
MPC,2013-10-04,22.58,22.75,22.21,22.44,7422441,65.23,65.74,64.18,64.84,2569100,2026-02-21T03:46:11Z
MPC,2013-10-07,22.12,22.54,21.86,22.51,7261219,63.92,65.12,63.16,65.03,2513300,2026-02-21T03:46:11Z
MPC,2013-10-08,21.63,22.14,21.63,22.11,9699346,62.5,63.98,62.5,63.88,3357200,2026-02-21T03:46:11Z
MPC,2013-10-09,21.49,21.64,21.22,21.64,10721250,62.1,62.53,61.32,62.53,3710900,2026-02-21T03:46:11Z
MPC,2013-10-10,22.61,22.81,21.81,21.94,12175328,65.31,65.91,63.01,63.38,4214200,2026-02-21T03:46:11Z
MPC,2013-10-11,23.28,23.5,22.51,22.6,12967805,67.25,67.89,65.03,65.3,4488500,2026-02-21T03:46:11Z
MPC,2013-10-14,23.26,23.32,22.81,23.02,6474233,67.19,67.38,65.89,66.52,2240900,2026-02-21T03:46:11Z
MPC,2013-10-15,23.69,23.93,23.37,23.44,13346564,68.44,69.13,67.52,67.71,4619600,2026-02-21T03:46:11Z
MPC,2013-10-16,23.87,24.01,23.61,24.01,8775989,68.95,69.36,68.21,69.36,3037600,2026-02-21T03:46:11Z
MPC,2013-10-17,24.29,24.36,23.72,23.84,9214572,70.18,70.39,68.52,68.88,3189400,2026-02-21T03:46:11Z
MPC,2013-10-18,24.48,24.48,24.19,24.46,7299928,70.74,70.74,69.89,70.68,2526700,2026-02-21T03:46:11Z
MPC,2013-10-21,24.55,24.77,24.38,24.57,6094895,70.93,71.55,70.43,70.99,2109600,2026-02-21T03:46:11Z
MPC,2013-10-22,25.09,25.34,24.71,24.71,10567222,72.5,73.2,71.38,71.38,3657600,2026-02-21T03:46:11Z
MPC,2013-10-23,24.95,26.01,24.91,25.02,14593542,72.09,75.15,71.98,72.3,5051200,2026-02-21T03:46:11Z
MPC,2013-10-24,23.96,24.92,23.89,24.92,15323020,69.21,72,69.03,72,5303700,2026-02-21T03:46:11Z
MPC,2013-10-25,24.19,24.32,23.68,24.03,9061419,69.89,70.27,68.42,69.42,3136400,2026-02-21T03:46:11Z
MPC,2013-10-28,24.64,25.12,24.33,24.36,8627194,71.2,72.59,70.3,70.38,2986100,2026-02-21T03:46:11Z
MPC,2013-10-29,24.51,25.08,24.43,24.67,5442801,70.82,72.46,70.59,71.27,1883900,2026-02-21T03:46:11Z
MPC,2013-10-30,25.1,25.12,24.23,24.57,11274216,72.51,72.58,70.01,70.98,3902300,2026-02-21T03:46:11Z
MPC,2013-10-31,24.8,25.96,24.78,25.05,13972074,71.66,75,71.58,72.36,4836100,2026-02-21T03:46:11Z
MPC,2013-11-01,24.53,24.94,24.28,24.87,10158144,70.86,72.05,70.15,71.84,3516000,2026-02-21T03:46:11Z
MPC,2013-11-04,24.81,24.84,24.29,24.57,6999177,71.69,71.76,70.18,70.97,2422600,2026-02-21T03:46:11Z
MPC,2013-11-05,24.48,24.75,24.38,24.64,7326213,70.72,71.49,70.43,71.2,2535800,2026-02-21T03:46:11Z
MPC,2013-11-06,24.37,24.91,24.27,24.64,7616292,70.4,71.96,70.12,71.19,2636200,2026-02-21T03:46:11Z
MPC,2013-11-07,24.38,24.6,24.01,24.25,11823417,70.43,71.08,69.38,70.06,4092400,2026-02-21T03:46:11Z
MPC,2013-11-08,24.8,24.88,24.16,24.37,7297033,71.65,71.88,69.79,70.4,2525700,2026-02-21T03:46:11Z
MPC,2013-11-11,24.99,25.01,24.51,24.8,5512442,72.2,72.25,70.8,71.66,1908000,2026-02-21T03:46:11Z
MPC,2013-11-12,25.62,25.76,24.94,25.02,9772447,74.01,74.42,72.05,72.3,3382500,2026-02-21T03:46:11Z
MPC,2013-11-13,25.99,26.02,25.35,25.53,8288587,75.1,75.17,73.24,73.75,2868900,2026-02-21T03:46:11Z
MPC,2013-11-14,27.3,27.48,26.09,26.09,20011785,78.86,79.4,75.38,75.38,6926600,2026-02-21T03:46:11Z
MPC,2013-11-15,27.29,27.52,26.91,27.31,13605435,78.84,79.5,77.74,78.91,4709200,2026-02-21T03:46:11Z
MPC,2013-11-18,26.94,27.58,26.86,27.4,9627849,77.43,79.26,77.19,78.74,3350300,2026-02-21T03:46:11Z
MPC,2013-11-19,27.43,27.75,26.7,26.96,15536505,78.83,79.75,76.73,77.48,5406400,2026-02-21T03:46:11Z
MPC,2013-11-20,26.93,27.55,26.74,27.49,8258793,77.4,79.16,76.85,79.01,2873900,2026-02-21T03:46:11Z
MPC,2013-11-21,27.41,27.48,26.73,26.87,7702443,78.78,78.97,76.82,77.22,2680300,2026-02-21T03:46:11Z
MPC,2013-11-22,27.93,27.99,27.59,27.59,9686187,80.25,80.43,79.28,79.3,3370600,2026-02-21T03:46:11Z
MPC,2013-11-25,28.46,28.57,27.75,28.03,13188116,81.78,82.1,79.74,80.55,4589200,2026-02-21T03:46:11Z
MPC,2013-11-26,28.38,28.99,28.37,28.6,13544442,81.55,83.32,81.53,82.19,4713200,2026-02-21T03:46:11Z
MPC,2013-11-27,29.35,29.8,28.38,28.38,17140658,84.34,85.65,81.55,81.55,5964600,2026-02-21T03:46:11Z
MPC,2013-11-29,28.79,29.45,28.75,29.45,5594566,82.74,84.64,82.62,84.64,1946800,2026-02-21T03:46:11Z
MPC,2013-12-02,30.42,30.71,29.03,29.18,17275724,87.41,88.24,83.42,83.84,6011600,2026-02-21T03:46:11Z
MPC,2013-12-03,30.27,30.72,30.06,30.26,13866304,86.99,88.29,86.39,86.95,4825200,2026-02-21T03:46:11Z
MPC,2013-12-04,28.97,29.87,28.62,29.26,21061566,83.26,85.84,82.24,84.09,7329000,2026-02-21T03:46:11Z
MPC,2013-12-05,29.18,29.72,28.82,29.46,14733041,83.85,85.4,82.82,84.66,5126800,2026-02-21T03:46:11Z
MPC,2013-12-06,30.34,30.92,29.46,29.47,17950717,87.2,88.86,84.66,84.7,6246500,2026-02-21T03:46:11Z
MPC,2013-12-09,29.77,30.9,29.72,30.54,17406455,85.55,88.81,85.42,87.77,6057100,2026-02-21T03:46:11Z
MPC,2013-12-10,30.45,30.64,28.97,29.69,15545161,87.51,88.06,83.24,85.33,5409400,2026-02-21T03:46:11Z
MPC,2013-12-11,29.92,30.45,29.63,30.34,9929313,85.98,87.49,85.16,87.2,3455200,2026-02-21T03:46:11Z
MPC,2013-12-12,29.82,30.22,29.39,29.96,9872688,85.7,86.84,84.45,86.11,3435500,2026-02-21T03:46:11Z
MPC,2013-12-13,29.65,29.93,29.06,29.86,10768137,85.21,86.01,83.52,85.8,3747100,2026-02-21T03:46:11Z
MPC,2013-12-16,30.05,30.4,29.73,29.73,13203333,86.35,87.35,85.44,85.44,4594500,2026-02-21T03:46:11Z
MPC,2013-12-17,29.96,30.27,29.71,30.04,8073164,86.09,86.98,85.38,86.33,2809300,2026-02-21T03:46:11Z
MPC,2013-12-18,30.42,30.71,29.73,30.09,11454397,87.42,88.25,85.43,86.47,3985900,2026-02-21T03:46:11Z
MPC,2013-12-19,29.83,30.55,29.76,30.32,10047980,85.71,87.8,85.51,87.14,3496500,2026-02-21T03:46:11Z
MPC,2013-12-20,30.36,30.65,29.73,29.75,16547809,87.26,88.07,85.45,85.5,5758300,2026-02-21T03:46:11Z
MPC,2013-12-23,30.89,31.3,30.57,30.69,7066781,88.77,89.95,87.84,88.19,2459100,2026-02-21T03:46:11Z
MPC,2013-12-24,31.09,31.1,30.64,30.87,2576873,89.35,89.38,88.06,88.72,896700,2026-02-21T03:46:11Z
MPC,2013-12-26,31.16,31.25,30.95,31.02,3762288,89.54,89.81,88.93,89.14,1309200,2026-02-21T03:46:11Z
MPC,2013-12-27,31.02,31.28,30.54,31.28,4495654,89.13,89.88,87.77,89.88,1564400,2026-02-21T03:46:11Z
MPC,2013-12-30,30.8,31.13,30.45,31,4662628,88.5,89.47,87.49,89.08,1622500,2026-02-21T03:46:11Z
MPC,2013-12-31,31.92,32,31.02,31.03,9221221,91.73,91.95,89.13,89.18,3208800,2026-02-21T03:46:11Z
MPC,2014-01-02,31.14,31.95,30.91,31.84,8722039,89.48,91.82,88.83,91.49,3035100,2026-02-21T03:46:11Z
MPC,2014-01-03,30.71,31.41,30.55,31.25,6260708,88.26,90.25,87.78,89.79,2178600,2026-02-21T03:46:11Z
MPC,2014-01-06,30.87,31.32,30.67,30.82,6022473,88.71,90.01,88.13,88.56,2095700,2026-02-21T03:46:11Z
MPC,2014-01-07,30.97,31.13,30.1,30.88,10872469,89,89.45,86.51,88.74,3783400,2026-02-21T03:46:11Z
MPC,2014-01-08,30.86,31.05,30.32,31.05,12069933,88.68,89.24,87.12,89.24,4200100,2026-02-21T03:46:11Z
MPC,2014-01-09,31.68,31.96,30.87,30.98,15324731,91.04,91.86,88.71,89.03,5332700,2026-02-21T03:46:11Z
MPC,2014-01-10,31.66,31.96,31.05,31.67,7611941,90.97,91.86,89.24,91,2648800,2026-02-21T03:46:11Z
MPC,2014-01-13,30.68,31.86,30.5,31.66,9941094,88.16,91.56,87.65,90.97,3459300,2026-02-21T03:46:11Z
MPC,2014-01-14,31,31.47,30.76,31.11,8767750,89.1,90.44,88.4,89.39,3051000,2026-02-21T03:46:11Z
MPC,2014-01-15,30.15,31.18,29.57,31.18,16834570,86.65,89.61,84.97,89.59,5858100,2026-02-21T03:46:11Z
MPC,2014-01-16,29.82,30.2,29.47,30.02,11338864,85.7,86.8,84.68,86.27,3945700,2026-02-21T03:46:11Z
MPC,2014-01-17,29.68,30.15,29.59,29.75,10144560,85.28,86.65,85.03,85.5,3530100,2026-02-21T03:46:11Z
MPC,2014-01-21,30.04,30.45,29.86,30.02,7410199,86.33,87.52,85.82,86.28,2578600,2026-02-21T03:46:11Z
MPC,2014-01-22,29.78,30.24,29.4,30.19,7540670,85.58,86.91,84.48,86.77,2624000,2026-02-21T03:46:11Z
MPC,2014-01-23,29.73,30.23,29.15,30.02,12056157,85.44,86.86,83.77,86.26,4195300,2026-02-21T03:46:11Z
MPC,2014-01-24,28.88,29.4,28.55,29.35,7905621,82.98,84.5,82.05,84.34,2751000,2026-02-21T03:46:11Z
MPC,2014-01-27,29.06,29.23,28.32,28.88,12173988,83.5,83.99,81.37,82.98,4236300,2026-02-21T03:46:11Z
MPC,2014-01-28,28.94,29.06,28.53,29,7640093,83.17,83.52,82,83.34,2658600,2026-02-21T03:46:11Z
MPC,2014-01-29,30.11,30.69,28.54,29.36,22319406,86.52,88.2,82.01,84.38,7766700,2026-02-21T03:46:11Z
MPC,2014-01-30,30.45,30.95,29.85,30.57,9571798,87.5,88.94,85.78,87.86,3330800,2026-02-21T03:46:11Z
MPC,2014-01-31,30.29,30.89,30,30.18,12068781,87.05,88.76,86.2,86.74,4199700,2026-02-21T03:46:11Z
MPC,2014-02-03,29.35,30.31,29.08,30.3,13194163,84.34,87.1,83.58,87.08,4591300,2026-02-21T03:46:11Z
MPC,2014-02-04,28.97,29.46,28.26,29.44,14493666,83.25,84.67,81.2,84.61,5043500,2026-02-21T03:46:11Z
MPC,2014-02-05,28.64,28.86,28.07,28.74,14423259,82.31,82.94,80.68,82.59,5019000,2026-02-21T03:46:11Z
MPC,2014-02-06,29,29.05,28.41,28.65,7565082,83.33,83.48,81.65,82.33,2632500,2026-02-21T03:46:11Z
MPC,2014-02-07,29.39,29.76,29.08,29.14,7382026,84.47,85.52,83.56,83.75,2568800,2026-02-21T03:46:11Z
MPC,2014-02-10,28.72,29.4,28.55,29.39,9110009,82.52,84.5,82.03,84.46,3170100,2026-02-21T03:46:11Z
MPC,2014-02-11,29.39,29.54,28.66,28.71,10125291,84.46,84.9,82.35,82.5,3523400,2026-02-21T03:46:11Z
MPC,2014-02-12,29.3,29.79,29.18,29.43,7432615,84.2,85.62,83.86,84.58,2586400,2026-02-21T03:46:11Z
MPC,2014-02-13,29.78,29.87,29.2,29.21,8784133,85.58,85.85,83.9,83.95,3056700,2026-02-21T03:46:11Z
MPC,2014-02-14,30.67,31,29.68,29.92,8580291,87.71,88.66,84.88,85.57,3000500,2026-02-21T03:46:11Z
MPC,2014-02-18,30.67,31.17,30.43,30.77,7663783,87.7,89.14,87.03,87.99,2680000,2026-02-21T03:46:11Z
MPC,2014-02-19,30.43,31.15,30.36,30.59,9137063,87.02,89.09,86.82,87.49,3195200,2026-02-21T03:46:11Z
MPC,2014-02-20,30.76,31.03,30.21,30.56,7750722,87.95,88.74,86.39,87.38,2710400,2026-02-21T03:46:11Z
MPC,2014-02-21,30.53,30.95,30.48,30.75,7062695,87.31,88.49,87.17,87.92,2469800,2026-02-21T03:46:11Z
MPC,2014-02-24,30.82,31.31,30.78,30.78,8348397,88.12,89.54,88.01,88.01,2919400,2026-02-21T03:46:11Z
MPC,2014-02-25,31.43,31.85,30.68,30.82,13467400,89.89,91.08,87.72,88.13,4709500,2026-02-21T03:46:11Z
MPC,2014-02-26,30.79,31.79,30.62,31.38,9394426,88.04,90.92,87.55,89.73,3285200,2026-02-21T03:46:11Z
MPC,2014-02-27,29.43,30.77,29.15,30.77,20560154,84.15,88,83.36,88,7189800,2026-02-21T03:46:11Z
MPC,2014-02-28,29.37,29.78,29.21,29.37,9273757,84,85.17,83.53,83.99,3243000,2026-02-21T03:46:11Z
MPC,2014-03-03,29.15,29.89,28.98,29.29,8886276,83.37,85.49,82.87,83.76,3107500,2026-02-21T03:46:11Z
MPC,2014-03-04,29.62,29.69,28.99,29.41,10292923,84.69,84.91,82.9,84.1,3599400,2026-02-21T03:46:11Z
MPC,2014-03-05,30.14,30.34,29.41,29.45,8613195,86.18,86.76,84.1,84.21,3012000,2026-02-21T03:46:11Z
MPC,2014-03-06,31.29,31.47,30.25,30.25,13355599,89.48,90,86.51,86.51,4670400,2026-02-21T03:46:11Z
MPC,2014-03-07,31.47,31.68,31.19,31.47,11766768,90,90.6,89.19,90,4114800,2026-02-21T03:46:11Z
MPC,2014-03-10,31.85,32.14,31.42,31.47,11751354,91.08,91.91,89.86,90,4109400,2026-02-21T03:46:11Z
MPC,2014-03-11,31.92,32.08,31.4,31.91,10325522,91.29,91.73,89.78,91.24,3610800,2026-02-21T03:46:11Z
MPC,2014-03-12,33.05,33.11,31.86,31.89,15518322,94.5,94.68,91.12,91.18,5426700,2026-02-21T03:46:11Z
MPC,2014-03-13,32.36,33.06,32.22,33,12237474,92.55,94.53,92.13,94.37,4279400,2026-02-21T03:46:11Z
MPC,2014-03-14,32.86,33.11,32.31,32.35,9341523,93.98,94.68,92.41,92.52,3266700,2026-02-21T03:46:11Z
MPC,2014-03-17,32.72,33.18,32.63,32.97,10855698,93.57,94.88,93.31,94.28,3796200,2026-02-21T03:46:11Z
MPC,2014-03-18,32.92,33.1,32.44,32.73,8784768,94.14,94.66,92.76,93.59,3072000,2026-02-21T03:46:11Z
MPC,2014-03-19,32.05,32.87,31.92,32.83,8076141,91.65,94,91.27,93.89,2824200,2026-02-21T03:46:11Z
MPC,2014-03-20,32.14,32.37,31.73,32,7418148,91.91,92.56,90.74,91.5,2594100,2026-02-21T03:46:11Z
MPC,2014-03-21,31.71,32.73,31.59,32.41,13990979,90.69,93.58,90.32,92.67,4892600,2026-02-21T03:46:11Z
MPC,2014-03-24,31.34,32.12,31.15,31.82,10481948,89.61,91.84,89.07,90.99,3665500,2026-02-21T03:46:11Z
MPC,2014-03-25,31.7,32.08,31.47,31.48,7218256,90.64,91.74,89.99,90.02,2524200,2026-02-21T03:46:11Z
MPC,2014-03-26,31.16,32.02,31.13,31.77,7468490,89.1,91.58,89.01,90.85,2611700,2026-02-21T03:46:11Z
MPC,2014-03-27,30.52,31.1,30.33,31.04,9835674,87.29,88.94,86.74,88.76,3439500,2026-02-21T03:46:11Z
MPC,2014-03-28,30.66,30.91,30.47,30.69,6242840,87.67,88.38,87.13,87.76,2183100,2026-02-21T03:46:11Z
MPC,2014-03-31,30.44,30.93,30.35,30.77,7978056,87.04,88.44,86.8,88,2789900,2026-02-21T03:46:11Z
MPC,2014-04-01,31.31,31.33,30.45,30.48,12653839,89.54,89.6,87.07,87.15,4425000,2026-02-21T03:46:11Z
MPC,2014-04-02,30.48,31,30.34,31,11306680,87.16,88.65,86.75,88.65,3953900,2026-02-21T03:46:11Z
MPC,2014-04-03,30.48,30.69,30.45,30.62,7326935,87.17,87.77,87.08,87.56,2562200,2026-02-21T03:46:11Z
MPC,2014-04-04,30.46,30.91,30.25,30.73,8465072,87.1,88.39,86.49,87.88,2960200,2026-02-21T03:46:11Z
MPC,2014-04-07,29.75,30.46,29.43,30.35,7208817,85.08,87.12,84.16,86.79,2520900,2026-02-21T03:46:11Z
MPC,2014-04-08,29.34,29.89,28.96,29.79,10706725,83.9,85.48,82.81,85.19,3744100,2026-02-21T03:46:11Z
MPC,2014-04-09,29.77,30.2,29.13,29.34,8995249,85.12,86.37,83.3,83.9,3145600,2026-02-21T03:46:11Z
MPC,2014-04-10,29.56,30.33,29.35,29.71,9434195,84.53,86.74,83.94,84.96,3299100,2026-02-21T03:46:11Z
MPC,2014-04-11,29.13,29.8,28.91,29.49,11282934,83.29,85.22,82.66,84.34,3945600,2026-02-21T03:46:11Z
MPC,2014-04-14,29.57,29.67,29.13,29.35,8028399,84.57,84.84,83.31,83.94,2807500,2026-02-21T03:46:11Z
MPC,2014-04-15,30.28,30.3,29.59,29.65,11045014,86.58,86.65,84.61,84.8,3862400,2026-02-21T03:46:11Z
MPC,2014-04-16,31.05,31.1,30.22,30.49,8800789,88.78,88.93,86.43,87.2,3077600,2026-02-21T03:46:11Z
MPC,2014-04-17,31.44,31.62,30.93,30.96,7998367,89.91,90.42,88.46,88.54,2797000,2026-02-21T03:46:11Z
MPC,2014-04-21,31.52,31.66,30.98,31.08,4650038,90.14,90.54,88.6,88.88,1626100,2026-02-21T03:46:11Z
MPC,2014-04-22,31.61,31.92,30.7,31.3,9164823,90.39,91.27,87.8,89.52,3204900,2026-02-21T03:46:11Z
MPC,2014-04-23,31.77,31.99,31.58,31.61,6110447,90.84,91.47,90.3,90.38,2136800,2026-02-21T03:46:11Z
MPC,2014-04-24,31.73,32.02,31.42,31.83,6262871,90.74,91.55,89.86,91.03,2190100,2026-02-21T03:46:11Z
MPC,2014-04-25,31.73,32.05,31.63,31.64,6352092,90.73,91.65,90.45,90.49,2221300,2026-02-21T03:46:11Z
MPC,2014-04-28,32.49,32.92,31.52,31.85,10159666,92.92,94.15,90.14,91.09,3552800,2026-02-21T03:46:11Z
MPC,2014-04-29,32.65,33.08,32.55,32.77,6842231,93.38,94.59,93.07,93.72,2392700,2026-02-21T03:46:11Z
MPC,2014-04-30,32.5,32.97,32.45,32.63,13970395,92.95,94.28,92.8,93.31,4885400,2026-02-21T03:46:11Z
MPC,2014-05-01,33.38,34.02,31.03,31.12,15848616,95.44,97.28,88.73,89,5542200,2026-02-21T03:46:11Z
MPC,2014-05-02,33.48,33.92,33.02,33.44,7851675,95.75,97,94.42,95.63,2745700,2026-02-21T03:46:11Z
MPC,2014-05-05,33.5,33.83,33.02,33.34,9267471,95.81,96.74,94.43,95.34,3240800,2026-02-21T03:46:11Z
MPC,2014-05-06,33.81,34.16,33.34,33.43,11091634,96.69,97.7,95.33,95.59,3878700,2026-02-21T03:46:11Z
MPC,2014-05-07,33.29,33.85,33.1,33.73,8272889,95.2,96.81,94.65,96.47,2893000,2026-02-21T03:46:11Z
MPC,2014-05-08,32.45,33.62,32.28,33.29,8900585,92.79,96.13,92.32,95.2,3112500,2026-02-21T03:46:11Z
MPC,2014-05-09,31.92,32.59,31.72,32.59,6939444,91.29,93.18,90.7,93.18,2426700,2026-02-21T03:46:11Z
MPC,2014-05-12,32.18,32.58,32.02,32.16,6921424,92.02,93.16,91.58,91.97,2420400,2026-02-21T03:46:11Z
MPC,2014-05-13,32.09,32.72,30.09,32.34,7777613,91.76,93.56,86.04,92.49,2719800,2026-02-21T03:46:11Z
MPC,2014-05-14,32.11,32.52,31.45,32.06,7714411,91.82,93,89.93,91.67,2697700,2026-02-21T03:46:11Z
MPC,2014-05-15,31.44,31.9,31.17,31.89,8489365,89.9,91.22,89.13,91.18,2968700,2026-02-21T03:46:11Z
MPC,2014-05-16,31.14,31.49,30.97,31.42,6173348,89.05,90.04,88.56,89.85,2158800,2026-02-21T03:46:11Z
MPC,2014-05-19,31.23,31.47,30.95,31.02,6959941,88.88,89.58,88.1,88.29,2445400,2026-02-21T03:46:11Z
MPC,2014-05-20,31.14,31.73,31.04,31.14,6647712,88.63,90.32,88.34,88.62,2335700,2026-02-21T03:46:11Z
MPC,2014-05-21,30.81,31.38,30.47,31.2,8035209,87.69,89.3,86.71,88.8,2823200,2026-02-21T03:46:11Z
MPC,2014-05-22,30.54,31.57,30.49,30.76,10619231,86.91,89.85,86.77,87.55,3731100,2026-02-21T03:46:11Z
MPC,2014-05-23,30.62,30.77,30.29,30.52,6582838,87.14,87.59,86.2,86.87,2312900,2026-02-21T03:46:11Z
MPC,2014-05-27,30.55,30.82,30.41,30.64,7251952,86.95,87.73,86.55,87.2,2548000,2026-02-21T03:46:11Z
MPC,2014-05-28,30.7,31.33,30.56,30.7,10752688,87.37,89.17,86.97,87.37,3778000,2026-02-21T03:46:11Z
MPC,2014-05-29,31.56,31.61,30.58,31.08,7362091,89.81,89.98,87.03,88.45,2586700,2026-02-21T03:46:11Z
MPC,2014-05-30,31.41,31.62,31.18,31.45,6078776,89.39,90,88.75,89.51,2135800,2026-02-21T03:46:11Z
MPC,2014-06-02,31.52,31.63,31.15,31.58,4826768,89.72,90.03,88.65,89.87,1695900,2026-02-21T03:46:11Z
MPC,2014-06-03,30.95,31.55,30.92,31.54,6741364,88.09,89.81,88,89.76,2368600,2026-02-21T03:46:11Z
MPC,2014-06-04,30.86,31.26,30.66,30.92,8007886,87.84,88.97,87.25,88,2813600,2026-02-21T03:46:11Z
MPC,2014-06-05,30.88,31.19,30.64,30.96,12415404,87.9,88.76,87.21,88.12,4362200,2026-02-21T03:46:11Z
MPC,2014-06-06,30.81,31.06,30.52,31.06,5915976,87.69,88.39,86.85,88.39,2078600,2026-02-21T03:46:11Z
MPC,2014-06-09,30.74,31.13,30.56,30.73,6798003,87.5,88.6,86.97,87.47,2388500,2026-02-21T03:46:11Z
MPC,2014-06-10,30.11,30.76,29.92,30.74,11756244,85.69,87.55,85.16,87.5,4130600,2026-02-21T03:46:11Z
MPC,2014-06-11,30.11,30.18,29.87,29.9,6089305,85.69,85.9,85.01,85.11,2139500,2026-02-21T03:46:11Z
MPC,2014-06-12,30.44,30.51,29.81,30.25,11845897,86.65,86.84,84.85,86.11,4162100,2026-02-21T03:46:11Z
MPC,2014-06-13,30.36,30.62,30.27,30.5,5873280,86.42,87.16,86.15,86.81,2063600,2026-02-21T03:46:11Z
MPC,2014-06-16,30.17,30.46,30.12,30.35,5573024,85.87,86.7,85.74,86.39,1958100,2026-02-21T03:46:11Z
MPC,2014-06-17,30.42,30.45,29.8,30.12,10978395,86.58,86.67,84.83,85.74,3857300,2026-02-21T03:46:11Z
MPC,2014-06-18,31.14,31.23,30.14,30.44,9605418,88.64,88.88,85.78,86.64,3374900,2026-02-21T03:46:11Z
MPC,2014-06-19,31.49,31.53,31.19,31.27,8371056,89.62,89.75,88.76,89,2941200,2026-02-21T03:46:11Z
MPC,2014-06-20,31.48,31.7,31.27,31.61,10152164,89.61,90.21,88.99,89.97,3567000,2026-02-21T03:46:11Z
MPC,2014-06-23,31.26,31.68,31.18,31.53,5501588,88.98,90.16,88.75,89.73,1933000,2026-02-21T03:46:11Z
MPC,2014-06-24,30.37,31.4,30.32,31.29,8879378,86.45,89.36,86.31,89.06,3119800,2026-02-21T03:46:11Z
MPC,2014-06-25,28.45,28.85,27.39,28.37,39242229,80.97,82.1,77.96,80.75,13787900,2026-02-21T03:46:11Z
MPC,2014-06-26,28.43,28.68,28.14,28.34,13744296,80.93,81.64,80.09,80.65,4829100,2026-02-21T03:46:11Z
MPC,2014-06-27,27.9,28.55,27.81,28.47,20842234,79.4,81.25,79.16,81.03,7323000,2026-02-21T03:46:11Z
MPC,2014-06-30,27.43,27.94,27.38,27.93,11072595,78.07,79.52,77.94,79.49,3890400,2026-02-21T03:46:11Z
MPC,2014-07-01,27.62,27.75,27.36,27.5,8232733,78.61,78.97,77.87,78.27,2892600,2026-02-21T03:46:11Z
MPC,2014-07-02,28.07,28.23,27.47,27.5,8936873,79.88,80.34,78.19,78.26,3140000,2026-02-21T03:46:11Z
MPC,2014-07-03,28.42,28.46,27.94,28.11,6152493,80.9,81,79.53,80.01,2161700,2026-02-21T03:46:11Z
MPC,2014-07-07,27.92,28.46,27.79,28.27,7555344,79.47,81,79.08,80.45,2654600,2026-02-21T03:46:11Z
MPC,2014-07-08,27.35,27.99,27.34,27.96,9291227,77.83,79.67,77.8,79.58,3264500,2026-02-21T03:46:11Z
MPC,2014-07-09,27.44,27.62,27.12,27.43,7153477,78.09,78.62,77.18,78.08,2513400,2026-02-21T03:46:11Z
MPC,2014-07-10,27.2,27.37,26.96,27.15,9333611,77.41,77.89,76.72,77.28,3279400,2026-02-21T03:46:11Z
MPC,2014-07-11,27.71,27.96,27.38,27.66,8082184,78.86,79.57,77.93,78.72,2839700,2026-02-21T03:46:11Z
MPC,2014-07-14,27.43,27.86,27.32,27.83,6952821,78.08,79.29,77.77,79.22,2442900,2026-02-21T03:46:11Z
MPC,2014-07-15,27.76,27.98,27.14,27.22,9247683,79.02,79.64,77.25,77.46,3249200,2026-02-21T03:46:11Z
MPC,2014-07-16,27.56,27.99,27.41,27.84,7267028,78.43,79.67,78,79.23,2553300,2026-02-21T03:46:11Z
MPC,2014-07-17,26.97,27.6,26.93,27.41,7480495,76.75,78.55,76.65,78.02,2628300,2026-02-21T03:46:11Z
MPC,2014-07-18,27.02,27.29,26.98,27.17,7664076,76.91,77.67,76.78,77.32,2692800,2026-02-21T03:46:11Z
MPC,2014-07-21,26.68,27.11,26.65,27.07,7290370,75.93,77.17,75.85,77.05,2561500,2026-02-21T03:46:11Z
MPC,2014-07-22,26.63,27.05,26.59,26.84,7403080,75.79,77,75.68,76.38,2601100,2026-02-21T03:46:11Z
MPC,2014-07-23,26.92,27.17,26.66,26.8,6083614,76.61,77.32,75.87,76.29,2137500,2026-02-21T03:46:11Z
MPC,2014-07-24,27.21,27.49,26.97,26.99,7883229,77.43,78.23,76.75,76.82,2769800,2026-02-21T03:46:11Z
MPC,2014-07-25,27.61,27.64,27.11,27.23,8716279,78.58,78.67,77.16,77.5,3062500,2026-02-21T03:46:11Z
MPC,2014-07-28,27.33,27.88,27.28,27.7,7900302,77.79,79.35,77.64,78.83,2775800,2026-02-21T03:46:11Z
MPC,2014-07-29,27.98,28.28,27.53,27.59,11534812,79.63,80.49,78.36,78.51,4052800,2026-02-21T03:46:11Z
MPC,2014-07-30,27.75,28.15,27.57,27.98,9015137,78.98,80.13,78.46,79.65,3167500,2026-02-21T03:46:11Z
MPC,2014-07-31,29.33,29.86,28.56,28.59,22514925,83.48,84.98,81.28,81.36,7910700,2026-02-21T03:46:11Z
MPC,2014-08-01,29.36,30.25,29.1,29.41,18647039,83.57,86.09,82.83,83.69,6551700,2026-02-21T03:46:11Z
MPC,2014-08-04,29.68,29.82,29.09,29.34,9098822,84.47,84.88,82.79,83.5,3196900,2026-02-21T03:46:11Z
MPC,2014-08-05,29.88,30.15,29.26,29.35,11195271,85.03,85.8,83.28,83.54,3933500,2026-02-21T03:46:11Z
MPC,2014-08-06,30.48,30.68,29.75,29.75,11126976,86.75,87.32,84.67,84.67,3909500,2026-02-21T03:46:11Z
MPC,2014-08-07,30.39,30.77,30.09,30.59,5750614,86.5,87.56,85.65,87.06,2020500,2026-02-21T03:46:11Z
MPC,2014-08-08,30.74,30.81,30.28,30.51,4659414,87.5,87.7,86.19,86.84,1637100,2026-02-21T03:46:11Z
MPC,2014-08-11,30.6,31.04,30.53,30.9,5086326,87.09,88.34,86.89,87.94,1787100,2026-02-21T03:46:11Z
MPC,2014-08-12,30.42,30.74,30.24,30.57,4492052,86.57,87.49,86.07,87,1578300,2026-02-21T03:46:11Z
MPC,2014-08-13,30.72,30.83,30.1,30.57,6404099,87.43,87.75,85.68,87.02,2250100,2026-02-21T03:46:11Z
MPC,2014-08-14,31.24,31.38,30.77,30.83,6491476,88.91,89.31,87.56,87.75,2280800,2026-02-21T03:46:11Z
MPC,2014-08-15,31.3,31.43,30.91,31.36,9795253,89.08,89.46,87.97,89.24,3441600,2026-02-21T03:46:11Z
MPC,2014-08-18,31.83,31.86,31.31,31.31,7081630,90.09,90.16,88.62,88.62,2502200,2026-02-21T03:46:11Z
MPC,2014-08-19,32.37,32.42,31.81,31.83,5935139,91.6,91.75,90.03,90.08,2097100,2026-02-21T03:46:11Z
MPC,2014-08-20,32.26,32.48,32.06,32.26,5654387,91.3,91.93,90.75,91.31,1997900,2026-02-21T03:46:11Z
MPC,2014-08-21,31.82,32.3,31.77,32.3,6758992,90.06,91.4,89.92,91.4,2388200,2026-02-21T03:46:11Z
MPC,2014-08-22,31.95,32.04,31.56,31.84,6249287,90.43,90.69,89.33,90.11,2208100,2026-02-21T03:46:11Z
MPC,2014-08-25,32.01,32.2,31.89,32.01,5318434,90.59,91.12,90.25,90.6,1879200,2026-02-21T03:46:11Z
MPC,2014-08-26,31.95,32.08,31.54,32.02,5303163,90.43,90.8,89.25,90.61,1873800,2026-02-21T03:46:11Z
MPC,2014-08-27,31.87,32.06,31.69,32.04,5711839,90.19,90.74,89.7,90.69,2018200,2026-02-21T03:46:11Z
MPC,2014-08-28,32.08,32.13,31.73,31.73,3794964,90.78,90.93,89.8,89.8,1340900,2026-02-21T03:46:11Z
MPC,2014-08-29,32.16,32.22,31.86,31.97,4642876,91.01,91.2,90.18,90.48,1640500,2026-02-21T03:46:11Z
MPC,2014-09-02,31.63,32.24,31.23,32.06,8404439,89.51,91.25,88.4,90.75,2969600,2026-02-21T03:46:11Z
MPC,2014-09-03,31.95,32.03,31.61,31.79,7751247,90.42,90.65,89.46,89.97,2738800,2026-02-21T03:46:11Z
MPC,2014-09-04,32.14,32.37,31.74,31.92,9031339,90.97,91.62,89.82,90.33,3191100,2026-02-21T03:46:11Z
MPC,2014-09-05,32.38,32.38,31.85,32.09,6642114,91.63,91.63,90.15,90.82,2346900,2026-02-21T03:46:11Z
MPC,2014-09-08,32.64,32.82,32.17,32.3,5939373,92.39,92.89,91.04,91.41,2098600,2026-02-21T03:46:11Z
MPC,2014-09-09,32.41,32.68,32.14,32.52,8262667,91.72,92.5,90.97,92.03,2919500,2026-02-21T03:46:11Z
MPC,2014-09-10,31.95,32.44,31.37,32.4,13932336,90.43,91.81,88.78,91.71,4922800,2026-02-21T03:46:11Z
MPC,2014-09-11,31.41,32.12,31.27,31.78,13590450,88.9,90.89,88.5,89.93,4802000,2026-02-21T03:46:11Z
MPC,2014-09-12,30.69,31.45,30.55,31.39,11626031,86.86,89,86.47,88.85,4107900,2026-02-21T03:46:11Z
MPC,2014-09-15,31.28,31.35,30.29,30.62,11428758,88.53,88.72,85.72,86.67,4038200,2026-02-21T03:46:11Z
MPC,2014-09-16,31.16,31.75,31.08,31.12,7804744,88.18,89.85,87.96,88.09,2757700,2026-02-21T03:46:11Z
MPC,2014-09-17,31.16,31.34,30.58,31.32,9959610,88.19,88.71,86.55,88.64,3519100,2026-02-21T03:46:11Z
MPC,2014-09-18,30.86,31.41,30.57,31.22,8236618,87.33,88.9,86.53,88.35,2910300,2026-02-21T03:46:11Z
MPC,2014-09-19,31.32,31.4,30.94,30.99,10993467,88.64,88.86,87.56,87.7,3884400,2026-02-21T03:46:11Z
MPC,2014-09-22,30.42,31.32,30.39,31.19,7523424,86.08,88.64,86,88.27,2658300,2026-02-21T03:46:11Z
MPC,2014-09-23,29.93,30.93,29.9,30.42,13710159,84.7,87.53,84.63,86.1,4844300,2026-02-21T03:46:11Z
MPC,2014-09-24,29.85,29.98,29.31,29.82,10637451,84.49,84.85,82.95,84.4,3758600,2026-02-21T03:46:11Z
MPC,2014-09-25,29.78,29.9,29.49,29.8,8189926,84.28,84.62,83.46,84.33,2893800,2026-02-21T03:46:11Z
MPC,2014-09-26,30.04,30.25,29.72,29.75,5791633,85.01,85.6,84.1,84.2,2046400,2026-02-21T03:46:11Z
MPC,2014-09-29,29.82,30.19,29.6,29.82,7173890,84.39,85.44,83.78,84.39,2534800,2026-02-21T03:46:11Z
MPC,2014-09-30,29.92,30.13,29.65,29.85,8283322,84.67,85.28,83.92,84.47,2926800,2026-02-21T03:46:11Z
MPC,2014-10-01,29.13,30.05,29.08,30.01,8136142,82.44,85.04,82.29,84.93,2874800,2026-02-21T03:46:11Z
MPC,2014-10-02,28.6,29.33,28.35,29.12,11358006,80.95,83,80.24,82.43,4013200,2026-02-21T03:46:11Z
MPC,2014-10-03,28.56,28.7,28.23,28.7,14220416,80.82,81.22,79.9,81.21,5024600,2026-02-21T03:46:11Z
MPC,2014-10-06,28.58,28.86,27.97,28.59,7397469,80.88,81.69,79.15,80.9,2613800,2026-02-21T03:46:11Z
MPC,2014-10-07,28.56,29.23,28.51,28.51,9936970,80.82,82.74,80.69,80.69,3511100,2026-02-21T03:46:11Z
MPC,2014-10-08,29.77,29.81,28.39,28.68,11259497,84.26,84.36,80.35,81.17,3978400,2026-02-21T03:46:11Z
MPC,2014-10-09,28.9,30,28.77,29.69,7917955,81.8,84.92,81.41,84.04,2797700,2026-02-21T03:46:11Z
MPC,2014-10-10,28.83,29.74,28.38,29.01,9855485,81.59,84.16,80.31,82.11,3482300,2026-02-21T03:46:11Z
MPC,2014-10-13,28.2,29.45,28.14,28.81,9185584,79.82,83.36,79.65,81.53,3245600,2026-02-21T03:46:11Z
MPC,2014-10-14,27.71,28.58,27.35,28.32,15096930,78.43,80.88,77.41,80.15,5334300,2026-02-21T03:46:11Z
MPC,2014-10-15,26.95,27.98,26.6,27.27,13171001,76.27,79.19,75.28,77.19,4653800,2026-02-21T03:46:11Z
MPC,2014-10-16,27.72,28.22,26.37,26.5,15058138,78.45,79.87,74.64,74.99,5320600,2026-02-21T03:46:11Z
MPC,2014-10-17,28,28.45,27.57,27.91,9616051,79.25,80.52,78.03,78.98,3397700,2026-02-21T03:46:11Z
MPC,2014-10-20,28.49,28.77,27.98,27.98,7551713,80.64,81.41,79.2,79.2,2668300,2026-02-21T03:46:11Z
MPC,2014-10-21,30.02,30.12,28.52,28.59,10431393,84.95,85.25,80.71,80.91,3685800,2026-02-21T03:46:11Z
MPC,2014-10-22,29.53,30.45,29.5,30.05,6023725,83.57,86.18,83.5,85.05,2128400,2026-02-21T03:46:11Z
MPC,2014-10-23,29.87,30.33,29.78,29.97,6837093,84.53,85.84,84.28,84.83,2415800,2026-02-21T03:46:11Z
MPC,2014-10-24,30.31,30.39,29.5,29.97,4931832,85.79,86.01,83.48,84.81,1742600,2026-02-21T03:46:11Z
MPC,2014-10-27,30.54,30.59,29.55,30.04,9896494,86.42,86.56,83.62,85.01,3496800,2026-02-21T03:46:11Z
MPC,2014-10-28,31.49,31.62,30.26,30.61,9341787,89.12,89.49,85.64,86.64,3300800,2026-02-21T03:46:11Z
MPC,2014-10-29,30.89,31.89,30.44,31.76,11147993,87.41,90.24,86.15,89.88,3939000,2026-02-21T03:46:11Z
MPC,2014-10-30,32.03,32.51,31.25,31.63,19812814,90.65,92.02,88.44,89.51,7000600,2026-02-21T03:46:11Z
MPC,2014-10-31,32.12,32.28,31.35,31.93,10240376,90.9,91.37,88.72,90.38,3618300,2026-02-21T03:46:11Z
MPC,2014-11-03,32.37,32.69,32.19,32.29,14835146,91.62,92.52,91.11,91.38,5241800,2026-02-21T03:46:11Z
MPC,2014-11-04,32.02,32.8,31.85,32.34,11579891,90.63,92.83,90.15,91.52,4091600,2026-02-21T03:46:11Z
MPC,2014-11-05,32.05,32.47,31.67,32.15,9209903,90.71,91.89,89.63,90.99,3254200,2026-02-21T03:46:11Z
MPC,2014-11-06,32.91,32.94,32.19,32.22,10235860,93.13,93.22,91.11,91.18,3616700,2026-02-21T03:46:11Z
MPC,2014-11-07,33.24,33.24,32.63,32.96,9941230,94.08,94.08,92.35,93.28,3512600,2026-02-21T03:46:11Z
MPC,2014-11-10,33.25,33.63,33.03,33.39,9486414,94.1,95.18,93.48,94.5,3351900,2026-02-21T03:46:11Z
MPC,2014-11-11,33.44,33.69,32.91,33.21,8104156,94.63,95.35,93.15,94,2863500,2026-02-21T03:46:11Z
MPC,2014-11-12,33.57,33.78,33.26,33.31,8430208,95.01,95.59,94.14,94.27,2978700,2026-02-21T03:46:11Z
MPC,2014-11-13,33.05,33.49,32.63,33.34,9736025,93.55,94.78,92.36,94.35,3440100,2026-02-21T03:46:11Z
MPC,2014-11-14,32.64,33.47,32.63,33.24,10095483,92.38,94.72,92.35,94.08,3567100,2026-02-21T03:46:11Z
MPC,2014-11-17,32.87,33.27,32.58,32.64,12688735,92.51,93.65,91.7,91.87,4507800,2026-02-21T03:46:11Z
MPC,2014-11-18,33.35,33.62,32.8,33.01,11476667,93.88,94.64,92.34,92.92,4077200,2026-02-21T03:46:11Z
MPC,2014-11-19,33.32,33.67,33.07,33.39,12439655,93.8,94.77,93.09,94,4419300,2026-02-21T03:46:11Z
MPC,2014-11-20,33.81,33.96,33.26,33.31,8664369,95.16,95.58,93.63,93.75,3078100,2026-02-21T03:46:11Z
MPC,2014-11-21,34.43,34.79,34.09,34.26,12484939,96.92,97.94,95.97,96.43,4435400,2026-02-21T03:46:11Z
MPC,2014-11-24,34.15,34.59,34.07,34.35,6694270,96.12,97.37,95.9,96.68,2378200,2026-02-21T03:46:11Z
MPC,2014-11-25,33.83,34.42,33.79,34.31,7857639,95.24,96.9,95.12,96.58,2791500,2026-02-21T03:46:11Z
MPC,2014-11-26,33.99,34.29,33.77,33.86,4630977,95.67,96.52,95.07,95.32,1645200,2026-02-21T03:46:11Z
MPC,2014-11-28,32.01,33.13,31.85,33.13,10769038,90.09,93.26,89.65,93.26,3825800,2026-02-21T03:46:11Z
MPC,2014-12-01,32.25,32.4,31.71,31.76,9077029,90.79,91.2,89.25,89.4,3224700,2026-02-21T03:46:11Z
MPC,2014-12-02,33.44,33.79,32.15,32.23,12685386,94.14,95.11,90.5,90.72,4506600,2026-02-21T03:46:11Z
MPC,2014-12-03,34.11,34.5,33.46,33.46,9571881,96.02,97.12,94.18,94.18,3400500,2026-02-21T03:46:11Z
MPC,2014-12-04,34.34,34.5,33.56,34.46,7208259,96.67,97.1,94.48,97,2560800,2026-02-21T03:46:11Z
MPC,2014-12-05,32.74,34.51,32.68,34.23,13058045,92.15,97.15,91.98,96.36,4639000,2026-02-21T03:46:11Z
MPC,2014-12-08,31.52,32.79,31.36,32.42,10980150,88.72,92.29,88.27,91.26,3900800,2026-02-21T03:46:11Z
MPC,2014-12-09,31.53,31.58,30.59,31.15,20949778,88.76,88.89,86.11,87.68,7442600,2026-02-21T03:46:11Z
MPC,2014-12-10,30.22,31.44,29.72,31.08,14865739,85.06,88.49,83.65,87.49,5281200,2026-02-21T03:46:11Z
MPC,2014-12-11,29.8,30.82,29.73,30.29,12091147,83.88,86.74,83.7,85.25,4295500,2026-02-21T03:46:11Z
MPC,2014-12-12,29.56,30.25,28.59,29.19,10864449,83.2,85.16,80.48,82.17,3859700,2026-02-21T03:46:11Z
MPC,2014-12-15,28.91,29.92,28.83,29.66,10922707,81.37,84.21,81.16,83.48,3880400,2026-02-21T03:46:11Z
MPC,2014-12-16,29.2,29.9,28.42,28.69,8600764,82.2,84.16,80,80.75,3055500,2026-02-21T03:46:11Z
MPC,2014-12-17,30.1,30.35,28.85,29.05,10416061,84.73,85.44,81.22,81.77,3700400,2026-02-21T03:46:11Z
MPC,2014-12-18,29.85,30.69,28.98,30.61,9677980,84.03,86.38,81.58,86.17,3438200,2026-02-21T03:46:11Z
MPC,2014-12-19,30.98,31.02,29.88,30.08,11797865,87.2,87.32,84.12,84.66,4191300,2026-02-21T03:46:11Z
MPC,2014-12-22,31.01,31.12,30.41,30.72,8421168,87.29,87.6,85.61,86.46,2991700,2026-02-21T03:46:11Z
MPC,2014-12-23,31.4,31.56,31,31.31,5102191,88.38,88.84,87.27,88.13,1812600,2026-02-21T03:46:11Z
MPC,2014-12-24,31.48,31.66,30.98,31.25,3619888,88.62,89.11,87.21,87.95,1286000,2026-02-21T03:46:11Z
MPC,2014-12-26,31.87,32.24,31.5,31.57,4487421,89.72,90.74,88.67,88.85,1594200,2026-02-21T03:46:11Z
MPC,2014-12-29,32.35,32.41,31.96,32.01,6609259,91.06,91.23,89.96,90.11,2348000,2026-02-21T03:46:11Z
MPC,2014-12-30,32.2,32.56,32.12,32.15,6139178,90.64,91.66,90.4,90.5,2181000,2026-02-21T03:46:11Z
MPC,2014-12-31,32.07,32.37,32.04,32.28,4509383,90.26,91.11,90.18,90.86,1602000,2026-02-21T03:46:11Z
MPC,2015-01-02,32.56,32.64,31.81,31.81,7542650,91.64,91.87,89.55,89.55,2679600,2026-02-21T03:46:11Z
MPC,2015-01-05,31.65,32.44,31.21,32.27,14767499,89.09,91.3,87.85,90.85,5246300,2026-02-21T03:46:11Z
MPC,2015-01-06,31.34,32.09,30.99,31.66,7887765,88.21,90.33,87.22,89.13,2802200,2026-02-21T03:46:11Z
MPC,2015-01-07,31.6,31.85,31.14,31.85,9868554,88.94,89.64,87.64,89.64,3505900,2026-02-21T03:46:11Z
MPC,2015-01-08,32.34,32.5,31.8,31.96,9851945,91.03,91.49,89.5,89.97,3500000,2026-02-21T03:46:11Z
MPC,2015-01-09,31.44,32.39,31.39,32.28,7558421,88.49,91.17,88.36,90.87,2685200,2026-02-21T03:46:11Z
MPC,2015-01-12,30.35,31.32,30.2,31.07,11622758,85.42,88.15,85.01,87.45,4129100,2026-02-21T03:46:11Z
MPC,2015-01-13,28.73,30.7,28.5,30.18,17698320,80.86,86.43,80.22,84.94,6287500,2026-02-21T03:46:11Z
MPC,2015-01-14,27.58,28.43,26.98,28.35,20167509,77.63,80.04,75.96,79.8,7164700,2026-02-21T03:46:11Z
MPC,2015-01-15,27.3,27.8,26.73,27.7,13314770,76.85,78.24,75.24,77.97,4730200,2026-02-21T03:46:11Z
MPC,2015-01-16,27.55,27.95,27.37,27.43,12857655,77.56,78.69,77.04,77.22,4567800,2026-02-21T03:46:11Z
MPC,2015-01-20,28.57,28.68,27.52,27.52,10479932,80.42,80.74,77.46,77.46,3723100,2026-02-21T03:46:11Z
MPC,2015-01-21,28.76,29.04,28.43,28.59,10075998,80.95,81.75,80.02,80.47,3579600,2026-02-21T03:46:11Z
MPC,2015-01-22,29.83,29.94,28.76,29.02,11147358,83.97,84.27,80.95,81.7,3960200,2026-02-21T03:46:11Z
MPC,2015-01-23,30.96,31.44,29.69,29.9,13057786,87.16,88.5,83.57,84.17,4638900,2026-02-21T03:46:11Z
MPC,2015-01-26,31.33,31.46,30.96,30.96,8823419,88.19,88.57,87.15,87.15,3134600,2026-02-21T03:46:11Z
MPC,2015-01-27,31.5,31.59,31.04,31.08,6608974,88.68,88.93,87.37,87.49,2347900,2026-02-21T03:46:11Z
MPC,2015-01-28,31.72,32.18,31.22,31.62,11867389,89.29,90.57,87.89,89,4216000,2026-02-21T03:46:11Z
MPC,2015-01-29,31.98,32.41,31.33,32.08,7331262,90.01,91.24,88.19,90.31,2604500,2026-02-21T03:46:11Z
MPC,2015-01-30,32.89,33.18,31.55,31.62,13733331,92.59,93.39,88.81,89.02,4878900,2026-02-21T03:46:11Z
MPC,2015-02-02,33.37,33.39,32.32,32.99,8842262,93.94,93.99,90.97,92.85,3141300,2026-02-21T03:46:11Z
MPC,2015-02-03,34.04,34.04,33.14,33.42,11862302,95.82,95.82,93.28,94.08,4214200,2026-02-21T03:46:11Z
MPC,2015-02-04,34.17,34.53,33.52,33.75,12835128,96.19,97.21,94.35,95,4559800,2026-02-21T03:46:11Z
MPC,2015-02-05,34.57,34.9,34.18,34.44,9835331,97.3,98.25,96.21,96.94,3494100,2026-02-21T03:46:11Z
MPC,2015-02-06,35.13,35.5,34.39,34.73,13925015,98.88,99.92,96.79,97.75,4947000,2026-02-21T03:46:11Z
MPC,2015-02-09,35.59,35.69,34.89,35.05,11805468,100.17,100.45,98.22,98.66,4194000,2026-02-21T03:46:11Z
MPC,2015-02-10,36.3,36.45,35.09,35.7,12711277,102.18,102.61,98.77,100.48,4515800,2026-02-21T03:46:11Z
MPC,2015-02-11,35.85,36.23,35.59,35.95,7521823,100.92,101.99,100.19,101.18,2672200,2026-02-21T03:46:11Z
MPC,2015-02-12,36.02,36.22,35.6,36.19,8945858,101.4,101.94,100.2,101.87,3178100,2026-02-21T03:46:11Z
MPC,2015-02-13,36.94,36.97,36.2,36.33,8249404,103.48,103.55,101.39,101.76,2945200,2026-02-21T03:46:11Z
MPC,2015-02-17,37.07,37.35,36.33,36.87,9307045,103.82,104.61,101.75,103.27,3322800,2026-02-21T03:46:11Z
MPC,2015-02-18,37.35,37.38,36.59,36.89,6800179,104.63,104.7,102.5,103.34,2427800,2026-02-21T03:46:11Z
MPC,2015-02-19,37.72,37.8,37.05,37.18,7357844,105.65,105.87,103.77,104.15,2626900,2026-02-21T03:46:11Z
MPC,2015-02-20,37.69,38.18,37.24,37.72,9073161,105.57,106.95,104.32,105.66,3239300,2026-02-21T03:46:11Z
MPC,2015-02-23,37.97,38.6,37.54,37.68,7073548,106.35,108.13,105.15,105.53,2525400,2026-02-21T03:46:11Z
MPC,2015-02-24,37.55,38.13,37.18,38.08,7117801,105.18,106.79,104.15,106.65,2541200,2026-02-21T03:46:11Z
MPC,2015-02-25,37.37,38.02,37.11,37.63,7282227,104.66,106.48,103.94,105.39,2599900,2026-02-21T03:46:11Z
MPC,2015-02-26,38.22,38.67,37.38,37.41,9656885,107.04,108.32,104.71,104.79,3447700,2026-02-21T03:46:11Z
MPC,2015-02-27,37.49,38.63,37.47,38.24,6142793,105,108.21,104.95,107.12,2193100,2026-02-21T03:46:11Z
MPC,2015-03-02,36.34,37.16,36.15,37.16,12973780,101.78,104.09,101.26,104.09,4631900,2026-02-21T03:46:11Z
MPC,2015-03-03,36.69,37.01,36.36,36.64,9944553,102.77,103.67,101.85,102.62,3550400,2026-02-21T03:46:11Z
MPC,2015-03-04,36.42,36.78,36.02,36.42,7645511,102.01,103.01,100.88,102,2729600,2026-02-21T03:46:11Z
MPC,2015-03-05,36.33,36.79,36.3,36.55,5265248,101.75,103.06,101.68,102.36,1879800,2026-02-21T03:46:11Z
MPC,2015-03-06,35.16,36.63,35.12,36.06,6432973,98.49,102.61,98.37,101.01,2296700,2026-02-21T03:46:11Z
MPC,2015-03-09,35.62,36.38,35.24,35.37,7038538,99.77,101.89,98.7,99.08,2512900,2026-02-21T03:46:11Z
MPC,2015-03-10,34.32,35.26,34.27,35.24,8760003,96.12,98.75,96,98.72,3127500,2026-02-21T03:46:11Z
MPC,2015-03-11,34.58,34.82,34.12,34.4,7669604,96.87,97.53,95.56,96.36,2738200,2026-02-21T03:46:11Z
MPC,2015-03-12,34.16,35.4,34.09,34.95,6396280,95.67,99.15,95.47,97.89,2283600,2026-02-21T03:46:11Z
MPC,2015-03-13,34.35,34.74,34.09,34.44,6299371,96.2,97.3,95.48,96.46,2249000,2026-02-21T03:46:11Z
MPC,2015-03-16,35.01,35.03,33.66,34.15,6636879,98.06,98.12,94.29,95.65,2369500,2026-02-21T03:46:11Z
MPC,2015-03-17,34.9,34.97,34.27,34.64,4963592,97.74,97.95,96,97.02,1772100,2026-02-21T03:46:11Z
MPC,2015-03-18,36.06,36.2,34.75,34.81,7153939,101.01,101.41,97.33,97.5,2554100,2026-02-21T03:46:11Z
MPC,2015-03-19,35.72,35.93,35.52,35.76,4433647,100.06,100.65,99.5,100.15,1582900,2026-02-21T03:46:11Z
MPC,2015-03-20,36.51,36.72,35.7,35.88,10897418,102.26,102.84,100,100.51,3890600,2026-02-21T03:46:11Z
MPC,2015-03-23,36.57,37.06,36.55,36.65,7332639,102.42,103.8,102.37,102.66,2617900,2026-02-21T03:46:11Z
MPC,2015-03-24,36.31,36.87,36.24,36.45,5516222,101.7,103.26,101.5,102.08,1969400,2026-02-21T03:46:11Z
MPC,2015-03-25,36.8,37.44,36.67,36.7,8941521,103.08,104.86,102.7,102.8,3192300,2026-02-21T03:46:11Z
MPC,2015-03-26,36.02,37.1,35.96,37.03,6142788,100.88,103.93,100.73,103.73,2193100,2026-02-21T03:46:11Z
MPC,2015-03-27,35.58,36.27,35.44,36.2,6844722,99.65,101.58,99.27,101.41,2443700,2026-02-21T03:46:11Z
MPC,2015-03-30,36.74,36.8,35.85,35.85,6304961,102.9,103.07,100.41,100.41,2251000,2026-02-21T03:46:11Z
MPC,2015-03-31,36.56,37.16,36.3,36.46,8093658,102.39,104.07,101.69,102.12,2889600,2026-02-21T03:46:11Z
MPC,2015-04-01,36.33,37,36.18,36.69,7600125,101.76,103.64,101.33,102.76,2713400,2026-02-21T03:46:11Z
MPC,2015-04-02,34.66,36.43,34.59,36.28,12067672,97.08,102.05,96.89,101.63,4308400,2026-02-21T03:46:11Z
MPC,2015-04-06,35.18,35.57,34.62,34.86,7153951,98.54,99.64,96.96,97.63,2554100,2026-02-21T03:46:11Z
MPC,2015-04-07,35.07,35.41,34.72,35.34,8324754,98.24,99.19,97.24,98.99,2972100,2026-02-21T03:46:11Z
MPC,2015-04-08,35.22,35.7,35.11,35.5,6104131,98.64,99.99,98.34,99.44,2179300,2026-02-21T03:46:11Z
MPC,2015-04-09,35.65,35.82,35,35.22,7657558,99.86,100.34,98.03,98.66,2733900,2026-02-21T03:46:11Z
MPC,2015-04-10,35.85,35.89,35.51,35.73,3792229,100.42,100.52,99.47,100.09,1353900,2026-02-21T03:46:11Z
MPC,2015-04-13,34.71,35.94,34.56,35.82,10487932,97.21,100.67,96.81,100.32,3744400,2026-02-21T03:46:11Z
MPC,2015-04-14,35,35.23,34.71,34.93,8617734,98.04,98.67,97.22,97.84,3076700,2026-02-21T03:46:11Z
MPC,2015-04-15,35,35.69,34.97,35.17,7579681,98.03,99.97,97.94,98.52,2706100,2026-02-21T03:46:11Z
MPC,2015-04-16,35.7,35.95,34.87,34.99,8823595,100,100.69,97.68,98,3150200,2026-02-21T03:46:11Z
MPC,2015-04-17,35.24,35.8,35.07,35.57,7316680,98.72,100.27,98.23,99.63,2612200,2026-02-21T03:46:11Z
MPC,2015-04-20,35.46,35.91,35.22,35.46,6264634,99.33,100.59,98.66,99.32,2236600,2026-02-21T03:46:11Z
MPC,2015-04-21,35.71,35.82,35.35,35.47,4501144,100.01,100.33,99.02,99.36,1607000,2026-02-21T03:46:11Z
MPC,2015-04-22,36.46,36.48,35.74,35.91,6277808,102.13,102.18,100.1,100.59,2241300,2026-02-21T03:46:11Z
MPC,2015-04-23,36.31,36.59,35.9,36.49,5059935,101.69,102.48,100.55,102.2,1806500,2026-02-21T03:46:11Z
MPC,2015-04-24,36.83,36.93,36.17,36.17,5902192,103.15,103.43,101.3,101.3,2107200,2026-02-21T03:46:11Z
MPC,2015-04-27,36.75,37.16,36.68,37.06,6861247,102.94,104.08,102.75,103.81,2449600,2026-02-21T03:46:11Z
MPC,2015-04-28,36.6,36.95,36.46,36.65,4426085,102.51,103.49,102.13,102.64,1580200,2026-02-21T03:46:11Z
MPC,2015-04-29,36.61,37.08,36.27,36.91,6780004,102.53,103.87,101.58,103.37,2420600,2026-02-21T03:46:11Z
MPC,2015-04-30,35.19,37.33,34.9,37.2,14089390,98.57,104.56,97.75,104.2,5030200,2026-02-21T03:46:11Z
MPC,2015-05-01,36.65,36.84,35.22,35.34,7980219,102.66,103.19,98.65,98.99,2849100,2026-02-21T03:46:11Z
MPC,2015-05-04,36.15,36.84,36.09,36.77,5729086,101.25,103.2,101.09,103,2045400,2026-02-21T03:46:11Z
MPC,2015-05-05,36.36,36.52,36.11,36.31,5389060,101.83,102.29,101.15,101.7,1924000,2026-02-21T03:46:11Z
MPC,2015-05-06,36.07,36.74,35.61,36.7,6861512,101.02,102.92,99.75,102.79,2449700,2026-02-21T03:46:11Z
MPC,2015-05-07,36.66,36.94,35.68,36.06,6660128,102.69,103.47,99.94,101,2377800,2026-02-21T03:46:11Z
MPC,2015-05-08,37.44,37.67,36.31,36.79,7269892,104.88,105.52,101.7,103.04,2595500,2026-02-21T03:46:11Z
MPC,2015-05-11,36.52,37.89,36.21,37.85,6291805,102.28,106.14,101.43,106.02,2246300,2026-02-21T03:46:11Z
MPC,2015-05-12,36.18,36.49,35.92,36.45,5081511,101.33,102.2,100.62,102.08,1814200,2026-02-21T03:46:11Z
MPC,2015-05-13,36.52,36.66,36.21,36.42,4200885,102.28,102.69,101.43,102.02,1499800,2026-02-21T03:46:11Z
MPC,2015-05-14,37.38,37.48,36.62,36.67,5242837,104.71,104.97,102.57,102.7,1871800,2026-02-21T03:46:11Z
MPC,2015-05-15,36.93,37.35,36.58,37.33,4480423,103.45,104.61,102.45,104.56,1599600,2026-02-21T03:46:11Z
MPC,2015-05-18,37.41,37.48,36.75,37.04,3578773,104.27,104.48,102.43,103.25,1283900,2026-02-21T03:46:11Z
MPC,2015-05-19,37.4,37.49,36.89,37.09,4797993,104.26,104.49,102.82,103.39,1721300,2026-02-21T03:46:11Z
MPC,2015-05-20,37.43,37.65,37.12,37.58,4966078,104.33,104.95,103.48,104.76,1781600,2026-02-21T03:46:11Z
MPC,2015-05-21,37.19,37.61,37.14,37.42,5867815,103.66,104.84,103.52,104.3,2105100,2026-02-21T03:46:11Z
MPC,2015-05-22,36.98,37.51,36.91,37.05,6045919,103.08,104.56,102.87,103.28,2169000,2026-02-21T03:46:11Z
MPC,2015-05-26,36.03,36.94,35.76,36.84,9021237,100.44,102.98,99.69,102.7,3236400,2026-02-21T03:46:11Z
MPC,2015-05-27,36.22,36.66,35.98,36.38,6535677,100.96,102.19,100.29,101.41,2344700,2026-02-21T03:46:11Z
MPC,2015-05-28,36.87,36.98,36.01,36.2,5091238,102.77,103.08,100.36,100.91,1826500,2026-02-21T03:46:11Z
MPC,2015-05-29,37.12,37.67,36.77,37.09,7853569,103.46,105,102.49,103.38,2817500,2026-02-21T03:46:11Z
MPC,2015-06-01,37.15,37.63,37.01,37.01,6540132,103.55,104.9,103.16,103.16,2346300,2026-02-21T03:46:11Z
MPC,2015-06-02,36.96,37.23,36.56,37.09,5364403,103.03,103.78,101.9,103.4,1924500,2026-02-21T03:46:11Z
MPC,2015-06-03,36.66,37.02,36.46,36.82,7202141,102.2,103.19,101.64,102.63,2583800,2026-02-21T03:46:11Z
MPC,2015-06-04,35.99,36.59,35.86,36.5,8423875,100.33,101.98,99.96,101.74,3022100,2026-02-21T03:46:11Z
MPC,2015-06-05,36.21,36.41,35.86,35.89,8103057,100.92,101.5,99.96,100.05,2907000,2026-02-21T03:46:11Z
MPC,2015-06-08,36.04,36.65,35.98,36.17,4239119,100.46,102.15,100.28,100.81,1520800,2026-02-21T03:46:11Z
