ticker,tradeDate,clsPx,hiPx,loPx,open,stockVolume,unadjClsPx,unadjHiPx,unadjLoPx,unadjOpen,unadjStockVolume,updatedAt
MRK,2006-01-03,16.02,16.08,15.56,15.9,23776466,32.75,32.87,31.81,32.52,11627600,2025-12-19T03:47:27Z
MRK,2006-01-04,16.2,16.24,16.02,16.02,25656948,33.13,33.2,32.75,32.75,12547200,2025-12-19T03:47:27Z
MRK,2006-01-05,16.23,16.33,15.89,16.1,31967826,33.18,33.39,32.5,32.92,15633500,2025-12-19T03:47:27Z
MRK,2006-01-06,16.2,16.31,16.08,16.18,19074721,33.12,33.36,32.87,33.09,9328300,2025-12-19T03:47:27Z
MRK,2006-01-09,16.46,16.46,16.02,16.25,32591778,33.66,33.66,32.75,33.22,15938600,2025-12-19T03:47:27Z
MRK,2006-01-10,16.3,16.36,16.2,16.36,18363328,33.33,33.45,33.13,33.45,8980400,2025-12-19T03:47:27Z
MRK,2006-01-11,16.36,16.43,16.29,16.38,19527535,33.46,33.59,33.31,33.49,9549700,2025-12-19T03:47:27Z
MRK,2006-01-12,16.37,16.42,16.31,16.41,14617671,33.48,33.58,33.35,33.56,7148600,2025-12-19T03:47:27Z
MRK,2006-01-13,16.37,16.49,16.31,16.4,14478223,33.47,33.72,33.35,33.53,7080400,2025-12-19T03:47:27Z
MRK,2006-01-17,16.24,16.46,16.14,16.19,20976017,33.21,33.65,33.01,33.11,10258100,2025-12-19T03:47:27Z
MRK,2006-01-18,16.15,16.34,16.11,16.2,18728225,33.03,33.42,32.95,33.12,9158800,2025-12-19T03:47:27Z
MRK,2006-01-19,16.29,16.45,16.25,16.31,19062668,33.32,33.63,33.22,33.36,9322400,2025-12-19T03:47:27Z
MRK,2006-01-20,16.26,16.35,16.14,16.3,20733579,33.25,33.43,33.01,33.32,10139500,2025-12-19T03:47:27Z
MRK,2006-01-23,16.06,16.24,16.02,16.21,15887741,32.83,33.21,32.76,33.14,7769700,2025-12-19T03:47:27Z
MRK,2006-01-24,16.03,16.14,15.95,16.01,15767860,32.78,33.01,32.61,32.73,7711100,2025-12-19T03:47:27Z
MRK,2006-01-25,16.23,16.26,15.92,15.99,16608701,33.19,33.24,32.55,32.7,8122300,2025-12-19T03:47:27Z
MRK,2006-01-26,16.6,16.65,16.3,16.31,22646829,33.95,34.05,33.32,33.34,11075200,2025-12-19T03:47:27Z
MRK,2006-01-27,16.97,17.04,16.49,16.53,22389489,34.7,34.85,33.71,33.8,10949300,2025-12-19T03:47:27Z
MRK,2006-01-30,16.85,16.95,16.66,16.83,20563165,34.46,34.65,34.06,34.41,10056200,2025-12-19T03:47:27Z
MRK,2006-01-31,16.87,17.06,16.82,17.05,30633223,34.5,34.88,34.39,34.87,14980800,2025-12-19T03:47:27Z
MRK,2006-02-01,16.95,16.99,16.73,16.76,17833947,34.66,34.74,34.2,34.27,8721500,2025-12-19T03:47:27Z
MRK,2006-02-02,16.54,16.98,16.48,16.9,21798667,33.82,34.73,33.7,34.55,10660400,2025-12-19T03:47:27Z
MRK,2006-02-03,16.82,16.94,16.54,16.87,21287731,34.39,34.64,33.82,34.5,10410500,2025-12-19T03:47:27Z
MRK,2006-02-06,16.54,16.77,16.5,16.75,13823632,33.83,34.29,33.74,34.24,6760300,2025-12-19T03:47:27Z
MRK,2006-02-07,16.48,16.82,16.41,16.48,13796669,33.69,34.4,33.56,33.7,6747100,2025-12-19T03:47:27Z
MRK,2006-02-08,16.77,16.86,16.45,16.58,19116115,34.29,34.48,33.64,33.9,9348500,2025-12-19T03:47:27Z
MRK,2006-02-09,16.79,16.97,16.77,16.86,17604729,34.34,34.7,34.3,34.48,8609400,2025-12-19T03:47:27Z
MRK,2006-02-10,16.78,16.82,16.46,16.48,14811522,34.31,34.4,33.66,33.7,7243400,2025-12-19T03:47:27Z
MRK,2006-02-13,16.78,16.97,16.69,16.78,11703994,34.31,34.69,34.13,34.32,5723700,2025-12-19T03:47:27Z
MRK,2006-02-14,16.95,16.98,16.8,16.88,13551256,34.67,34.72,34.35,34.51,6627100,2025-12-19T03:47:27Z
MRK,2006-02-15,17.26,17.26,16.91,16.91,26167013,35.29,35.3,34.58,34.58,12796700,2025-12-19T03:47:27Z
MRK,2006-02-16,17.6,17.65,17.11,17.12,25200272,35.98,36.08,34.98,35,12323900,2025-12-19T03:47:27Z
MRK,2006-02-17,17.63,17.64,17.37,17.6,24010838,36.05,36.06,35.52,35.98,11742200,2025-12-19T03:47:27Z
MRK,2006-02-21,17.4,17.92,17.35,17.86,20084080,35.59,36.65,35.47,36.52,9821900,2025-12-19T03:47:27Z
MRK,2006-02-22,17.57,17.73,17.36,17.51,24502927,35.92,36.25,35.5,35.81,11982900,2025-12-19T03:47:27Z
MRK,2006-02-23,17.32,17.46,17.26,17.39,21503974,35.41,35.7,35.29,35.55,10516300,2025-12-19T03:47:27Z
MRK,2006-02-24,17.17,17.38,17.12,17.38,13352284,35.1,35.54,35,35.54,6529800,2025-12-19T03:47:27Z
MRK,2006-02-27,17.29,17.41,17.13,17.13,16643885,35.36,35.59,35.02,35.02,8139500,2025-12-19T03:47:27Z
MRK,2006-02-28,17.05,17.26,17.05,17.16,17428262,34.86,35.29,34.86,35.09,8523100,2025-12-19T03:47:27Z
MRK,2006-03-01,17.1,17.29,16.97,17.14,15641700,34.96,35.36,34.71,35.05,7649400,2025-12-19T03:47:27Z
MRK,2006-03-02,17.18,17.24,16.97,16.99,18552153,35.12,35.26,34.71,34.75,9072700,2025-12-19T03:47:27Z
MRK,2006-03-03,17.21,17.32,16.99,17.09,13527333,35.19,35.42,34.75,34.94,6615400,2025-12-19T03:47:27Z
MRK,2006-03-06,17.1,17.29,17.02,17.17,16384380,34.96,35.35,34.8,35.11,8012600,2025-12-19T03:47:27Z
MRK,2006-03-07,17.07,17.12,16.96,17.1,11275215,34.9,35,34.68,34.96,5514000,2025-12-19T03:47:27Z
MRK,2006-03-08,17.15,17.23,16.98,17.11,11562966,34.68,34.85,34.34,34.6,5717000,2025-12-19T03:47:27Z
MRK,2006-03-09,17.06,17.13,17,17.09,10356134,34.51,34.65,34.39,34.57,5120300,2025-12-19T03:47:27Z
MRK,2006-03-10,17.19,17.29,17.06,17.18,11963874,34.76,34.96,34.5,34.75,5915200,2025-12-19T03:47:27Z
MRK,2006-03-13,17.4,17.48,17.18,17.2,16491334,35.2,35.35,34.75,34.78,8153700,2025-12-19T03:47:27Z
MRK,2006-03-14,17.35,17.53,17.28,17.35,12008171,35.1,35.46,34.95,35.1,5937100,2025-12-19T03:47:27Z
MRK,2006-03-15,17.38,17.44,17.25,17.31,10353894,35.16,35.27,34.88,35,5119200,2025-12-19T03:47:27Z
MRK,2006-03-16,17.44,17.56,17.29,17.31,12473358,35.28,35.51,34.96,35,6167100,2025-12-19T03:47:27Z
MRK,2006-03-17,17.62,17.65,17.48,17.54,17683880,35.64,35.69,35.35,35.47,8743300,2025-12-19T03:47:27Z
MRK,2006-03-20,17.63,17.77,17.51,17.57,11426466,35.66,35.93,35.42,35.54,5649500,2025-12-19T03:47:27Z
MRK,2006-03-21,17.74,17.89,17.62,17.73,14941086,35.89,36.18,35.64,35.86,7387200,2025-12-19T03:47:27Z
MRK,2006-03-22,17.91,17.96,17.58,17.58,12568621,36.23,36.32,35.55,35.55,6214200,2025-12-19T03:47:27Z
MRK,2006-03-23,17.9,18.05,17.76,17.85,11128940,36.2,36.5,35.91,36.1,5502400,2025-12-19T03:47:27Z
MRK,2006-03-24,17.82,17.96,17.8,17.86,10312452,36.05,36.32,36,36.12,5098700,2025-12-19T03:47:27Z
MRK,2006-03-27,17.81,17.92,17.7,17.76,11802860,36.02,36.25,35.8,35.91,5835600,2025-12-19T03:47:27Z
MRK,2006-03-28,17.63,17.87,17.56,17.82,12914708,35.65,36.15,35.51,36.04,6385300,2025-12-19T03:47:27Z
MRK,2006-03-29,17.7,17.84,17.58,17.67,16603838,35.8,36.08,35.56,35.73,8209300,2025-12-19T03:47:27Z
MRK,2006-03-30,17.61,17.87,17.41,17.66,14933571,35.61,36.14,35.22,35.72,7383500,2025-12-19T03:47:27Z
MRK,2006-03-31,17.42,17.76,17.32,17.69,17824031,35.23,35.92,35.03,35.77,8812600,2025-12-19T03:47:27Z
MRK,2006-04-03,17.51,17.61,17.46,17.54,20257776,35.41,35.61,35.31,35.47,10015900,2025-12-19T03:47:27Z
MRK,2006-04-04,17.54,17.75,17.51,17.68,18344845,35.48,35.9,35.41,35.75,9070100,2025-12-19T03:47:27Z
MRK,2006-04-05,17.79,17.84,17.48,17.49,18613096,35.99,36.09,35.36,35.38,9202700,2025-12-19T03:47:27Z
MRK,2006-04-06,17.23,17.33,16.94,17.12,42573253,34.84,35.04,34.26,34.62,21049200,2025-12-19T03:47:27Z
MRK,2006-04-07,17.04,17.2,16.96,17.06,22357657,34.47,34.79,34.3,34.5,11054100,2025-12-19T03:47:27Z
MRK,2006-04-10,17.02,17.2,16.98,17.01,15232943,34.42,34.79,34.35,34.41,7531500,2025-12-19T03:47:27Z
MRK,2006-04-11,16.84,17.35,16.71,17.02,27114511,34.06,35.1,33.79,34.42,13406000,2025-12-19T03:47:27Z
MRK,2006-04-12,16.74,16.83,16.62,16.76,16690786,33.85,34.03,33.62,33.9,8252300,2025-12-19T03:47:27Z
MRK,2006-04-13,16.78,16.81,16.64,16.64,11194877,33.94,34,33.65,33.65,5535000,2025-12-19T03:47:27Z
MRK,2006-04-17,16.71,16.78,16.59,16.76,10781859,33.8,33.94,33.55,33.9,5330800,2025-12-19T03:47:27Z
MRK,2006-04-18,17.05,17.05,16.67,16.68,18409745,34.48,34.49,33.72,33.73,9102200,2025-12-19T03:47:27Z
MRK,2006-04-19,17.01,17.2,16.92,17.03,12792930,34.4,34.78,34.22,34.45,6325100,2025-12-19T03:47:27Z
MRK,2006-04-20,17.3,17.43,17.07,17.12,16924177,35,35.26,34.52,34.62,8367700,2025-12-19T03:47:27Z
MRK,2006-04-21,17.18,17.4,16.93,17.4,23274881,34.74,35.19,34.25,35.19,11507600,2025-12-19T03:47:27Z
MRK,2006-04-24,16.99,17.18,16.87,16.97,13857784,34.37,34.74,34.12,34.32,6851600,2025-12-19T03:47:27Z
MRK,2006-04-25,16.93,17,16.76,16.95,11115005,34.24,34.39,33.9,34.29,5495500,2025-12-19T03:47:27Z
MRK,2006-04-26,16.97,17.21,16.91,16.96,13260910,34.32,34.8,34.21,34.3,6556500,2025-12-19T03:47:27Z
MRK,2006-04-27,17.11,17.27,16.81,16.81,13151923,34.6,34.94,34,34,6502600,2025-12-19T03:47:27Z
MRK,2006-04-28,17.02,17.16,16.9,17.02,14420883,34.42,34.7,34.18,34.42,7130000,2025-12-19T03:47:27Z
MRK,2006-05-01,16.93,17.23,16.84,17.14,15091367,34.24,34.85,34.05,34.67,7461500,2025-12-19T03:47:27Z
MRK,2006-05-02,17.05,17.09,16.81,16.93,12584166,34.48,34.56,33.99,34.24,6221900,2025-12-19T03:47:27Z
MRK,2006-05-03,16.88,17.15,16.84,17.06,15405878,34.15,34.68,34.06,34.5,7617000,2025-12-19T03:47:27Z
MRK,2006-05-04,16.96,17.01,16.85,16.85,12563775,34.31,34.4,34.08,34.08,6211800,2025-12-19T03:47:27Z
MRK,2006-05-05,17.05,17.08,16.83,17.03,14231339,34.48,34.55,34.04,34.44,7036300,2025-12-19T03:47:27Z
MRK,2006-05-08,17.03,17.2,16.93,17.19,12931694,34.45,34.79,34.25,34.77,6393700,2025-12-19T03:47:27Z
MRK,2006-05-09,17.02,17.27,16.97,17.03,17154020,34.43,34.94,34.33,34.45,8481300,2025-12-19T03:47:27Z
MRK,2006-05-10,17.14,17.31,16.96,17.03,16189822,34.67,35,34.3,34.44,8004600,2025-12-19T03:47:27Z
MRK,2006-05-11,17.06,17.25,17.01,17.11,14705051,34.51,34.89,34.41,34.61,7270500,2025-12-19T03:47:27Z
MRK,2006-05-12,16.95,17.22,16.9,17.05,16751916,34.29,34.83,34.18,34.48,8282500,2025-12-19T03:47:27Z
MRK,2006-05-15,17.15,17.44,16.95,17.07,20896518,34.69,35.28,34.29,34.53,10331700,2025-12-19T03:47:27Z
MRK,2006-05-16,17.36,17.5,17.21,17.23,18048550,35.12,35.4,34.8,34.85,8923600,2025-12-19T03:47:27Z
MRK,2006-05-17,16.98,17.56,16.9,17.31,30570335,34.34,35.51,34.18,35,15114600,2025-12-19T03:47:27Z
MRK,2006-05-18,17.37,17.47,17,17.08,31372879,35.13,35.34,34.38,34.54,15511400,2025-12-19T03:47:27Z
MRK,2006-05-19,17.02,17.43,16.88,17.43,28782706,34.42,35.25,34.13,35.25,14230800,2025-12-19T03:47:27Z
MRK,2006-05-22,17.01,17.11,16.96,16.97,25530360,34.41,34.61,34.3,34.32,12622800,2025-12-19T03:47:27Z
MRK,2006-05-23,17.03,17.11,16.82,16.99,23229942,34.44,34.6,34.01,34.36,11485400,2025-12-19T03:47:27Z
MRK,2006-05-24,16.78,17.12,16.76,16.93,22298335,33.94,34.63,33.89,34.25,11024800,2025-12-19T03:47:27Z
MRK,2006-05-25,17,17.03,16.81,16.81,22860392,34.39,34.44,34,34,11302700,2025-12-19T03:47:27Z
MRK,2006-05-26,17.09,17.32,17.04,17.05,19423111,34.56,35.03,34.47,34.48,9603200,2025-12-19T03:47:27Z
MRK,2006-05-30,16.39,17.12,16.39,16.96,33846283,33.14,34.63,33.14,34.31,16734300,2025-12-19T03:47:27Z
MRK,2006-05-31,16.65,16.68,16.38,16.51,25340284,33.29,33.34,32.75,33.01,12674100,2025-12-19T03:47:27Z
MRK,2006-06-01,16.91,16.92,16.68,16.76,25067537,33.8,33.82,33.36,33.51,12537700,2025-12-19T03:47:27Z
MRK,2006-06-02,16.98,17.13,16.76,16.83,13346832,33.95,34.24,33.5,33.65,6675500,2025-12-19T03:47:27Z
MRK,2006-06-05,16.74,17.02,16.71,16.93,10395508,33.47,34.03,33.41,33.85,5199400,2025-12-19T03:47:27Z
MRK,2006-06-06,16.96,16.98,16.7,16.86,16807146,33.9,33.95,33.4,33.7,8406200,2025-12-19T03:47:27Z
MRK,2006-06-07,16.99,17.26,16.98,17.05,17667683,33.96,34.51,33.94,34.08,8836600,2025-12-19T03:47:27Z
MRK,2006-06-08,16.99,17.27,16.74,16.97,28310568,33.97,34.54,33.46,33.92,14159700,2025-12-19T03:47:27Z
MRK,2006-06-09,16.91,17.08,16.89,17.01,14973106,33.81,34.15,33.76,34,7488900,2025-12-19T03:47:27Z
MRK,2006-06-12,16.69,17.07,16.68,17.04,13096517,33.37,34.13,33.36,34.06,6550300,2025-12-19T03:47:27Z
MRK,2006-06-13,16.84,17.04,16.59,16.81,21581004,33.66,34.07,33.16,33.61,10793900,2025-12-19T03:47:27Z
MRK,2006-06-14,16.75,16.88,16.57,16.79,14182312,33.49,33.74,33.12,33.56,7093400,2025-12-19T03:47:27Z
MRK,2006-06-15,17.17,17.22,16.74,16.79,20964604,34.33,34.43,33.46,33.56,10485600,2025-12-19T03:47:27Z
MRK,2006-06-16,17.21,17.38,17.05,17.2,18999437,34.41,34.75,34.09,34.4,9502700,2025-12-19T03:47:27Z
MRK,2006-06-19,17.24,17.39,17.2,17.25,16683971,34.46,34.77,34.4,34.49,8344600,2025-12-19T03:47:27Z
MRK,2006-06-20,17.47,17.52,17.26,17.32,18425594,34.92,35.02,34.5,34.62,9215700,2025-12-19T03:47:27Z
MRK,2006-06-21,17.64,17.73,17.45,17.47,17876626,35.27,35.45,34.89,34.92,8941100,2025-12-19T03:47:27Z
MRK,2006-06-22,17.63,17.83,17.53,17.6,18120344,35.25,35.65,35.05,35.18,9063000,2025-12-19T03:47:27Z
MRK,2006-06-23,17.48,17.54,17.36,17.53,14329488,34.94,35.07,34.71,35.04,7167000,2025-12-19T03:47:27Z
MRK,2006-06-26,17.52,17.74,17.36,17.56,15418357,35.02,35.46,34.7,35.1,7711600,2025-12-19T03:47:27Z
MRK,2006-06-27,17.36,17.5,17.31,17.46,12526702,34.71,34.98,34.61,34.9,6265300,2025-12-19T03:47:27Z
MRK,2006-06-28,17.56,17.68,17.47,17.5,16555411,35.1,35.35,34.92,34.99,8280300,2025-12-19T03:47:27Z
MRK,2006-06-29,17.95,18.01,17.58,17.6,20488206,35.89,36,35.15,35.18,10247300,2025-12-19T03:47:27Z
MRK,2006-06-30,18.22,18.43,18.01,18.04,25675366,36.43,36.84,36.01,36.07,12841700,2025-12-19T03:47:27Z
MRK,2006-07-03,18.32,18.47,18.24,18.46,17480556,36.62,36.93,36.46,36.9,8743000,2025-12-19T03:47:27Z
MRK,2006-07-05,18.35,18.46,18.26,18.33,17213157,36.69,36.91,36.51,36.64,8609300,2025-12-19T03:47:27Z
MRK,2006-07-06,18.34,18.48,18.26,18.36,19614592,36.66,36.95,36.5,36.7,9810400,2025-12-19T03:47:27Z
MRK,2006-07-07,18.49,18.51,18.18,18.36,20007722,36.97,37,36.34,36.7,10007000,2025-12-19T03:47:27Z
MRK,2006-07-10,18.42,18.65,18.42,18.51,16960057,36.82,37.29,36.82,37,8482700,2025-12-19T03:47:27Z
MRK,2006-07-11,18.64,18.68,18.28,18.51,18377181,37.27,37.34,36.54,37,9191500,2025-12-19T03:47:27Z
MRK,2006-07-12,18.36,18.7,18.24,18.6,14793923,36.7,37.39,36.47,37.18,7399300,2025-12-19T03:47:27Z
MRK,2006-07-13,18.48,18.53,17.51,18.26,41784479,36.94,37.05,35,36.5,20898800,2025-12-19T03:47:27Z
MRK,2006-07-14,18.08,18.54,17.89,18.48,20855624,36.15,37.06,35.76,36.94,10431100,2025-12-19T03:47:27Z
MRK,2006-07-17,18.19,18.26,17.95,18.08,13802272,36.37,36.5,35.89,36.15,6903300,2025-12-19T03:47:27Z
MRK,2006-07-18,18.35,18.48,18.14,18.19,14948273,36.69,36.94,36.27,36.37,7476500,2025-12-19T03:47:27Z
MRK,2006-07-19,18.67,18.82,18.28,18.43,29647225,37.32,37.63,36.55,36.85,14828300,2025-12-19T03:47:27Z
MRK,2006-07-20,18.66,18.72,18.53,18.55,12832740,37.3,37.43,37.05,37.09,6418400,2025-12-19T03:47:27Z
MRK,2006-07-21,18.69,18.79,18.6,18.7,18755277,37.36,37.57,37.19,37.39,9380600,2025-12-19T03:47:27Z
MRK,2006-07-24,19.48,19.6,19.01,19.01,40072647,38.95,39.19,38,38,20042600,2025-12-19T03:47:27Z
MRK,2006-07-25,19.64,19.75,19.49,19.65,23550164,39.27,39.49,38.97,39.28,11778800,2025-12-19T03:47:27Z
MRK,2006-07-26,20.1,20.14,19.58,19.59,26736014,40.18,40.26,39.15,39.16,13372200,2025-12-19T03:47:27Z
MRK,2006-07-27,20.5,20.54,20.03,20.14,40653100,40.98,41.06,40.05,40.27,20332900,2025-12-19T03:47:27Z
MRK,2006-07-28,20.57,20.89,20.38,20.51,33041554,41.12,41.76,40.75,41,16526000,2025-12-19T03:47:27Z
MRK,2006-07-31,20.14,20.56,20.09,20.56,24560116,40.27,41.11,40.16,41.11,12283900,2025-12-19T03:47:27Z
MRK,2006-08-01,20.42,20.55,20.1,20.2,19714617,40.82,41.09,40.18,40.38,9860400,2025-12-19T03:47:27Z
MRK,2006-08-02,20.52,20.55,20.34,20.41,20491605,41.03,41.09,40.67,40.8,10249000,2025-12-19T03:47:27Z
MRK,2006-08-03,20.8,20.89,20.39,20.56,19875786,41.59,41.76,40.77,41.11,9941000,2025-12-19T03:47:27Z
MRK,2006-08-04,20.68,20.9,20.49,20.83,15428148,41.35,41.78,40.97,41.64,7716500,2025-12-19T03:47:27Z
MRK,2006-08-07,20.43,20.74,20.09,20.68,17134031,40.84,41.47,40.16,41.35,8569700,2025-12-19T03:47:27Z
MRK,2006-08-08,20.5,20.65,20.36,20.51,16482450,40.98,41.28,40.7,41.01,8243800,2025-12-19T03:47:27Z
MRK,2006-08-09,20.74,20.86,20.5,20.51,18782909,41.46,41.71,40.99,41,9394400,2025-12-19T03:47:27Z
MRK,2006-08-10,20.67,20.72,20.44,20.61,13363997,41.33,41.43,40.86,41.2,6684100,2025-12-19T03:47:27Z
MRK,2006-08-11,20.31,20.53,20.22,20.48,16853085,40.6,41.05,40.42,40.95,8429200,2025-12-19T03:47:27Z
MRK,2006-08-14,20.45,20.66,20.36,20.43,13452387,40.88,41.3,40.71,40.85,6728300,2025-12-19T03:47:27Z
MRK,2006-08-15,20.48,20.71,20.45,20.62,19201398,40.95,41.4,40.88,41.23,9603700,2025-12-19T03:47:27Z
MRK,2006-08-16,20.6,20.72,20.49,20.63,13723268,41.18,41.42,40.97,41.25,6863800,2025-12-19T03:47:27Z
MRK,2006-08-17,19.42,20.87,19.01,20.66,73136419,38.83,41.73,38,41.3,36579700,2025-12-19T03:47:27Z
MRK,2006-08-18,19.77,19.92,19.18,19.31,43634910,39.52,39.82,38.35,38.6,21824300,2025-12-19T03:47:27Z
MRK,2006-08-21,19.83,20.11,19.72,20.01,25064362,39.65,40.2,39.43,40,12536100,2025-12-19T03:47:27Z
MRK,2006-08-22,19.88,20.13,19.78,19.8,19476124,39.75,40.25,39.55,39.58,9741100,2025-12-19T03:47:27Z
MRK,2006-08-23,20.24,20.3,19.9,19.93,21577772,40.46,40.59,39.78,39.85,10792300,2025-12-19T03:47:27Z
MRK,2006-08-24,20.04,20.45,19.98,20.42,24022444,40.06,40.88,39.95,40.82,12015000,2025-12-19T03:47:27Z
MRK,2006-08-25,20.23,20.37,19.91,19.91,15813872,40.44,40.73,39.8,39.8,7909400,2025-12-19T03:47:27Z
MRK,2006-08-28,20.48,20.62,20.11,20.13,17761448,40.95,41.22,40.21,40.25,8883500,2025-12-19T03:47:27Z
MRK,2006-08-29,20.64,20.69,20.38,20.46,21235710,41.27,41.37,40.74,40.9,10621200,2025-12-19T03:47:27Z
MRK,2006-08-30,20.6,20.82,20.55,20.67,15544648,40.8,41.25,40.7,40.94,7847000,2025-12-19T03:47:27Z
MRK,2006-08-31,20.47,20.68,20.37,20.6,13703735,40.55,40.97,40.35,40.81,6917700,2025-12-19T03:47:27Z
MRK,2006-09-01,20.68,20.71,20.37,20.45,11336463,40.96,41.03,40.36,40.52,5722700,2025-12-19T03:47:27Z
MRK,2006-09-05,20.78,20.79,20.5,20.69,12673816,41.17,41.19,40.6,40.99,6397800,2025-12-19T03:47:27Z
MRK,2006-09-06,20.9,20.94,20.56,20.7,14884382,41.4,41.49,40.72,41.01,7513700,2025-12-19T03:47:27Z
MRK,2006-09-07,20.52,20.92,20.45,20.9,13732216,40.64,41.45,40.5,41.4,6932100,2025-12-19T03:47:27Z
MRK,2006-09-08,20.73,20.83,20.14,20.14,9779218,41.06,41.27,39.9,39.9,4936600,2025-12-19T03:47:27Z
MRK,2006-09-11,20.84,20.88,20.55,20.55,9859846,41.29,41.37,40.7,40.7,4977300,2025-12-19T03:47:27Z
MRK,2006-09-12,21.28,21.32,20.93,20.94,18254204,42.15,42.23,41.46,41.48,9214800,2025-12-19T03:47:27Z
MRK,2006-09-13,20.74,20.98,20.6,20.72,24648374,41.09,41.56,40.81,41.05,12442600,2025-12-19T03:47:27Z
MRK,2006-09-14,20.71,20.88,20.65,20.74,14852431,41.03,41.36,40.9,41.08,7497600,2025-12-19T03:47:27Z
MRK,2006-09-15,20.75,20.93,20.68,20.8,15291834,41.1,41.46,40.96,41.2,7719400,2025-12-19T03:47:27Z
MRK,2006-09-18,20.6,20.69,20.49,20.62,12908972,40.8,40.99,40.58,40.85,6516500,2025-12-19T03:47:27Z
MRK,2006-09-19,20.79,20.84,20.56,20.72,15458818,41.18,41.29,40.72,41.04,7803700,2025-12-19T03:47:27Z
MRK,2006-09-20,21.17,21.21,20.77,20.78,19113736,41.94,42.01,41.15,41.17,9648700,2025-12-19T03:47:27Z
MRK,2006-09-21,21.18,21.21,20.99,21.17,12992919,41.95,42.02,41.57,41.94,6558900,2025-12-19T03:47:27Z
MRK,2006-09-22,21.22,21.3,21.12,21.19,18689991,42.04,42.19,41.84,41.97,9434800,2025-12-19T03:47:27Z
MRK,2006-09-25,21.18,21.39,21.15,21.28,18877997,41.96,42.37,41.9,42.15,9529700,2025-12-19T03:47:27Z
MRK,2006-09-26,21.08,21.26,20.88,21.11,24961467,41.76,42.12,41.36,41.81,12600700,2025-12-19T03:47:27Z
MRK,2006-09-27,21.4,21.45,21.11,21.2,25116865,42.4,42.5,41.81,42,12679100,2025-12-19T03:47:27Z
MRK,2006-09-28,21.23,21.46,21.16,21.43,15062052,42.06,42.51,41.91,42.45,7603400,2025-12-19T03:47:27Z
MRK,2006-09-29,21.15,21.31,21.04,21.17,21533097,41.9,42.21,41.68,41.94,10870000,2025-12-19T03:47:27Z
MRK,2006-10-02,21.04,21.33,21.04,21.28,18160894,41.67,42.25,41.67,42.15,9167700,2025-12-19T03:47:27Z
MRK,2006-10-03,21.2,21.34,21.08,21.17,18604972,41.99,42.27,41.75,41.93,9391900,2025-12-19T03:47:27Z
MRK,2006-10-04,21.17,21.35,21.1,21.2,22283478,41.94,42.29,41.8,42,11248800,2025-12-19T03:47:27Z
MRK,2006-10-05,20.91,21.25,20.84,21.2,21001398,41.42,42.1,41.29,42,10601600,2025-12-19T03:47:27Z
MRK,2006-10-06,21.13,21.23,20.82,20.9,20285096,41.86,42.05,41.24,41.4,10240000,2025-12-19T03:47:27Z
MRK,2006-10-09,21.13,21.24,21.01,21.13,14565055,41.86,42.07,41.61,41.86,7352500,2025-12-19T03:47:27Z
MRK,2006-10-10,21.11,21.26,21.02,21.2,18512533,41.82,42.12,41.64,41.99,9345200,2025-12-19T03:47:27Z
MRK,2006-10-11,21.3,21.3,21.01,21.03,17089586,42.19,42.19,41.61,41.65,8626900,2025-12-19T03:47:27Z
MRK,2006-10-12,21.59,21.63,21.3,21.38,17009705,42.76,42.85,42.19,42.35,8586600,2025-12-19T03:47:27Z
MRK,2006-10-13,21.81,21.98,21.52,21.55,27188686,43.2,43.54,42.62,42.68,13725000,2025-12-19T03:47:27Z
MRK,2006-10-16,22.09,22.3,21.87,21.91,21882673,43.76,44.18,43.33,43.4,11046500,2025-12-19T03:47:27Z
MRK,2006-10-17,22.19,22.3,21.87,22.16,20152558,43.96,44.18,43.32,43.89,10173100,2025-12-19T03:47:27Z
MRK,2006-10-18,22.45,22.54,22.15,22.3,20066782,44.48,44.65,43.88,44.17,10129800,2025-12-19T03:47:27Z
MRK,2006-10-19,22.46,22.66,22.32,22.45,16263688,44.49,44.89,44.22,44.48,8210000,2025-12-19T03:47:27Z
MRK,2006-10-20,23.04,23.04,22.64,22.9,32114379,45.64,45.64,44.85,45.36,16211500,2025-12-19T03:47:27Z
MRK,2006-10-23,23.07,23.07,22.87,22.95,24055812,45.7,45.7,45.31,45.46,12143500,2025-12-19T03:47:27Z
MRK,2006-10-24,23.19,23.2,22.84,23.07,18943349,45.93,45.95,45.25,45.7,9562700,2025-12-19T03:47:27Z
MRK,2006-10-25,23.26,23.27,23.12,23.17,16744659,46.07,46.09,45.79,45.9,8452800,2025-12-19T03:47:27Z
MRK,2006-10-26,23.33,23.39,23.13,23.27,18394856,46.21,46.34,45.81,46.1,9285800,2025-12-19T03:47:27Z
MRK,2006-10-27,23.27,23.41,23.09,23.41,16048151,46.09,46.37,45.74,46.37,8101200,2025-12-19T03:47:27Z
MRK,2006-10-30,23.04,23.19,22.98,23.16,18440387,45.64,45.94,45.52,45.88,9308800,2025-12-19T03:47:27Z
MRK,2006-10-31,22.93,23.04,22.78,22.97,22860949,45.42,45.64,45.13,45.5,11540300,2025-12-19T03:47:27Z
MRK,2006-11-01,23.05,23.29,23,23.22,23965735,45.67,46.14,45.56,45.99,12098000,2025-12-19T03:47:27Z
MRK,2006-11-02,22.92,23.08,22.79,23.08,19151905,45.4,45.71,45.15,45.71,9668000,2025-12-19T03:47:27Z
MRK,2006-11-03,22.77,23.06,22.36,22.89,20182252,45.1,45.69,44.3,45.35,10188100,2025-12-19T03:47:27Z
MRK,2006-11-06,23.13,23.15,22.66,22.76,26667942,45.81,45.85,44.89,45.08,13462100,2025-12-19T03:47:27Z
MRK,2006-11-07,23.17,23.38,23.05,23.13,19452220,45.9,46.32,45.67,45.81,9819600,2025-12-19T03:47:27Z
MRK,2006-11-08,22.38,22.6,22.04,22.6,52398342,44.34,44.76,43.65,44.76,26451000,2025-12-19T03:47:27Z
MRK,2006-11-09,21.65,22.3,21.56,22.21,44799952,42.88,44.18,42.7,44,22615200,2025-12-19T03:47:27Z
MRK,2006-11-10,21.77,21.81,21.35,21.59,26429204,43.12,43.2,42.29,42.77,13341600,2025-12-19T03:47:27Z
MRK,2006-11-13,21.94,22.11,21.77,21.81,24059812,43.46,43.8,43.13,43.2,12145500,2025-12-19T03:47:27Z
MRK,2006-11-14,22.16,22.35,21.9,21.95,29637770,43.89,44.28,43.39,43.48,14961300,2025-12-19T03:47:27Z
MRK,2006-11-15,22.29,22.46,22.04,22.06,31269360,44.15,44.5,43.65,43.69,15784900,2025-12-19T03:47:27Z
MRK,2006-11-16,22.54,22.57,22.36,22.41,25012280,44.65,44.7,44.3,44.4,12626300,2025-12-19T03:47:27Z
MRK,2006-11-17,22.75,22.75,22.51,22.57,20214352,45.06,45.06,44.6,44.71,10204300,2025-12-19T03:47:27Z
MRK,2006-11-20,22.5,22.71,22.41,22.69,25866771,44.57,44.98,44.4,44.95,13057700,2025-12-19T03:47:27Z
MRK,2006-11-21,22.32,22.61,22.26,22.41,21638829,44.22,44.79,44.1,44.4,10923400,2025-12-19T03:47:27Z
MRK,2006-11-22,22.4,22.67,22.17,22.24,25566955,44.38,44.91,43.91,44.06,12906300,2025-12-19T03:47:27Z
MRK,2006-11-24,22.3,22.38,22.21,22.22,5425259,44.18,44.33,44,44.01,2738700,2025-12-19T03:47:27Z
MRK,2006-11-27,22.02,22.37,22,22.25,20247020,43.62,44.31,43.58,44.07,10220800,2025-12-19T03:47:27Z
MRK,2006-11-28,22.04,22.16,21.89,22.07,21118285,43.67,43.89,43.37,43.72,10660600,2025-12-19T03:47:27Z
MRK,2006-11-29,22.49,22.56,22.2,22.26,19237338,44.56,44.69,43.97,44.1,9711100,2025-12-19T03:47:27Z
MRK,2006-11-30,22.47,22.59,22.29,22.41,19072685,44.51,44.74,44.16,44.4,9628000,2025-12-19T03:47:27Z
MRK,2006-12-01,22.75,22.76,22.44,22.54,26873165,45.06,45.08,44.45,44.65,13565700,2025-12-19T03:47:27Z
MRK,2006-12-04,22.56,23.17,22.36,22.88,37090533,44.7,45.9,44.3,45.32,18723500,2025-12-19T03:47:27Z
MRK,2006-12-05,22.91,23.08,22.49,22.49,18858370,45.39,45.71,44.55,44.55,9519800,2025-12-19T03:47:27Z
MRK,2006-12-06,22.74,22.97,22.47,22.76,29111914,44.67,45.12,44.13,44.7,14819900,2025-12-19T03:47:27Z
MRK,2006-12-07,22.37,22.9,22.32,22.86,21712460,43.95,44.98,43.84,44.91,11053100,2025-12-19T03:47:27Z
MRK,2006-12-08,22.36,22.44,21.87,22.29,22324578,43.93,44.08,42.96,43.79,11364700,2025-12-19T03:47:27Z
MRK,2006-12-11,22.4,22.87,22.33,22.37,15362051,44.01,44.92,43.86,43.95,7820300,2025-12-19T03:47:27Z
MRK,2006-12-12,22.21,22.63,22.09,22.55,22507649,43.62,44.45,43.4,44.29,11457900,2025-12-19T03:47:27Z
MRK,2006-12-13,22.06,22.34,21.92,22.22,21175960,43.34,43.89,43.06,43.64,10780000,2025-12-19T03:47:27Z
MRK,2006-12-14,22.2,22.36,22.04,22.05,19092593,43.6,43.93,43.3,43.31,9719400,2025-12-19T03:47:27Z
MRK,2006-12-15,22.4,22.46,22.1,22.25,20222136,44,44.11,43.42,43.71,10294400,2025-12-19T03:47:27Z
MRK,2006-12-18,22.31,22.44,22.23,22.34,21182680,43.83,44.07,43.67,43.89,10783400,2025-12-19T03:47:27Z
MRK,2006-12-19,22.15,22.39,22.04,22.27,26127802,43.51,43.98,43.29,43.75,13300800,2025-12-19T03:47:27Z
MRK,2006-12-20,22.04,22.37,22.02,22.08,14546218,43.3,43.94,43.25,43.38,7405000,2025-12-19T03:47:27Z
MRK,2006-12-21,22.03,22.25,21.98,22.05,14145701,43.27,43.7,43.17,43.31,7201100,2025-12-19T03:47:27Z
MRK,2006-12-22,21.8,22.1,21.78,22.03,13368598,42.83,43.42,42.78,43.27,6805500,2025-12-19T03:47:27Z
MRK,2006-12-26,21.78,21.92,21.7,21.86,15686131,42.79,43.06,42.63,42.95,7985300,2025-12-19T03:47:27Z
MRK,2006-12-27,22.08,22.21,21.89,21.89,12657685,43.37,43.62,43,43,6443600,2025-12-19T03:47:27Z
MRK,2006-12-28,22.17,22.25,21.95,21.95,8265304,43.55,43.71,43.12,43.12,4207600,2025-12-19T03:47:27Z
MRK,2006-12-29,22.2,22.22,22,22.12,13065483,43.6,43.65,43.21,43.45,6651200,2025-12-19T03:47:27Z
MRK,2007-01-03,22.41,22.85,22.38,22.41,29504602,44.02,44.89,43.97,44.03,15019800,2025-12-19T03:47:27Z
MRK,2007-01-04,22.96,23.14,22.21,22.21,24591274,45.11,45.45,43.62,43.62,12518600,2025-12-19T03:47:27Z
MRK,2007-01-05,22.55,22.96,22.49,22.96,20935131,44.3,45.1,44.18,45.1,10657400,2025-12-19T03:47:27Z
MRK,2007-01-08,22.55,22.66,21.97,21.97,13842172,44.29,44.52,43.16,43.16,7046600,2025-12-19T03:47:27Z
MRK,2007-01-09,22.34,22.65,22.31,22.55,16939783,43.88,44.5,43.83,44.3,8623500,2025-12-19T03:47:27Z
MRK,2007-01-10,22.46,22.6,22.21,22.32,14899830,44.12,44.39,43.63,43.85,7585000,2025-12-19T03:47:27Z
MRK,2007-01-11,22.53,22.7,22.36,22.53,15093498,44.26,44.6,43.92,44.25,7683600,2025-12-19T03:47:27Z
MRK,2007-01-12,22.8,22.95,22.56,22.64,18505235,44.79,45.09,44.32,44.48,9420400,2025-12-19T03:47:27Z
MRK,2007-01-16,22.88,23,22.76,22.81,12334308,44.95,45.17,44.71,44.8,6279000,2025-12-19T03:47:27Z
MRK,2007-01-17,22.91,23.03,22.76,22.88,15080336,45.01,45.23,44.7,44.95,7676900,2025-12-19T03:47:27Z
MRK,2007-01-18,23.28,23.42,22.93,22.93,20849537,45.74,46.01,45.05,45.05,10613800,2025-12-19T03:47:27Z
MRK,2007-01-19,23.21,23.5,23.13,23.35,18574532,45.6,46.16,45.43,45.86,9455700,2025-12-19T03:47:27Z
MRK,2007-01-22,23.06,23.37,22.92,23.12,15918753,45.3,45.91,45.03,45.42,8103700,2025-12-19T03:47:27Z
MRK,2007-01-23,23.28,23.4,23.07,23.18,16391186,45.73,45.97,45.31,45.53,8344200,2025-12-19T03:47:27Z
MRK,2007-01-24,23.53,23.59,23.25,23.31,12241009,46.22,46.33,45.68,45.78,6231500,2025-12-19T03:47:27Z
MRK,2007-01-25,23.42,23.7,23.27,23.42,15899662,46,46.55,45.72,46.01,8094000,2025-12-19T03:47:27Z
MRK,2007-01-26,23.41,23.62,23.12,23.41,13857306,45.99,46.39,45.42,45.99,7054300,2025-12-19T03:47:27Z
MRK,2007-01-29,23.17,23.53,23.07,23.51,14590636,45.51,46.23,45.31,46.19,7427600,2025-12-19T03:47:27Z
MRK,2007-01-30,22.86,23.38,22.7,23.3,24541758,44.91,45.93,44.6,45.76,12493400,2025-12-19T03:47:27Z
MRK,2007-01-31,22.78,22.95,22.65,22.86,19510242,44.75,45.09,44.5,44.9,9932000,2025-12-19T03:47:27Z
MRK,2007-02-01,22.97,23.13,22.75,22.86,15627997,45.13,45.44,44.69,44.9,7955700,2025-12-19T03:47:27Z
MRK,2007-02-02,22.77,23.07,22.35,22.97,28863940,44.73,45.31,43.91,45.12,14693700,2025-12-19T03:47:27Z
MRK,2007-02-05,22.69,22.76,22.53,22.71,22002807,44.58,44.7,44.25,44.61,11200900,2025-12-19T03:47:27Z
MRK,2007-02-06,22.72,22.8,22.51,22.78,15527851,44.64,44.78,44.21,44.74,7904700,2025-12-19T03:47:27Z
MRK,2007-02-07,22.53,22.85,22.38,22.85,16997570,44.26,44.89,43.97,44.88,8652900,2025-12-19T03:47:27Z
MRK,2007-02-08,22.36,22.78,22.3,22.41,14231342,43.92,44.75,43.81,44.02,7244700,2025-12-19T03:47:27Z
MRK,2007-02-09,22.31,22.54,22.23,22.43,10793085,43.82,44.28,43.66,44.06,5494400,2025-12-19T03:47:27Z
MRK,2007-02-12,22.32,22.52,22.25,22.4,17389253,43.85,44.24,43.7,44,8852300,2025-12-19T03:47:27Z
MRK,2007-02-13,22.37,22.48,22.24,22.45,14023100,43.95,44.15,43.69,44.1,7138700,2025-12-19T03:47:27Z
MRK,2007-02-14,22.43,22.52,22.35,22.47,12884939,44.06,44.23,43.9,44.14,6559300,2025-12-19T03:47:27Z
MRK,2007-02-15,22.34,22.43,22.23,22.35,18755062,43.88,44.06,43.66,43.91,9547600,2025-12-19T03:47:27Z
MRK,2007-02-16,22.54,22.78,22.35,22.44,26986214,44.28,44.75,43.91,44.07,13737800,2025-12-19T03:47:27Z
MRK,2007-02-20,22.65,22.76,22.51,22.6,16508816,44.5,44.7,44.21,44.39,8404100,2025-12-19T03:47:27Z
MRK,2007-02-21,22.37,22.63,22.3,22.63,18500507,43.95,44.45,43.81,44.45,9418000,2025-12-19T03:47:27Z
MRK,2007-02-22,21.99,22.41,21.96,22.32,24357102,43.2,44.02,43.13,43.85,12399400,2025-12-19T03:47:27Z
MRK,2007-02-23,21.86,22,21.79,21.99,18383857,42.94,43.22,42.8,43.2,9358600,2025-12-19T03:47:27Z
MRK,2007-02-26,22.64,22.87,22.33,22.57,38060412,44.48,44.93,43.87,44.34,19375300,2025-12-19T03:47:27Z
MRK,2007-02-27,21.98,22.65,21.56,22.54,30375782,43.18,44.5,42.35,44.28,15463300,2025-12-19T03:47:27Z
MRK,2007-02-28,22.48,22.76,22.23,22.53,41011512,44.15,44.7,43.67,44.26,20877600,2025-12-19T03:47:27Z
MRK,2007-03-01,22.39,22.64,22.15,22.37,24754258,43.99,44.48,43.51,43.95,12601600,2025-12-19T03:47:27Z
MRK,2007-03-02,22.5,22.62,22.18,22.53,24803575,44.19,44.43,43.56,44.25,12626700,2025-12-19T03:47:27Z
MRK,2007-03-05,22.53,22.83,22.24,22.37,27328050,44.25,44.85,43.68,43.94,13911800,2025-12-19T03:47:27Z
MRK,2007-03-06,22.74,22.89,22.5,22.53,23443302,44.67,44.96,44.2,44.25,11934200,2025-12-19T03:47:27Z
MRK,2007-03-07,22.52,23.02,22.5,22.73,22624345,43.86,44.84,43.82,44.26,11616100,2025-12-19T03:47:27Z
MRK,2007-03-08,22.78,22.79,22.58,22.58,16306819,44.36,44.39,43.98,43.98,8372500,2025-12-19T03:47:27Z
MRK,2007-03-09,22.9,23.03,22.75,22.86,16108587,44.61,44.85,44.3,44.53,8270700,2025-12-19T03:47:27Z
MRK,2007-03-12,22.74,22.95,22.65,22.81,16070414,44.29,44.7,44.11,44.43,8251100,2025-12-19T03:47:27Z
MRK,2007-03-13,22.27,22.85,22.21,22.57,23993468,43.37,44.5,43.25,43.95,12319100,2025-12-19T03:47:27Z
MRK,2007-03-14,22.22,22.41,21.95,22.41,24026446,43.27,43.65,42.76,43.65,12336000,2025-12-19T03:47:27Z
MRK,2007-03-15,22.18,22.22,22.01,22.16,17885854,43.19,43.28,42.87,43.16,9183200,2025-12-19T03:47:27Z
MRK,2007-03-16,22.12,22.4,22.07,22.23,22438103,43.09,43.63,42.98,43.29,11520500,2025-12-19T03:47:27Z
MRK,2007-03-19,22.29,22.44,22.13,22.25,21479880,43.42,43.7,43.11,43.34,11028500,2025-12-19T03:47:27Z
MRK,2007-03-20,22.4,22.49,22.15,22.23,11545360,43.63,43.8,43.14,43.29,5927800,2025-12-19T03:47:27Z
MRK,2007-03-21,22.72,22.81,22.3,22.33,21934226,44.25,44.43,43.44,43.5,11261800,2025-12-19T03:47:27Z
MRK,2007-03-22,22.68,22.78,22.47,22.49,18110781,44.17,44.37,43.76,43.8,9298700,2025-12-19T03:47:27Z
MRK,2007-03-23,22.82,22.96,22.71,22.76,16327664,44.45,44.72,44.23,44.32,8383200,2025-12-19T03:47:27Z
MRK,2007-03-26,22.63,22.83,22.46,22.73,18746271,44.07,44.46,43.75,44.26,9625000,2025-12-19T03:47:27Z
MRK,2007-03-27,22.41,22.57,22.38,22.51,18170783,43.65,43.96,43.59,43.84,9329500,2025-12-19T03:47:27Z
MRK,2007-03-28,22.2,22.41,22.19,22.29,20638828,43.23,43.64,43.22,43.41,10596700,2025-12-19T03:47:27Z
MRK,2007-03-29,22.57,22.61,22.35,22.43,22706834,43.95,44.04,43.52,43.68,11658500,2025-12-19T03:47:27Z
MRK,2007-03-30,22.68,22.69,22.25,22.63,15291921,44.17,44.2,43.33,44.08,7851400,2025-12-19T03:47:27Z
MRK,2007-04-02,23.11,23.25,22.86,22.89,26133990,45.01,45.29,44.52,44.59,13418100,2025-12-19T03:47:27Z
MRK,2007-04-03,23.3,23.4,23.12,23.25,15324420,45.38,45.57,45.03,45.29,7868100,2025-12-19T03:47:27Z
MRK,2007-04-04,23.29,23.32,23.13,23.22,11518520,45.37,45.41,45.04,45.23,5914000,2025-12-19T03:47:27Z
MRK,2007-04-05,23.38,23.54,23.16,23.23,10951352,45.54,45.84,45.11,45.25,5622800,2025-12-19T03:47:27Z
MRK,2007-04-09,23.44,23.44,23.23,23.34,11825843,45.65,45.66,45.24,45.46,6071800,2025-12-19T03:47:27Z
MRK,2007-04-10,23.55,23.61,23.37,23.46,12821502,45.86,45.99,45.52,45.7,6583000,2025-12-19T03:47:27Z
MRK,2007-04-11,23.44,23.56,23.28,23.52,16441425,45.65,45.88,45.34,45.8,8441600,2025-12-19T03:47:27Z
MRK,2007-04-12,23.8,23.88,23.34,23.37,23019122,46.36,46.5,45.45,45.52,11818800,2025-12-19T03:47:27Z
MRK,2007-04-13,25.78,26.08,25.29,25.36,91016869,50.21,50.8,49.25,49.39,46731300,2025-12-19T03:47:27Z
MRK,2007-04-16,25.84,26,25.67,25.68,27984120,50.32,50.63,50,50.01,14368000,2025-12-19T03:47:27Z
MRK,2007-04-17,25.68,25.9,25.58,25.83,22766645,50.01,50.45,49.82,50.3,11689200,2025-12-19T03:47:27Z
MRK,2007-04-18,25.51,25.65,25.29,25.46,25999381,49.69,49.96,49.25,49.59,13349000,2025-12-19T03:47:27Z
MRK,2007-04-19,25.75,25.87,25.42,25.55,33359713,50.15,50.39,49.5,49.76,17128000,2025-12-19T03:47:27Z
MRK,2007-04-20,26.44,26.5,25.85,26.08,36382361,51.49,51.62,50.35,50.79,18680000,2025-12-19T03:47:27Z
MRK,2007-04-23,26.53,26.75,26.19,26.34,28706052,51.67,52.1,51,51.31,14738700,2025-12-19T03:47:27Z
MRK,2007-04-24,26.49,26.83,26.19,26.52,17383923,51.6,52.26,51.01,51.65,8925500,2025-12-19T03:47:27Z
MRK,2007-04-25,26.9,26.96,26.37,26.54,23516174,52.39,52.5,51.36,51.69,12074000,2025-12-19T03:47:27Z
MRK,2007-04-26,26.92,27.02,26.74,26.89,19954033,52.43,52.63,52.08,52.38,10245100,2025-12-19T03:47:27Z
MRK,2007-04-27,26.63,26.88,26.46,26.83,21817400,51.86,52.36,51.54,52.26,11201800,2025-12-19T03:47:27Z
MRK,2007-04-30,26.41,26.65,26.26,26.6,19994153,51.44,51.91,51.15,51.81,10265700,2025-12-19T03:47:27Z
MRK,2007-05-01,26.17,26.56,25.95,26.52,20871593,50.98,51.73,50.54,51.65,10716200,2025-12-19T03:47:27Z
MRK,2007-05-02,26.3,26.44,26.24,26.34,15627863,51.23,51.5,51.11,51.3,8023900,2025-12-19T03:47:27Z
MRK,2007-05-03,26.47,26.6,26.23,26.39,16082253,51.55,51.8,51.08,51.4,8257200,2025-12-19T03:47:27Z
MRK,2007-05-04,26.66,26.85,26.47,26.51,16912004,51.92,52.29,51.55,51.64,8683200,2025-12-19T03:47:27Z
MRK,2007-05-07,26.71,26.73,26.6,26.66,12980037,52.03,52.06,51.8,51.93,6664400,2025-12-19T03:47:27Z
MRK,2007-05-08,26.82,26.84,26.51,26.63,15364191,52.24,52.28,51.64,51.87,7888500,2025-12-19T03:47:27Z
MRK,2007-05-09,26.72,26.88,26.59,26.8,17378630,52.05,52.35,51.79,52.19,8922800,2025-12-19T03:47:27Z
MRK,2007-05-10,26.23,26.63,26.19,26.53,18196502,51.08,51.87,51,51.67,9342700,2025-12-19T03:47:27Z
MRK,2007-05-11,26.7,26.77,26.24,26.24,18852643,52,52.14,51.1,51.1,9679600,2025-12-19T03:47:27Z
MRK,2007-05-14,26.74,27.02,26.63,26.7,16090446,52.08,52.62,51.87,52,8261400,2025-12-19T03:47:27Z
MRK,2007-05-15,27.02,27.05,26.69,26.73,22839739,52.62,52.68,51.98,52.06,11726700,2025-12-19T03:47:27Z
MRK,2007-05-16,27.05,27.21,26.78,27.21,21149308,52.69,53,52.15,53,10858800,2025-12-19T03:47:27Z
MRK,2007-05-17,26.93,27.2,26.87,27.05,18014159,52.46,52.98,52.33,52.69,9249100,2025-12-19T03:47:27Z
MRK,2007-05-18,27.34,27.34,26.83,26.99,26763672,53.25,53.25,52.25,52.56,13741400,2025-12-19T03:47:27Z
MRK,2007-05-21,27.62,28.08,27.21,27.23,38383922,53.79,54.69,53,53.03,19707600,2025-12-19T03:47:27Z
MRK,2007-05-22,27.8,28.31,27.73,27.78,28348288,54.15,55.14,54,54.1,14555000,2025-12-19T03:47:27Z
MRK,2007-05-23,27.91,28.09,27.78,27.92,19790229,54.35,54.7,54.1,54.38,10161000,2025-12-19T03:47:27Z
MRK,2007-05-24,27.6,28.03,27.33,27.67,19694433,53.75,54.59,53.23,53.9,10111800,2025-12-19T03:47:27Z
MRK,2007-05-25,27.57,27.6,27.46,27.57,24618164,53.7,53.75,53.48,53.69,12639800,2025-12-19T03:47:27Z
MRK,2007-05-29,27.42,27.73,27.21,27.63,19371508,53.4,54.01,53,53.82,9946000,2025-12-19T03:47:27Z
MRK,2007-05-30,27.06,27.29,26.68,27.29,29189150,52.71,53.15,51.96,53.15,14986700,2025-12-19T03:47:27Z
MRK,2007-05-31,26.93,27.31,26.93,27.02,21874488,52.45,53.18,52.45,52.62,11231100,2025-12-19T03:47:27Z
MRK,2007-06-01,26.77,27.16,26.64,27.04,21652009,52.14,52.9,51.88,52.66,11116900,2025-12-19T03:47:27Z
MRK,2007-06-04,26.57,26.72,26.39,26.72,28469298,51.75,52.05,51.39,52.05,14617100,2025-12-19T03:47:27Z
MRK,2007-06-05,26.41,26.54,26.05,26.53,28487534,51.44,51.69,50.73,51.67,14626500,2025-12-19T03:47:27Z
MRK,2007-06-06,26.26,26.54,26.19,26.38,22616859,50.76,51.31,50.64,51,11698700,2025-12-19T03:47:27Z
MRK,2007-06-07,26.04,26.26,25.98,26.09,26150073,50.34,50.76,50.23,50.44,13526300,2025-12-19T03:47:27Z
MRK,2007-06-08,25.94,26.12,25.67,26.02,21927840,50.14,50.49,49.63,50.3,11342300,2025-12-19T03:47:27Z
MRK,2007-06-11,26.41,26.56,25.88,26.02,24063151,51.05,51.35,50.04,50.3,12446800,2025-12-19T03:47:27Z
MRK,2007-06-12,25.98,26.41,25.97,26.21,21824973,50.22,51.05,50.21,50.67,11289100,2025-12-19T03:47:27Z
MRK,2007-06-13,26.21,26.31,25.71,26.05,22250542,50.67,50.87,49.71,50.36,11509200,2025-12-19T03:47:27Z
MRK,2007-06-14,25.98,26.2,25.92,26.2,20246816,50.23,50.65,50.1,50.65,10472800,2025-12-19T03:47:27Z
MRK,2007-06-15,26.24,26.68,26.1,26.32,26446474,50.73,51.58,50.45,50.89,13679600,2025-12-19T03:47:27Z
MRK,2007-06-18,26.19,26.38,26.01,26.33,14428623,50.63,51,50.29,50.9,7463300,2025-12-19T03:47:27Z
MRK,2007-06-19,26.03,26.38,25.96,26.2,18407922,50.32,50.99,50.18,50.65,9521600,2025-12-19T03:47:27Z
MRK,2007-06-20,25.48,25.91,25.45,25.86,27137271,49.26,50.09,49.21,50,14036900,2025-12-19T03:47:27Z
MRK,2007-06-21,25.5,25.62,25.07,25.37,22856011,49.3,49.53,48.46,49.05,11822400,2025-12-19T03:47:27Z
MRK,2007-06-22,25.11,25.55,24.96,25.3,28041988,48.55,49.4,48.26,48.92,14504900,2025-12-19T03:47:27Z
MRK,2007-06-25,25,25.48,24.83,25.19,21715792,48.34,49.25,48,48.7,11232600,2025-12-19T03:47:27Z
MRK,2007-06-26,25.41,25.73,25.04,25.05,31145137,49.12,49.74,48.4,48.43,16110000,2025-12-19T03:47:27Z
MRK,2007-06-27,26.03,26.23,25.23,25.39,36562932,50.33,50.7,48.77,49.08,18912400,2025-12-19T03:47:27Z
MRK,2007-06-28,26.11,26.43,26.01,26.17,24659534,50.48,51.1,50.28,50.59,12755300,2025-12-19T03:47:27Z
MRK,2007-06-29,25.76,26.35,25.59,26.35,27907702,49.8,50.95,49.47,50.95,14435400,2025-12-19T03:47:27Z
MRK,2007-07-02,25.64,26.02,25.46,25.82,25405968,49.57,50.3,49.22,49.91,13141400,2025-12-19T03:47:27Z
MRK,2007-07-03,25.77,26,25.65,25.84,10062509,49.83,50.26,49.58,49.95,5204900,2025-12-19T03:47:27Z
MRK,2007-07-05,25.77,25.81,25.53,25.71,15663614,49.82,49.89,49.36,49.7,8102100,2025-12-19T03:47:27Z
MRK,2007-07-06,25.58,25.85,25.28,25.81,17854781,49.46,49.97,48.87,49.9,9235500,2025-12-19T03:47:27Z
MRK,2007-07-09,25.56,25.64,25.37,25.6,17748071,49.42,49.57,49.04,49.5,9180300,2025-12-19T03:47:27Z
MRK,2007-07-10,25.17,25.62,25.14,25.36,23773312,48.66,49.53,48.6,49.02,12296900,2025-12-19T03:47:27Z
MRK,2007-07-11,25.29,25.42,25.05,25.09,26741710,48.9,49.15,48.43,48.5,13832300,2025-12-19T03:47:27Z
MRK,2007-07-12,26.26,26.31,25.29,25.45,32253646,50.77,50.87,48.9,49.2,16683400,2025-12-19T03:47:27Z
MRK,2007-07-13,26.3,26.45,26.11,26.15,19601100,50.85,51.13,50.47,50.55,10138800,2025-12-19T03:47:27Z
MRK,2007-07-16,26.29,26.31,25.96,26.13,16236848,50.83,50.86,50.19,50.51,8398600,2025-12-19T03:47:27Z
MRK,2007-07-17,26,26.43,25.93,26.2,14933645,50.27,51.1,50.13,50.65,7724500,2025-12-19T03:47:27Z
MRK,2007-07-18,25.83,26.06,25.52,25.86,20577016,49.94,50.38,49.33,50,10643600,2025-12-19T03:47:27Z
MRK,2007-07-19,25.52,25.89,25.41,25.85,21846638,49.34,50.06,49.12,49.98,11300300,2025-12-19T03:47:27Z
MRK,2007-07-20,25.36,25.86,25.25,25.63,26479334,49.02,50,48.81,49.55,13696600,2025-12-19T03:47:27Z
MRK,2007-07-23,27.07,27.6,26.47,26.66,77231602,52.33,53.35,51.18,51.54,39948500,2025-12-19T03:47:27Z
MRK,2007-07-24,26.75,27.83,26.65,27.39,33064261,51.72,53.81,51.53,52.95,17102700,2025-12-19T03:47:27Z
MRK,2007-07-25,27.61,27.77,27,27.08,36720729,53.38,53.68,52.2,52.35,18994000,2025-12-19T03:47:27Z
MRK,2007-07-26,26.88,27.79,26.63,27.31,42207526,51.97,53.73,51.49,52.8,21832100,2025-12-19T03:47:27Z
MRK,2007-07-27,25.92,26.99,25.9,26.88,32232165,50.12,52.17,50.07,51.97,16672300,2025-12-19T03:47:27Z
MRK,2007-07-30,25.92,26.05,25.58,26.05,22363947,50.12,50.37,49.45,50.37,11567900,2025-12-19T03:47:27Z
MRK,2007-07-31,25.68,26.1,25.6,26.02,27804866,49.65,50.46,49.5,50.3,14382200,2025-12-19T03:47:27Z
MRK,2007-08-01,26.39,26.52,25.64,25.67,31844775,51.02,51.27,49.57,49.62,16471900,2025-12-19T03:47:27Z
MRK,2007-08-02,26.71,26.97,26.29,26.6,24418663,51.64,52.13,50.82,51.43,12630700,2025-12-19T03:47:27Z
MRK,2007-08-03,26.01,26.75,25.99,26.72,21670899,50.29,51.72,50.24,51.66,11209400,2025-12-19T03:47:27Z
MRK,2007-08-06,26.56,26.68,26.1,26.48,25321498,51.35,51.58,50.46,51.2,13097700,2025-12-19T03:47:27Z
MRK,2007-08-07,26.71,27.08,26.28,26.32,26130802,51.63,52.35,50.8,50.88,13516300,2025-12-19T03:47:27Z
MRK,2007-08-08,27.08,27.28,26.34,26.99,22100682,52.36,52.74,50.92,52.17,11431700,2025-12-19T03:47:27Z
MRK,2007-08-09,26.61,27.16,25.99,26.68,28588603,51.44,52.5,50.25,51.58,14787600,2025-12-19T03:47:27Z
MRK,2007-08-10,26.32,26.74,25.89,26.61,29588234,50.88,51.7,50.05,51.44,15304700,2025-12-19T03:47:27Z
MRK,2007-08-13,26.15,26.69,26.08,26.08,15603663,50.56,51.6,50.41,50.41,8071100,2025-12-19T03:47:27Z
MRK,2007-08-14,25.83,26.25,25.79,26.15,16382019,49.93,50.74,49.85,50.56,8473700,2025-12-19T03:47:27Z
MRK,2007-08-15,25.75,26.17,25.55,25.89,18839609,49.78,50.6,49.39,50.05,9744900,2025-12-19T03:47:27Z
MRK,2007-08-16,25.58,25.85,24.89,25.66,39225036,49.46,49.97,48.11,49.6,20289400,2025-12-19T03:47:27Z
MRK,2007-08-17,25.67,26,25.14,25.9,31747773,49.62,50.26,48.6,50.08,16421700,2025-12-19T03:47:27Z
MRK,2007-08-20,25.85,26.38,25.54,25.67,15690329,49.98,50.99,49.38,49.62,8115900,2025-12-19T03:47:27Z
MRK,2007-08-21,25.74,26.13,25.21,25.87,16079679,49.77,50.52,48.74,50.02,8317300,2025-12-19T03:47:27Z
MRK,2007-08-22,26.05,26.26,25.67,26,20736936,50.36,50.76,49.62,50.27,10726300,2025-12-19T03:47:27Z
MRK,2007-08-23,26.12,26.25,25.84,26.23,18980949,50.5,50.74,49.96,50.71,9818000,2025-12-19T03:47:27Z
MRK,2007-08-24,26.29,26.31,25.91,26,13817943,50.82,50.86,50.09,50.27,7147400,2025-12-19T03:47:27Z
MRK,2007-08-27,25.92,26.35,25.86,26.3,14776805,50.12,50.94,50,50.85,7643400,2025-12-19T03:47:27Z
MRK,2007-08-28,25.45,25.91,25.4,25.78,15123632,49.21,50.09,49.11,49.83,7822800,2025-12-19T03:47:27Z
MRK,2007-08-29,25.82,25.86,25.21,25.46,12173478,49.92,50,48.73,49.22,6296800,2025-12-19T03:47:27Z
MRK,2007-08-30,25.69,25.91,25.48,25.57,14202270,49.66,50.09,49.26,49.43,7346200,2025-12-19T03:47:27Z
MRK,2007-08-31,25.95,26.12,25.81,25.88,14176363,50.17,50.5,49.89,50.04,7332800,2025-12-19T03:47:27Z
MRK,2007-09-04,25.88,26.12,25.67,26.12,18455265,50.04,50.49,49.63,50.49,9546100,2025-12-19T03:47:27Z
MRK,2007-09-05,25.75,25.9,25.56,25.82,15573625,49.4,49.7,49.03,49.54,8117200,2025-12-19T03:47:27Z
MRK,2007-09-06,26.31,26.41,25.7,25.75,23858888,50.47,50.67,49.3,49.4,12435600,2025-12-19T03:47:27Z
MRK,2007-09-07,25.84,26.53,25.77,26.17,22283150,49.57,50.9,49.45,50.2,11614300,2025-12-19T03:47:27Z
MRK,2007-09-10,25.96,26.06,25.72,26.04,17069936,49.81,50,49.34,49.96,8897100,2025-12-19T03:47:27Z
MRK,2007-09-11,26.03,26.18,25.81,26.11,14656766,49.95,50.23,49.51,50.1,7639300,2025-12-19T03:47:27Z
MRK,2007-09-12,25.89,26.11,25.63,25.93,21817523,49.67,50.09,49.18,49.74,11371600,2025-12-19T03:47:27Z
MRK,2007-09-13,25.99,26.52,25.86,26.32,23548511,49.86,50.88,49.61,50.5,12273800,2025-12-19T03:47:27Z
MRK,2007-09-14,25.82,26,25.63,25.93,13956862,49.54,49.89,49.17,49.74,7274500,2025-12-19T03:47:27Z
MRK,2007-09-17,25.75,25.88,25.52,25.67,13184019,49.41,49.65,48.97,49.25,6871700,2025-12-19T03:47:27Z
MRK,2007-09-18,26.36,26.48,25.44,25.44,18684641,50.57,50.8,48.8,48.8,9738700,2025-12-19T03:47:27Z
MRK,2007-09-19,26.87,26.96,26.12,26.49,23683741,51.56,51.73,50.12,50.83,12344300,2025-12-19T03:47:27Z
MRK,2007-09-20,26.78,27.18,26.69,26.84,18130347,51.38,52.14,51.21,51.5,9449800,2025-12-19T03:47:27Z
MRK,2007-09-21,27.01,27.15,26.78,26.8,27311438,51.82,52.08,51.38,51.42,14235100,2025-12-19T03:47:27Z
MRK,2007-09-24,26.94,27.15,26.87,27.04,15791809,51.68,52.08,51.55,51.87,8230900,2025-12-19T03:47:27Z
MRK,2007-09-25,27.25,27.42,26.86,26.94,20321188,52.28,52.61,51.53,51.68,10591700,2025-12-19T03:47:27Z
MRK,2007-09-26,27.42,27.54,27.24,27.35,20287102,52.6,52.83,52.26,52.48,10573900,2025-12-19T03:47:27Z
MRK,2007-09-27,27.26,27.43,27.06,27.37,13024588,52.3,52.63,51.92,52.52,6788600,2025-12-19T03:47:27Z
MRK,2007-09-28,26.94,27.1,26.71,26.97,24357027,51.69,52,51.25,51.75,12695200,2025-12-19T03:47:27Z
MRK,2007-10-01,27.33,27.46,27,27.1,21318921,52.43,52.69,51.8,52,11111700,2025-12-19T03:47:27Z
MRK,2007-10-02,26.91,27.48,26.85,27.41,21055241,51.62,52.73,51.51,52.58,10974300,2025-12-19T03:47:27Z
MRK,2007-10-03,27.18,27.48,26.81,26.88,15872949,52.15,52.72,51.44,51.58,8273200,2025-12-19T03:47:27Z
MRK,2007-10-04,27.55,27.68,26.9,26.9,18520013,52.86,53.11,51.61,51.61,9652900,2025-12-19T03:47:27Z
MRK,2007-10-05,27.89,28.17,27.71,27.73,17032387,53.51,54.04,53.17,53.2,8877500,2025-12-19T03:47:27Z
MRK,2007-10-08,27.7,27.93,27.52,27.89,7708932,53.15,53.58,52.8,53.51,4018000,2025-12-19T03:47:27Z
MRK,2007-10-09,27.95,28.13,27.67,27.73,12191540,53.63,53.96,53.08,53.21,6354400,2025-12-19T03:47:27Z
MRK,2007-10-10,27.74,28.07,27.7,27.95,10912991,53.23,53.85,53.15,53.63,5688000,2025-12-19T03:47:27Z
MRK,2007-10-11,27.65,27.98,27.51,27.67,14302564,53.04,53.69,52.78,53.08,7454700,2025-12-19T03:47:27Z
MRK,2007-10-12,27.89,27.98,27.52,27.72,14985239,53.51,53.68,52.8,53.19,7810500,2025-12-19T03:47:27Z
MRK,2007-10-15,27.78,28.15,27.67,28.15,13568129,53.29,54,53.09,54,7071900,2025-12-19T03:47:27Z
MRK,2007-10-16,27.64,27.79,27.46,27.72,15586100,53.03,53.31,52.68,53.18,8123700,2025-12-19T03:47:27Z
MRK,2007-10-17,27.84,27.89,27.51,27.76,20730485,53.42,53.5,52.77,53.25,10805000,2025-12-19T03:47:27Z
MRK,2007-10-18,27.83,27.96,27.62,27.62,13006564,53.39,53.65,52.99,53,6779200,2025-12-19T03:47:27Z
MRK,2007-10-19,27.68,28.27,27.6,27.68,27779161,53.11,54.24,52.95,53.11,14478900,2025-12-19T03:47:27Z
MRK,2007-10-22,28.48,28.64,27.52,27.97,37200311,54.64,54.95,52.79,53.67,19389300,2025-12-19T03:47:27Z
MRK,2007-10-23,29.38,29.41,28.15,28.59,36082516,56.36,56.43,54,54.85,18806700,2025-12-19T03:47:27Z
MRK,2007-10-24,29.29,29.58,29.05,29.38,33275230,56.2,56.75,55.74,56.36,17343500,2025-12-19T03:47:27Z
MRK,2007-10-25,29.74,29.84,29.17,29.29,24372307,57.06,57.25,55.97,56.2,12703200,2025-12-19T03:47:27Z
MRK,2007-10-26,30.01,30.15,29.71,29.75,21594971,57.58,57.85,57,57.07,11255600,2025-12-19T03:47:27Z
MRK,2007-10-29,30.11,30.32,29.87,30.05,25396697,57.77,58.17,57.31,57.66,13237100,2025-12-19T03:47:27Z
MRK,2007-10-30,30.16,30.31,30.02,30.13,19518113,57.86,58.15,57.59,57.8,10173100,2025-12-19T03:47:27Z
MRK,2007-10-31,30.37,30.37,29.84,30.08,21264220,58.26,58.26,57.25,57.71,11083200,2025-12-19T03:47:27Z
MRK,2007-11-01,29.9,30.42,29.81,30.17,23149060,57.36,58.36,57.19,57.88,12065600,2025-12-19T03:47:27Z
MRK,2007-11-02,29.21,30.25,28.96,30.25,32307305,56.04,58.04,55.57,58.04,16839000,2025-12-19T03:47:27Z
MRK,2007-11-05,29.15,29.63,28.67,29.09,22584771,55.93,56.85,55,55.82,11771500,2025-12-19T03:47:27Z
MRK,2007-11-06,29.18,29.33,29.02,29.18,17951535,55.99,56.27,55.68,55.98,9356600,2025-12-19T03:47:27Z
MRK,2007-11-07,28.25,29.15,28.21,28.79,25790941,54.2,55.93,54.13,55.24,13442600,2025-12-19T03:47:27Z
MRK,2007-11-08,28.55,28.75,28.18,28.39,34405628,54.77,55.15,54.06,54.46,17932700,2025-12-19T03:47:27Z
MRK,2007-11-09,29.14,30.1,28.94,28.94,48668814,55.9,57.74,55.52,55.52,25366900,2025-12-19T03:47:27Z
MRK,2007-11-12,29.18,29.54,28.84,29.14,20729854,55.99,56.67,55.33,55.91,10804700,2025-12-19T03:47:27Z
MRK,2007-11-13,29.96,29.99,29.18,29.41,30267791,57.49,57.53,55.99,56.42,15776000,2025-12-19T03:47:27Z
MRK,2007-11-14,29.87,30.06,29.45,29.45,20134314,57.3,57.68,56.5,56.5,10494300,2025-12-19T03:47:27Z
MRK,2007-11-15,30.19,30.69,29.63,29.69,30287957,57.92,58.89,56.84,56.96,15786500,2025-12-19T03:47:27Z
MRK,2007-11-16,30.43,30.45,29.77,30.45,25014848,58.38,58.43,57.12,58.43,13038100,2025-12-19T03:47:27Z
MRK,2007-11-19,30.36,30.54,30.12,30.18,26085074,58.25,58.6,57.79,57.9,13595900,2025-12-19T03:47:27Z
MRK,2007-11-20,30.19,30.44,29.89,30.35,27419652,57.92,58.4,57.34,58.23,14291500,2025-12-19T03:47:27Z
MRK,2007-11-21,29.46,30,28.94,29.88,25320900,56.52,57.55,55.53,57.33,13197600,2025-12-19T03:47:27Z
MRK,2007-11-23,30.05,30.17,29.59,29.59,12889523,57.66,57.89,56.78,56.78,6718200,2025-12-19T03:47:27Z
MRK,2007-11-26,30.02,30.45,29.62,30.05,29219104,57.59,58.42,56.82,57.65,15229400,2025-12-19T03:47:27Z
MRK,2007-11-27,30.72,31.27,29.9,29.9,35008136,58.94,60,57.37,57.37,18246700,2025-12-19T03:47:27Z
MRK,2007-11-28,31.25,31.28,30.66,30.89,37068638,59.96,60.01,58.83,59.26,19320700,2025-12-19T03:47:27Z
MRK,2007-11-29,31.23,31.42,30.95,31.17,23370470,59.92,60.29,59.37,59.8,12181000,2025-12-19T03:47:27Z
MRK,2007-11-30,30.94,31.53,30.73,31.38,35523368,59.36,60.49,58.95,60.2,18515300,2025-12-19T03:47:27Z
MRK,2007-12-03,30.63,31.01,30.56,30.63,18127707,58.77,59.49,58.64,58.76,9448400,2025-12-19T03:47:27Z
MRK,2007-12-04,30.43,30.81,29.48,29.91,36839358,58.39,59.12,56.56,57.39,19201200,2025-12-19T03:47:27Z
MRK,2007-12-05,31.16,31.28,30.37,30.67,20795118,59.4,59.63,57.89,58.45,10909700,2025-12-19T03:47:27Z
MRK,2007-12-06,31.22,31.45,30.96,31.36,19049858,59.5,59.95,59.01,59.78,9994100,2025-12-19T03:47:27Z
MRK,2007-12-07,31.83,32.05,31.08,31.21,22728279,60.67,61.09,59.25,59.49,11923900,2025-12-19T03:47:27Z
MRK,2007-12-10,31.88,31.99,31.44,31.83,21717894,60.77,60.98,59.92,60.67,11393800,2025-12-19T03:47:27Z
MRK,2007-12-11,31.69,32.17,31.55,32,23599413,60.4,61.31,60.13,60.99,12380900,2025-12-19T03:47:27Z
MRK,2007-12-12,31.33,32.33,31,32,40968629,59.72,61.62,59.08,61,21493300,2025-12-19T03:47:27Z
MRK,2007-12-13,31.37,31.44,30.81,31.12,17101265,59.79,59.92,58.73,59.31,8971800,2025-12-19T03:47:27Z
MRK,2007-12-14,31.25,31.48,31.02,31.22,17600275,59.57,60,59.13,59.5,9233600,2025-12-19T03:47:27Z
MRK,2007-12-17,31.21,31.79,31.17,31.53,23988441,59.49,60.59,59.42,60.09,12585000,2025-12-19T03:47:27Z
MRK,2007-12-18,31.34,31.49,31.12,31.37,18688087,59.74,60.03,59.32,59.8,9804300,2025-12-19T03:47:27Z
MRK,2007-12-19,31.13,31.48,30.97,31.28,15330685,59.34,60,59.03,59.63,8042900,2025-12-19T03:47:27Z
MRK,2007-12-20,30.71,31.46,30.6,31.42,22262647,58.54,59.96,58.32,59.88,11679600,2025-12-19T03:47:27Z
MRK,2007-12-21,31.03,31.39,30.29,31.13,44143394,59.15,59.84,57.73,59.34,23158900,2025-12-19T03:47:27Z
MRK,2007-12-24,31.34,31.46,30.99,30.99,8145004,59.74,59.96,59.06,59.06,4273100,2025-12-19T03:47:27Z
MRK,2007-12-26,31.17,31.32,30.96,31.06,16079962,59.42,59.7,59.01,59.21,8436000,2025-12-19T03:47:27Z
MRK,2007-12-27,30.73,31.06,30.67,31.01,13458661,58.57,59.2,58.46,59.11,7060800,2025-12-19T03:47:27Z
MRK,2007-12-28,30.8,30.94,30.44,30.44,13602594,58.71,58.97,58.02,58.02,7136300,2025-12-19T03:47:27Z
MRK,2007-12-31,30.49,30.84,30.48,30.61,15435335,58.11,58.79,58.1,58.35,8097800,2025-12-19T03:47:27Z
MRK,2008-01-02,30.1,30.7,29.96,30.51,22348030,57.37,58.51,57.1,58.15,11724400,2025-12-19T03:47:27Z
MRK,2008-01-03,30.07,30.4,29.96,30.14,16064133,57.32,57.94,57.1,57.45,8427700,2025-12-19T03:47:27Z
MRK,2008-01-04,29.83,30.14,29.77,29.84,19042063,56.85,57.45,56.75,56.87,9990000,2025-12-19T03:47:27Z
MRK,2008-01-07,30.39,30.65,29.88,29.95,21597747,57.92,58.42,56.95,57.09,11330800,2025-12-19T03:47:27Z
MRK,2008-01-08,31.3,31.84,30.44,30.48,39147558,59.66,60.69,58.02,58.09,20537900,2025-12-19T03:47:27Z
MRK,2008-01-09,31.74,31.94,31.03,31.32,31836649,60.5,60.88,59.15,59.7,16702400,2025-12-19T03:47:27Z
MRK,2008-01-10,31.72,31.87,31.35,31.54,26207866,60.47,60.75,59.75,60.12,13749400,2025-12-19T03:47:27Z
MRK,2008-01-11,31.77,32.1,31.48,31.49,17997720,60.55,61.18,60,60.03,9442100,2025-12-19T03:47:27Z
MRK,2008-01-14,31.36,31.42,30.78,31.42,27588084,59.78,59.88,58.66,59.88,14473500,2025-12-19T03:47:27Z
MRK,2008-01-15,30.52,31.27,30.46,30.92,34699585,58.18,59.6,58.06,58.93,18204400,2025-12-19T03:47:27Z
MRK,2008-01-16,30.61,30.94,30.3,30.34,30699892,58.35,58.98,57.75,57.84,16106000,2025-12-19T03:47:27Z
MRK,2008-01-17,28.79,30.64,28.58,30.34,56943277,54.87,58.4,54.47,57.84,29874000,2025-12-19T03:47:27Z
MRK,2008-01-18,27.97,28.93,27.52,28.93,54838980,53.32,55.15,52.45,55.15,28770100,2025-12-19T03:47:27Z
MRK,2008-01-22,26.94,27.52,25.76,27.02,56367258,51.35,52.45,49.1,51.5,29571900,2025-12-19T03:47:27Z
MRK,2008-01-23,26.39,26.85,25.56,26.85,42006585,50.31,51.18,48.72,51.18,22037800,2025-12-19T03:47:27Z
MRK,2008-01-24,26,27.12,24.89,26.44,76928688,49.56,51.7,47.45,50.39,40359000,2025-12-19T03:47:27Z
MRK,2008-01-25,25.07,26.2,22.2,26.2,123865156,47.79,49.94,42.32,49.94,64983200,2025-12-19T03:47:27Z
MRK,2008-01-28,25.84,25.89,24.72,25.18,44240920,49.25,49.35,47.12,48,23210000,2025-12-19T03:47:27Z
MRK,2008-01-29,25.19,25.99,24.58,25.97,38884677,48.01,49.54,46.85,49.51,20400000,2025-12-19T03:47:27Z
MRK,2008-01-30,24.49,24.61,23.78,23.98,63621794,46.69,46.91,45.32,45.7,33377800,2025-12-19T03:47:27Z
MRK,2008-01-31,24.19,24.45,23.65,24.31,47897649,46.1,46.61,45.07,46.33,25128500,2025-12-19T03:47:27Z
MRK,2008-02-01,24.12,24.37,23.64,24.24,36803973,45.98,46.46,45.06,46.2,19308400,2025-12-19T03:47:27Z
MRK,2008-02-04,24.9,25.17,24.04,24.04,31078772,47.47,47.97,45.82,45.82,16304800,2025-12-19T03:47:27Z
MRK,2008-02-05,24.11,24.84,24.06,24.83,36493981,45.95,47.34,45.86,47.32,19145800,2025-12-19T03:47:27Z
MRK,2008-02-06,23.98,24.35,23.51,24.22,31162903,45.71,46.42,44.81,46.17,16348900,2025-12-19T03:47:27Z
MRK,2008-02-07,23.98,24.48,23.63,23.94,39275829,45.7,46.67,45.05,45.63,20605200,2025-12-19T03:47:27Z
MRK,2008-02-08,23.36,23.98,23.23,23.9,26435284,44.53,45.7,44.27,45.55,13868700,2025-12-19T03:47:27Z
MRK,2008-02-11,23.77,23.84,23.19,23.37,22607632,45.31,45.45,44.2,44.55,11860600,2025-12-19T03:47:27Z
MRK,2008-02-12,24.41,24.71,23.87,23.95,39451066,46.53,47.1,45.49,45.65,20697100,2025-12-19T03:47:27Z
MRK,2008-02-13,24.96,25.15,24.61,24.61,36950304,47.57,47.93,46.91,46.91,19385200,2025-12-19T03:47:27Z
MRK,2008-02-14,24.61,25.25,24.53,25.08,23990667,46.9,48.13,46.75,47.8,12586200,2025-12-19T03:47:27Z
MRK,2008-02-15,24.94,25.12,24.52,24.66,29815754,47.53,47.89,46.74,47,15642200,2025-12-19T03:47:27Z
MRK,2008-02-19,24.69,25.3,24.63,25.16,25368682,47.07,48.23,46.95,47.95,13309100,2025-12-19T03:47:27Z
MRK,2008-02-20,24.67,24.69,24.23,24.56,25630553,47.02,47.06,46.18,46.82,13446500,2025-12-19T03:47:27Z
MRK,2008-02-21,24.2,24.87,24.14,24.71,23240078,46.13,47.4,46.02,47.09,12192400,2025-12-19T03:47:27Z
MRK,2008-02-22,24.17,24.39,23.8,24.25,23730351,46.07,46.48,45.36,46.23,12449600,2025-12-19T03:47:27Z
MRK,2008-02-25,24.55,24.62,24.2,24.23,20546595,46.79,46.92,46.12,46.18,10779300,2025-12-19T03:47:27Z
MRK,2008-02-26,24.34,24.6,24.22,24.42,18598697,46.39,46.89,46.17,46.55,9757400,2025-12-19T03:47:27Z
MRK,2008-02-27,23.84,24.26,23.76,24.24,30301085,45.44,46.24,45.29,46.2,15896800,2025-12-19T03:47:27Z
MRK,2008-02-28,23.71,23.92,23.52,23.83,19781814,45.2,45.59,44.83,45.42,10378100,2025-12-19T03:47:27Z
MRK,2008-02-29,23.24,23.59,23.15,23.53,32706633,44.3,44.97,44.13,44.85,17158800,2025-12-19T03:47:27Z
MRK,2008-03-03,23.12,23.45,23.01,23.45,22272553,44.06,44.69,43.85,44.69,11684800,2025-12-19T03:47:27Z
MRK,2008-03-04,22.96,23.08,22.71,22.93,27074254,43.76,44,43.28,43.71,14203900,2025-12-19T03:47:27Z
MRK,2008-03-05,22.89,23.22,22.61,23.16,32579264,43.25,43.88,42.72,43.76,17241700,2025-12-19T03:47:27Z
MRK,2008-03-06,22.43,22.91,22.39,22.9,29115655,42.39,43.28,42.31,43.27,15408700,2025-12-19T03:47:27Z
MRK,2008-03-07,22.1,22.76,21.97,22.26,29059720,41.75,43,41.52,42.06,15379100,2025-12-19T03:47:27Z
MRK,2008-03-10,21.84,22.18,21.71,22.12,23357763,41.26,41.91,41.03,41.8,12361500,2025-12-19T03:47:27Z
MRK,2008-03-11,22.4,22.43,21.75,21.85,31284188,42.32,42.38,41.1,41.28,16556300,2025-12-19T03:47:27Z
MRK,2008-03-12,22.47,23.05,22.32,22.33,29572244,42.45,43.56,42.18,42.19,15650300,2025-12-19T03:47:27Z
MRK,2008-03-13,22.19,22.6,21.98,22.39,38307517,41.93,42.71,41.54,42.3,20273200,2025-12-19T03:47:27Z
MRK,2008-03-14,21.68,22.74,21.48,22.4,32089070,40.97,42.97,40.59,42.32,16982300,2025-12-19T03:47:27Z
MRK,2008-03-17,22.15,22.26,21.23,21.43,28421833,41.85,42.06,40.12,40.5,15041500,2025-12-19T03:47:27Z
MRK,2008-03-18,22.86,22.86,22.1,22.41,27701293,43.19,43.2,41.76,42.34,14660200,2025-12-19T03:47:27Z
MRK,2008-03-19,22.75,23.29,22.71,22.93,29055233,42.99,44,42.91,43.33,15376700,2025-12-19T03:47:27Z
MRK,2008-03-20,22.95,23.07,22.23,22.86,31028898,43.36,43.59,42,43.2,16421200,2025-12-19T03:47:27Z
MRK,2008-03-24,23.42,23.7,22.89,23.09,33048285,44.25,44.78,43.26,43.62,17489900,2025-12-19T03:47:27Z
MRK,2008-03-25,23.64,23.82,23.42,23.52,25352629,44.67,45,44.25,44.45,13417200,2025-12-19T03:47:27Z
MRK,2008-03-26,23.66,23.84,23.39,23.57,38554585,44.7,45.04,44.2,44.53,20404000,2025-12-19T03:47:27Z
MRK,2008-03-27,23.7,24.01,23.39,23.67,37292225,44.78,45.37,44.2,44.72,19735900,2025-12-19T03:47:27Z
MRK,2008-03-28,23.56,24.2,23.49,23.69,21433700,44.51,45.73,44.38,44.76,11343200,2025-12-19T03:47:27Z
MRK,2008-03-31,20.08,20.9,19.49,20.51,154564247,37.95,39.5,36.82,38.75,81798896,2025-12-19T03:47:27Z
MRK,2008-04-01,20.28,20.57,20.14,20.32,78158074,38.32,38.86,38.05,38.39,41363000,2025-12-19T03:47:27Z
MRK,2008-04-02,19.63,20.43,19.56,20.34,74876463,37.1,38.6,36.96,38.43,39626400,2025-12-19T03:47:27Z
MRK,2008-04-03,20.3,20.35,19.58,19.66,98294640,38.36,38.46,37,37.14,52019800,2025-12-19T03:47:27Z
MRK,2008-04-04,21.17,21.21,20.15,20.27,57618110,40,40.08,38.08,38.31,30492800,2025-12-19T03:47:27Z
MRK,2008-04-07,21.58,22.02,21.41,21.47,43285749,40.78,41.6,40.46,40.57,22907800,2025-12-19T03:47:27Z
MRK,2008-04-08,21.65,21.93,21.34,21.44,34020094,40.9,41.43,40.32,40.51,18004200,2025-12-19T03:47:27Z
MRK,2008-04-09,21.67,21.76,21.01,21.66,21700292,40.94,41.11,39.7,40.93,11484300,2025-12-19T03:47:27Z
MRK,2008-04-10,22.07,22.33,21.9,22.04,31398282,41.71,42.19,41.38,41.64,16616700,2025-12-19T03:47:27Z
MRK,2008-04-11,21.77,22.15,21.7,21.96,26488373,41.14,41.85,41,41.5,14018300,2025-12-19T03:47:27Z
MRK,2008-04-14,21.91,21.97,21.59,21.77,25644118,41.4,41.51,40.79,41.13,13571500,2025-12-19T03:47:27Z
MRK,2008-04-15,21.81,22.35,21.57,22.16,35493311,41.22,42.24,40.76,41.88,18783900,2025-12-19T03:47:27Z
MRK,2008-04-16,21.33,21.96,21.02,21.92,49698473,40.31,41.49,39.72,41.41,26301600,2025-12-19T03:47:27Z
MRK,2008-04-17,20.76,21.41,20.68,21.21,44573111,39.22,40.45,39.08,40.07,23589200,2025-12-19T03:47:27Z
MRK,2008-04-18,21.04,21.24,20.64,20.85,48869580,39.76,40.13,39,39.4,25862900,2025-12-19T03:47:27Z
MRK,2008-04-21,20.97,21.58,20.5,21.51,42160881,39.63,40.77,38.74,40.64,22312500,2025-12-19T03:47:27Z
MRK,2008-04-22,20.38,21.05,20.3,20.97,36888565,38.51,39.77,38.36,39.62,19522300,2025-12-19T03:47:27Z
MRK,2008-04-23,20.44,20.58,20.11,20.52,33943142,38.62,38.88,38,38.77,17963500,2025-12-19T03:47:27Z
MRK,2008-04-24,21.15,21.33,20.47,20.48,32455233,39.97,40.31,38.67,38.7,17176100,2025-12-19T03:47:27Z
MRK,2008-04-25,21.55,21.67,21.17,21.21,26150555,40.72,40.94,40,40.08,13839500,2025-12-19T03:47:27Z
MRK,2008-04-28,21.93,22.07,21.57,21.57,25569563,41.44,41.7,40.75,40.75,13532000,2025-12-19T03:47:27Z
MRK,2008-04-29,19.66,20.32,19.57,20.24,152107082,37.14,38.4,36.97,38.24,80498800,2025-12-19T03:47:27Z
MRK,2008-04-30,20.13,20.19,19.48,19.76,70710631,38.04,38.15,36.8,37.34,37421800,2025-12-19T03:47:27Z
MRK,2008-05-01,20.61,20.66,20.01,20.14,45337457,38.95,39.04,37.8,38.05,23993700,2025-12-19T03:47:27Z
MRK,2008-05-02,20.84,20.9,20.52,20.6,32415081,39.37,39.5,38.78,38.92,17154800,2025-12-19T03:47:27Z
MRK,2008-05-05,20.63,20.85,20.59,20.84,19736870,38.98,39.4,38.9,39.37,10445200,2025-12-19T03:47:27Z
MRK,2008-05-06,20.56,20.64,20.38,20.62,19732345,38.84,39,38.51,38.97,10442800,2025-12-19T03:47:27Z
MRK,2008-05-07,20.65,20.9,20.56,20.56,31607641,39.01,39.49,38.85,38.85,16727500,2025-12-19T03:47:27Z
MRK,2008-05-08,20.69,21.03,20.44,20.69,21354816,39.09,39.73,38.63,39.1,11301500,2025-12-19T03:47:27Z
MRK,2008-05-09,20.63,20.97,20.38,20.64,23797159,38.99,39.62,38.5,39,12594000,2025-12-19T03:47:27Z
MRK,2008-05-12,20.97,21.01,20.63,20.65,19372376,39.62,39.69,38.98,39.01,10252300,2025-12-19T03:47:27Z
MRK,2008-05-13,20.73,21.08,20.61,20.9,23834145,39.17,39.83,38.94,39.5,12613600,2025-12-19T03:47:27Z
MRK,2008-05-14,21.08,21.16,20.73,20.78,24691992,39.83,39.99,39.17,39.27,13067600,2025-12-19T03:47:27Z
MRK,2008-05-15,21.17,21.22,20.89,21.07,25894403,40,40.09,39.47,39.82,13703900,2025-12-19T03:47:27Z
MRK,2008-05-16,21.17,21.28,20.97,21.28,22621109,40,40.21,39.63,40.21,11971600,2025-12-19T03:47:27Z
MRK,2008-05-19,21.18,21.22,21.05,21.14,27130345,40.02,40.1,39.77,39.95,14358000,2025-12-19T03:47:27Z
MRK,2008-05-20,21.03,21.41,20.96,21.06,20884036,39.74,40.45,39.6,39.79,11052300,2025-12-19T03:47:27Z
MRK,2008-05-21,20.71,21.22,20.64,21.03,24152762,39.13,40.09,39,39.73,12782200,2025-12-19T03:47:27Z
MRK,2008-05-22,20.66,20.83,20.45,20.7,20519867,39.03,39.35,38.65,39.12,10859600,2025-12-19T03:47:27Z
MRK,2008-05-23,20.5,20.77,20.49,20.63,19550737,38.74,39.24,38.72,38.99,10346700,2025-12-19T03:47:27Z
MRK,2008-05-27,20.44,20.84,20.3,20.6,35521871,38.62,39.37,38.35,38.93,18799000,2025-12-19T03:47:27Z
MRK,2008-05-28,20.46,20.57,20.23,20.53,22313612,38.66,38.86,38.23,38.8,11808900,2025-12-19T03:47:27Z
MRK,2008-05-29,20.6,20.9,20.39,20.47,30626534,38.92,39.49,38.52,38.67,16208300,2025-12-19T03:47:27Z
MRK,2008-05-30,20.62,20.78,20.39,20.7,26343433,38.96,39.26,38.53,39.11,13941600,2025-12-19T03:47:27Z
MRK,2008-06-02,20.2,20.63,20.06,20.62,36836159,38.17,38.99,37.9,38.96,19494600,2025-12-19T03:47:27Z
MRK,2008-06-03,20.3,20.41,20.13,20.26,23183234,38.35,38.57,38.04,38.28,12269100,2025-12-19T03:47:27Z
MRK,2008-06-04,20.4,20.54,20.36,20.38,21612690,38.17,38.43,38.08,38.13,11552400,2025-12-19T03:47:27Z
MRK,2008-06-05,20.79,20.84,20.36,20.51,25123640,38.89,38.98,38.09,38.37,13429100,2025-12-19T03:47:27Z
MRK,2008-06-06,20.04,20.67,20.01,20.63,41101831,37.49,38.66,37.43,38.59,21969800,2025-12-19T03:47:27Z
MRK,2008-06-09,19.77,20.22,19.62,20.1,28247017,36.99,37.83,36.71,37.6,15098600,2025-12-19T03:47:27Z
MRK,2008-06-10,19.45,19.74,19.31,19.61,32950279,36.39,36.92,36.12,36.68,17612600,2025-12-19T03:47:27Z
MRK,2008-06-11,19.1,19.58,18.94,19.53,48343745,35.73,36.63,35.43,36.54,25840700,2025-12-19T03:47:27Z
MRK,2008-06-12,18.92,19.3,18.67,19.22,41088843,35.4,36.1,34.93,35.95,21962800,2025-12-19T03:47:27Z
MRK,2008-06-13,18.99,19.23,18.67,19.06,35713899,35.53,35.97,34.92,35.65,19089800,2025-12-19T03:47:27Z
MRK,2008-06-16,18.71,19.03,18.44,18.9,47748749,35.01,35.6,34.49,35.36,25522600,2025-12-19T03:47:27Z
MRK,2008-06-17,18.54,18.93,18.52,18.77,28220200,34.68,35.41,34.64,35.12,15084300,2025-12-19T03:47:27Z
MRK,2008-06-18,18.63,18.88,18.52,18.54,29300816,34.86,35.32,34.65,34.68,15661900,2025-12-19T03:47:27Z
MRK,2008-06-19,19.03,19.28,18.59,18.61,50547622,35.6,36.07,34.78,34.82,27018700,2025-12-19T03:47:27Z
MRK,2008-06-20,18.78,19.15,18.71,19,38613685,35.13,35.83,35,35.55,20639800,2025-12-19T03:47:27Z
MRK,2008-06-23,19.15,19.24,18.77,18.87,35333111,35.83,35.99,35.12,35.3,18886300,2025-12-19T03:47:27Z
MRK,2008-06-24,19.79,19.86,19.05,19.1,47274875,37.03,37.15,35.63,35.74,25269400,2025-12-19T03:47:27Z
MRK,2008-06-25,19.77,19.88,19.42,19.64,41421919,36.98,37.2,36.33,36.75,22140900,2025-12-19T03:47:27Z
MRK,2008-06-26,19.35,19.86,19.31,19.67,29919593,36.2,37.15,36.12,36.8,15992600,2025-12-19T03:47:27Z
MRK,2008-06-27,19.77,20.25,19.38,19.41,67982502,36.98,37.88,36.25,36.31,36338100,2025-12-19T03:47:27Z
MRK,2008-06-30,20.15,20.39,19.77,19.77,40697551,37.69,38.14,36.98,36.98,21753700,2025-12-19T03:47:27Z
MRK,2008-07-01,20.5,20.7,19.96,20.01,43678600,38.36,38.73,37.34,37.44,23347100,2025-12-19T03:47:27Z
MRK,2008-07-02,20.33,20.79,20.29,20.77,33288439,38.04,38.9,37.95,38.85,17793300,2025-12-19T03:47:27Z
MRK,2008-07-03,20.55,20.69,20.46,20.46,19993447,38.45,38.7,38.28,38.28,10686900,2025-12-19T03:47:27Z
MRK,2008-07-07,19.56,20.31,19.36,20.09,62188230,36.6,37.99,36.21,37.59,33240800,2025-12-19T03:47:27Z
MRK,2008-07-08,19.76,20.01,19.64,19.64,47887838,36.97,37.43,36.74,36.75,25597000,2025-12-19T03:47:27Z
MRK,2008-07-09,19.81,20.25,19.76,19.83,38282409,37.06,37.89,36.96,37.1,20462700,2025-12-19T03:47:27Z
MRK,2008-07-10,19.78,20.18,19.41,20.13,29822516,37,37.75,36.32,37.65,15940700,2025-12-19T03:47:27Z
MRK,2008-07-11,19.64,19.77,19.29,19.59,26894984,36.75,36.99,36.09,36.65,14375900,2025-12-19T03:47:27Z
MRK,2008-07-14,19.71,19.97,19.6,19.68,18784096,36.87,37.36,36.67,36.81,10040500,2025-12-19T03:47:27Z
MRK,2008-07-15,19.55,19.85,19.42,19.58,34383259,36.58,37.14,36.34,36.63,18378500,2025-12-19T03:47:27Z
MRK,2008-07-16,19.58,19.78,19.35,19.43,35031748,36.63,37,36.2,36.36,18725200,2025-12-19T03:47:27Z
MRK,2008-07-17,19.76,19.76,19.26,19.53,32104064,36.96,36.96,36.04,36.53,17160300,2025-12-19T03:47:27Z
MRK,2008-07-18,20.14,20.15,19.56,19.8,35234252,37.68,37.69,36.6,37.05,18833400,2025-12-19T03:47:27Z
MRK,2008-07-21,18.88,20.49,18.59,19.93,105344755,35.33,38.34,34.77,37.28,56308900,2025-12-19T03:47:27Z
MRK,2008-07-22,16.75,17.57,16.65,17.29,146038793,31.33,32.87,31.15,32.35,78060600,2025-12-19T03:47:27Z
MRK,2008-07-23,16.98,17.28,16.68,16.94,59542017,31.77,32.32,31.21,31.69,31826400,2025-12-19T03:47:27Z
MRK,2008-07-24,17.22,17.65,16.9,17.2,47331533,32.22,33.02,31.61,32.17,25299600,2025-12-19T03:47:27Z
MRK,2008-07-25,17.47,17.64,17.3,17.3,25814770,32.68,33,32.36,32.37,13798500,2025-12-19T03:47:27Z
MRK,2008-07-28,17.14,17.47,17.08,17.47,25084953,32.06,32.68,31.95,32.68,13408400,2025-12-19T03:47:27Z
MRK,2008-07-29,17.32,17.36,16.87,17.15,24483078,32.41,32.47,31.56,32.08,13086700,2025-12-19T03:47:27Z
MRK,2008-07-30,17.62,17.88,17.32,17.35,29590514,32.97,33.45,32.4,32.46,15816700,2025-12-19T03:47:27Z
MRK,2008-07-31,17.59,18.07,17.53,17.58,32997473,32.9,33.81,32.8,32.88,17637800,2025-12-19T03:47:27Z
MRK,2008-08-01,17.78,17.96,17.5,17.69,38417533,33.26,33.6,32.74,33.09,20534900,2025-12-19T03:47:27Z
MRK,2008-08-04,17.85,18.03,17.61,17.81,30445393,33.4,33.73,32.95,33.31,16273700,2025-12-19T03:47:27Z
MRK,2008-08-05,18.55,18.6,17.9,17.9,30045532,34.7,34.79,33.49,33.49,16059900,2025-12-19T03:47:27Z
MRK,2008-08-06,18.87,19.01,18.44,18.52,25788495,35.3,35.56,34.5,34.64,13784500,2025-12-19T03:47:27Z
MRK,2008-08-07,18.64,19.18,18.58,18.74,31830354,34.88,35.89,34.75,35.06,17014000,2025-12-19T03:47:27Z
MRK,2008-08-08,19.22,19.26,18.5,18.66,26442222,35.95,36.04,34.61,34.91,14133900,2025-12-19T03:47:27Z
MRK,2008-08-11,19.19,19.22,19.04,19.16,24588246,35.91,35.95,35.62,35.84,13142900,2025-12-19T03:47:27Z
MRK,2008-08-12,19.33,19.42,19.03,19.03,21752961,36.17,36.34,35.6,35.6,11627400,2025-12-19T03:47:27Z
MRK,2008-08-13,19.1,19.63,19.08,19.19,22485834,35.74,36.73,35.69,35.9,12019100,2025-12-19T03:47:27Z
MRK,2008-08-14,19.21,19.38,18.85,19.04,20628733,35.94,36.25,35.26,35.62,11026500,2025-12-19T03:47:27Z
MRK,2008-08-15,19.33,19.59,19.27,19.27,16643755,36.16,36.65,36.06,36.06,8896400,2025-12-19T03:47:27Z
MRK,2008-08-18,19.09,19.51,18.98,19.4,14813109,35.71,36.5,35.5,36.3,7917900,2025-12-19T03:47:27Z
MRK,2008-08-19,18.84,19.08,18.71,18.96,19207917,35.25,35.69,35,35.47,10267000,2025-12-19T03:47:27Z
MRK,2008-08-20,18.68,18.94,18.55,18.84,18120209,34.94,35.43,34.7,35.25,9685600,2025-12-19T03:47:27Z
MRK,2008-08-21,18.61,18.7,18.25,18.63,26381968,34.82,34.99,34.15,34.86,14101700,2025-12-19T03:47:27Z
MRK,2008-08-22,18.85,18.98,18.58,18.71,18054909,35.27,35.51,34.75,35,9650700,2025-12-19T03:47:27Z
MRK,2008-08-25,18.71,18.88,18.47,18.8,21015863,35,35.32,34.56,35.17,11233400,2025-12-19T03:47:27Z
MRK,2008-08-26,18.93,19.17,18.63,18.7,24133986,35.42,35.87,34.85,34.98,12900100,2025-12-19T03:47:27Z
MRK,2008-08-27,19.1,19.17,18.71,18.96,14968756,35.73,35.87,35.01,35.47,8001100,2025-12-19T03:47:27Z
MRK,2008-08-28,19.46,19.55,19.18,19.2,17509942,36.4,36.57,35.89,35.91,9359400,2025-12-19T03:47:27Z
MRK,2008-08-29,19.07,19.42,18.98,19.41,21643749,35.67,36.33,35.51,36.31,11569000,2025-12-19T03:47:27Z
MRK,2008-09-02,18.62,19.29,18.4,19.04,32909210,34.83,36.08,34.42,35.62,17590600,2025-12-19T03:47:27Z
MRK,2008-09-03,18.74,18.84,18.41,18.81,16699561,34.67,34.87,34.06,34.8,9024700,2025-12-19T03:47:27Z
MRK,2008-09-04,18.47,18.82,18.42,18.62,25546264,34.17,34.83,34.08,34.46,13805600,2025-12-19T03:47:27Z
MRK,2008-09-05,18.54,18.57,18.15,18.27,28415653,34.3,34.37,33.59,33.81,15356300,2025-12-19T03:47:27Z
MRK,2008-09-08,19.17,19.2,18.66,18.89,30211661,35.48,35.52,34.52,34.96,16326900,2025-12-19T03:47:27Z
MRK,2008-09-09,18.56,19.37,18.54,19.18,27220491,34.34,35.85,34.31,35.5,14710400,2025-12-19T03:47:27Z
MRK,2008-09-10,18.11,18.64,17.98,18.61,32376618,33.52,34.49,33.27,34.43,17496800,2025-12-19T03:47:27Z
MRK,2008-09-11,18.37,18.43,17.9,18.1,30751932,33.99,34.1,33.12,33.49,16618800,2025-12-19T03:47:27Z
MRK,2008-09-12,18.28,18.51,18.13,18.27,20331525,33.82,34.25,33.54,33.81,10987500,2025-12-19T03:47:27Z
MRK,2008-09-15,17.68,18.29,17.68,17.89,28632777,32.72,33.85,32.71,33.11,15473600,2025-12-19T03:47:27Z
MRK,2008-09-16,17.44,17.72,17.03,17.44,40258865,32.28,32.78,31.51,32.27,21756500,2025-12-19T03:47:27Z
MRK,2008-09-17,16.82,17.4,16.75,17.32,41569146,31.13,32.2,30.99,32.05,22464700,2025-12-19T03:47:27Z
MRK,2008-09-18,17.26,17.32,16.55,16.99,36737400,31.93,32.04,30.63,31.43,19853500,2025-12-19T03:47:27Z
MRK,2008-09-19,17.21,17.76,16.49,17.64,47131594,31.84,32.87,30.52,32.64,25470600,2025-12-19T03:47:27Z
MRK,2008-09-22,17,17.63,16.94,17.29,21784309,31.45,32.62,31.35,31.99,11772600,2025-12-19T03:47:27Z
MRK,2008-09-23,16.62,17.29,16.59,17.17,32600424,30.75,32,30.69,31.78,17617800,2025-12-19T03:47:27Z
MRK,2008-09-24,17.01,17.14,16.59,16.59,21016759,31.47,31.72,30.7,30.7,11357800,2025-12-19T03:47:27Z
MRK,2008-09-25,17.49,17.63,17.03,17.07,28821999,32.37,32.63,31.52,31.59,15575900,2025-12-19T03:47:27Z
MRK,2008-09-26,17.36,17.63,17.18,17.31,23688179,32.12,32.62,31.8,32.03,12801500,2025-12-19T03:47:27Z
MRK,2008-09-29,16.4,17.36,16.4,17.23,43071318,30.34,32.12,30.34,31.89,23276400,2025-12-19T03:47:27Z
MRK,2008-09-30,17.06,17.18,16.63,16.73,27813064,31.56,31.79,30.77,30.95,15030600,2025-12-19T03:47:27Z
MRK,2008-10-01,17.34,17.53,16.97,16.98,26188084,32.09,32.44,31.4,31.42,14152500,2025-12-19T03:47:27Z
MRK,2008-10-02,16.81,17.54,16.79,17.26,32328687,31.1,32.46,31.06,31.93,17470900,2025-12-19T03:47:27Z
MRK,2008-10-03,17.17,17.45,16.89,16.89,32003901,31.78,32.3,31.25,31.25,17295400,2025-12-19T03:47:27Z
MRK,2008-10-06,16.23,17.45,15.69,16.91,43728713,30.04,32.28,29.04,31.29,23631700,2025-12-19T03:47:27Z
MRK,2008-10-07,15.63,16.88,15.58,16.23,38247832,28.92,31.24,28.82,30.04,20669700,2025-12-19T03:47:27Z
MRK,2008-10-08,15.41,16.18,15.14,15.45,41597675,28.52,29.93,28.01,28.58,22480100,2025-12-19T03:47:27Z
MRK,2008-10-09,14.16,15.44,13.8,15.37,47094842,26.21,28.57,25.53,28.44,25450800,2025-12-19T03:47:27Z
MRK,2008-10-10,14.18,15.31,12.78,13.66,71232403,26.23,28.32,23.64,25.27,38495100,2025-12-19T03:47:27Z
MRK,2008-10-13,15.9,16.1,14.66,14.72,37795789,29.42,29.79,27.12,27.23,20425400,2025-12-19T03:47:27Z
MRK,2008-10-14,15.74,16.99,15.22,16.93,36595366,29.13,31.43,28.16,31.32,19776700,2025-12-19T03:47:27Z
MRK,2008-10-15,14.35,15.73,14.27,15.58,33715387,26.56,29.1,26.41,28.83,18220400,2025-12-19T03:47:27Z
MRK,2008-10-16,15.23,15.29,13.84,14.59,36323196,28.19,28.3,25.6,27,19629600,2025-12-19T03:47:27Z
MRK,2008-10-17,15.4,16.32,14.77,14.8,42600391,28.5,30.2,27.33,27.38,23022000,2025-12-19T03:47:27Z
MRK,2008-10-20,16.75,16.92,15.47,15.81,50285511,31,31.31,28.63,29.26,27175100,2025-12-19T03:47:27Z
MRK,2008-10-21,16.2,16.99,16.13,16.42,26367226,29.97,31.44,29.84,30.38,14249300,2025-12-19T03:47:27Z
MRK,2008-10-22,15.14,16.16,14.86,15.81,38247634,28.01,29.91,27.5,29.26,20669700,2025-12-19T03:47:27Z
MRK,2008-10-23,15.59,15.88,14.52,15.34,41264513,28.85,29.38,26.86,28.39,22300000,2025-12-19T03:47:27Z
MRK,2008-10-24,14.78,15.26,14.3,14.35,31846529,27.35,28.24,26.46,26.56,17210400,2025-12-19T03:47:27Z
MRK,2008-10-27,14.49,15.33,13.94,14.62,30109861,26.82,28.36,25.8,27.06,16271900,2025-12-19T03:47:27Z
MRK,2008-10-28,16.05,16.16,14.11,14.64,42508791,29.69,29.9,26.1,27.09,22972500,2025-12-19T03:47:27Z
MRK,2008-10-29,15.5,16.6,15.42,15.92,34158013,28.68,30.71,28.53,29.46,18459500,2025-12-19T03:47:27Z
MRK,2008-10-30,16.32,16.64,15.86,15.98,28604001,30.19,30.79,29.34,29.56,15458100,2025-12-19T03:47:27Z
MRK,2008-10-31,16.73,17.13,15.74,16.11,30539760,30.95,31.69,29.13,29.81,16504200,2025-12-19T03:47:27Z
MRK,2008-11-03,16.2,16.81,15.98,16.72,21900305,29.97,31.1,29.56,30.93,11835300,2025-12-19T03:47:27Z
MRK,2008-11-04,16.82,16.92,16.3,16.49,27113475,31.13,31.3,30.16,30.51,14652600,2025-12-19T03:47:27Z
MRK,2008-11-05,15.52,16.75,15.43,16.69,27150461,28.72,31,28.55,30.89,14672500,2025-12-19T03:47:27Z
MRK,2008-11-06,15.06,15.85,14.93,15.45,35867158,27.86,29.33,27.62,28.58,19383200,2025-12-19T03:47:27Z
MRK,2008-11-07,15.63,15.87,15.13,15.19,20016101,28.92,29.37,28,28.1,10817000,2025-12-19T03:47:27Z
MRK,2008-11-10,15.08,16.13,14.87,15.98,24607726,27.91,29.85,27.51,29.56,13298400,2025-12-19T03:47:27Z
MRK,2008-11-11,14.89,15.15,14.6,15.03,21745782,27.55,28.04,27.02,27.81,11751800,2025-12-19T03:47:27Z
MRK,2008-11-12,14.44,14.82,14.33,14.62,24297787,26.72,27.42,26.52,27.05,13130900,2025-12-19T03:47:27Z
MRK,2008-11-13,15.42,15.53,14.09,14.8,36957933,28.53,28.73,26.08,27.39,19972700,2025-12-19T03:47:27Z
MRK,2008-11-14,14.77,15.55,14.73,15.11,29942981,27.33,28.77,27.25,27.96,16181700,2025-12-19T03:47:27Z
MRK,2008-11-17,14.05,14.58,14,14.47,22178488,25.99,26.97,25.91,26.78,11985600,2025-12-19T03:47:27Z
MRK,2008-11-18,14.12,14.43,13.55,13.92,33702481,26.13,26.7,25.07,25.75,18213400,2025-12-19T03:47:27Z
MRK,2008-11-19,13.68,14.54,13.62,13.97,28765863,25.31,26.9,25.2,25.85,15545500,2025-12-19T03:47:27Z
MRK,2008-11-20,12.73,14.38,12.53,13.61,42980779,23.56,26.6,23.18,25.18,23227500,2025-12-19T03:47:27Z
MRK,2008-11-21,13.19,13.22,12.33,12.92,45056044,24.4,24.46,22.82,23.91,24349100,2025-12-19T03:47:27Z
MRK,2008-11-24,13.75,14.03,13.18,13.42,31768819,25.44,25.96,24.38,24.84,17168400,2025-12-19T03:47:27Z
MRK,2008-11-25,13.95,14.05,13.59,13.92,25258016,25.81,26,25.15,25.75,13649800,2025-12-19T03:47:27Z
MRK,2008-11-26,14.22,14.26,13.51,13.73,23630758,26.31,26.39,25,25.4,12770400,2025-12-19T03:47:27Z
MRK,2008-11-28,14.44,14.44,13.86,13.88,10959161,26.72,26.72,25.64,25.68,5922500,2025-12-19T03:47:27Z
MRK,2008-12-01,13.43,14.46,13.38,14.27,27170995,24.85,26.75,24.76,26.4,14683600,2025-12-19T03:47:27Z
MRK,2008-12-02,14.42,14.47,13.71,13.99,28760990,26.68,26.77,25.36,25.89,15542900,2025-12-19T03:47:27Z
MRK,2008-12-03,14.51,14.63,13.94,14.06,27095507,26.46,26.69,25.43,25.65,14854400,2025-12-19T03:47:27Z
MRK,2008-12-04,13.71,14.27,13.5,13.89,37637352,25,26.03,24.62,25.33,20633700,2025-12-19T03:47:27Z
MRK,2008-12-05,14.52,14.76,13.23,13.53,42458602,26.49,26.92,24.13,24.67,23276900,2025-12-19T03:47:27Z
MRK,2008-12-08,14.8,15.18,14.67,14.81,27996485,27,27.68,26.75,27.01,15348400,2025-12-19T03:47:27Z
MRK,2008-12-09,14.42,15.05,14.34,15,35490900,26.31,27.46,26.16,27.36,19457000,2025-12-19T03:47:27Z
MRK,2008-12-10,14.79,15.03,14.48,14.48,24087207,26.98,27.41,26.41,26.41,13205200,2025-12-19T03:47:27Z
MRK,2008-12-11,14.5,15.22,14.36,14.69,22984493,26.44,27.77,26.2,26.8,12600700,2025-12-19T03:47:27Z
MRK,2008-12-12,14.82,14.88,14.16,14.2,24289121,27.04,27.15,25.82,25.9,13315900,2025-12-19T03:47:27Z
MRK,2008-12-15,14.58,14.93,14.36,14.78,22822358,26.6,27.24,26.2,26.95,12511800,2025-12-19T03:47:27Z
MRK,2008-12-16,15.3,15.41,14.52,14.83,28792850,27.91,28.1,26.48,27.05,15784900,2025-12-19T03:47:27Z
MRK,2008-12-17,14.87,15.26,14.76,14.91,26075717,27.12,27.83,26.93,27.19,14295300,2025-12-19T03:47:27Z
MRK,2008-12-18,15.21,15.53,14.84,15.02,34315063,27.74,28.33,27.06,27.39,18812300,2025-12-19T03:47:27Z
MRK,2008-12-19,15.66,15.94,15.16,15.38,48560190,28.56,29.07,27.65,28.06,26621900,2025-12-19T03:47:27Z
MRK,2008-12-22,15.95,16.11,15.51,15.61,31116185,29.09,29.38,28.29,28.47,17058600,2025-12-19T03:47:27Z
MRK,2008-12-23,16.12,16.57,16,16.1,33672847,29.41,30.22,29.19,29.36,18460300,2025-12-19T03:47:27Z
MRK,2008-12-24,16.05,16.26,15.95,16.1,6169382,29.27,29.66,29.1,29.36,3382200,2025-12-19T03:47:27Z
MRK,2008-12-26,15.9,16.17,15.76,16.12,7031248,29,29.5,28.75,29.4,3854700,2025-12-19T03:47:27Z
MRK,2008-12-29,15.51,16.04,15.32,15.96,23680189,28.3,29.25,27.95,29.11,12982100,2025-12-19T03:47:27Z
MRK,2008-12-30,16.23,16.26,15.71,15.71,20096386,29.6,29.66,28.66,28.66,11017300,2025-12-19T03:47:27Z
MRK,2008-12-31,16.67,16.76,16.28,16.28,21933017,30.4,30.57,29.69,29.7,12024200,2025-12-19T03:47:27Z
MRK,2009-01-02,17,17.06,16.62,16.7,22293368,31,31.12,30.31,30.46,12221800,2025-12-19T03:47:27Z
MRK,2009-01-05,16.74,17.36,16.61,17.24,27303585,30.53,31.66,30.29,31.45,14968500,2025-12-19T03:47:27Z
MRK,2009-01-06,16.43,17.14,16.2,17.04,27486711,29.97,31.26,29.55,31.08,15068900,2025-12-19T03:47:27Z
MRK,2009-01-07,16.17,16.38,15.99,16.23,23264430,29.49,29.88,29.16,29.61,12754100,2025-12-19T03:47:27Z
MRK,2009-01-08,16.1,16.28,15.92,16.27,19305742,29.36,29.69,29.04,29.68,10583900,2025-12-19T03:47:27Z
MRK,2009-01-09,15.75,16.23,15.6,15.84,19365046,28.73,29.61,28.45,28.9,10616400,2025-12-19T03:47:27Z
MRK,2009-01-12,15.62,15.87,15.52,15.75,16209780,28.5,28.95,28.3,28.73,8886600,2025-12-19T03:47:27Z
MRK,2009-01-13,15.59,15.89,15.48,15.58,19720941,28.44,28.99,28.23,28.41,10811500,2025-12-19T03:47:27Z
MRK,2009-01-14,15.25,15.49,15.02,15.31,22328998,27.82,28.26,27.4,27.93,12241300,2025-12-19T03:47:27Z
MRK,2009-01-15,15.42,15.5,15.01,15.25,23125158,28.12,28.28,27.37,27.81,12677800,2025-12-19T03:47:27Z
MRK,2009-01-16,15.45,15.77,15.03,15.57,26479747,28.19,28.76,27.41,28.4,14516800,2025-12-19T03:47:27Z
MRK,2009-01-20,15.29,15.83,15.26,15.42,26816535,27.89,28.88,27.83,28.13,14701500,2025-12-19T03:47:27Z
MRK,2009-01-21,15.11,15.56,14.74,15.48,33246525,27.57,28.39,26.89,28.23,18226500,2025-12-19T03:47:27Z
MRK,2009-01-22,15.05,15.19,14.73,14.94,27814082,27.45,27.7,26.87,27.25,15248400,2025-12-19T03:47:27Z
MRK,2009-01-23,15.46,15.54,15.09,15.21,27160279,28.2,28.35,27.53,27.74,14889900,2025-12-19T03:47:27Z
MRK,2009-01-26,15.24,15.75,15.09,15.39,25794291,27.79,28.73,27.52,28.07,14141100,2025-12-19T03:47:27Z
MRK,2009-01-27,15.55,15.72,15.27,15.27,17589908,28.37,28.67,27.85,27.86,9643200,2025-12-19T03:47:27Z
MRK,2009-01-28,15.78,15.96,15.56,15.82,24716336,28.78,29.11,28.38,28.86,13550100,2025-12-19T03:47:27Z
MRK,2009-01-29,15.87,15.93,15.56,15.64,21899082,28.94,29.06,28.38,28.52,12005600,2025-12-19T03:47:27Z
MRK,2009-01-30,15.65,15.9,15.54,15.82,29957086,28.55,29,28.34,28.85,16423200,2025-12-19T03:47:27Z
MRK,2009-02-02,15.59,15.87,15.35,15.4,25591012,28.43,28.94,28,28.09,14029600,2025-12-19T03:47:27Z
MRK,2009-02-03,16.58,16.86,15.86,16.38,42612310,30.24,30.76,28.93,29.88,23361100,2025-12-19T03:47:27Z
MRK,2009-02-04,16.39,16.92,16.23,16.58,23671526,29.9,30.86,29.6,30.25,12977300,2025-12-19T03:47:27Z
MRK,2009-02-05,16.5,16.7,15.68,15.68,25008667,30.1,30.46,28.6,28.6,13710400,2025-12-19T03:47:27Z
MRK,2009-02-06,16.87,16.96,16.45,16.45,20190047,30.77,30.93,30.01,30.01,11068700,2025-12-19T03:47:27Z
MRK,2009-02-09,16.8,16.92,16.54,16.81,15920101,30.65,30.87,30.17,30.66,8727800,2025-12-19T03:47:27Z
MRK,2009-02-10,15.9,16.8,15.82,16.7,26207864,29.01,30.65,28.86,30.47,14367800,2025-12-19T03:47:27Z
MRK,2009-02-11,16.29,16.41,15.9,15.95,18818970,29.72,29.94,29.01,29.1,10317000,2025-12-19T03:47:27Z
MRK,2009-02-12,16.08,16.13,15.64,16.02,19824004,29.34,29.43,28.53,29.23,10868000,2025-12-19T03:47:27Z
MRK,2009-02-13,15.76,16.12,15.64,16.05,19146845,28.75,29.4,28.52,29.27,10496800,2025-12-19T03:47:27Z
MRK,2009-02-17,15.68,15.92,15.28,15.43,37568922,28.61,29.03,27.88,28.14,20596200,2025-12-19T03:47:27Z
MRK,2009-02-18,15.7,15.79,15.35,15.74,26179503,28.64,28.8,28,28.71,14352200,2025-12-19T03:47:27Z
MRK,2009-02-19,15.64,15.9,15.6,15.86,17984837,28.53,29,28.46,28.93,9859700,2025-12-19T03:47:27Z
MRK,2009-02-20,15.41,15.64,15.24,15.41,32291168,28.1,28.52,27.79,28.1,17702800,2025-12-19T03:47:27Z
MRK,2009-02-23,15.28,15.56,15.14,15.51,32775074,27.88,28.39,27.62,28.29,17968100,2025-12-19T03:47:27Z
MRK,2009-02-24,15.64,15.66,15.1,15.3,32354538,28.53,28.56,27.54,27.91,17737500,2025-12-19T03:47:27Z
MRK,2009-02-25,15.3,15.6,15.2,15.45,39798412,27.91,28.45,27.72,28.19,21818400,2025-12-19T03:47:27Z
MRK,2009-02-26,14.28,15.44,14.27,15.44,36285597,26.04,28.17,26.03,28.17,19892700,2025-12-19T03:47:27Z
MRK,2009-02-27,13.27,14.13,13.25,13.96,59308881,24.2,25.78,24.17,25.47,32514500,2025-12-19T03:47:27Z
MRK,2009-03-02,12.85,13.33,12.84,13.06,30318742,23.44,24.32,23.42,23.82,16621500,2025-12-19T03:47:27Z
MRK,2009-03-03,12.64,13.21,12.53,12.98,33031293,23.05,24.1,22.86,23.68,18108600,2025-12-19T03:47:27Z
MRK,2009-03-04,12.92,13.12,12.51,12.94,38697035,23.17,23.53,22.44,23.21,21570300,2025-12-19T03:47:27Z
MRK,2009-03-05,12.34,12.76,12.22,12.6,37026298,22.14,22.89,21.93,22.6,20638900,2025-12-19T03:47:27Z
MRK,2009-03-06,12.68,12.79,12.29,12.46,32366771,22.74,22.94,22.04,22.35,18041700,2025-12-19T03:47:27Z
MRK,2009-03-09,11.7,12.54,11.18,11.23,150966133,20.99,22.5,20.05,20.15,84150496,2025-12-19T03:47:27Z
MRK,2009-03-10,12.37,12.44,11.92,12.06,62323112,22.2,22.31,21.39,21.63,34739800,2025-12-19T03:47:27Z
MRK,2009-03-11,12.23,12.67,12.15,12.34,50496427,21.94,22.73,21.8,22.14,28147500,2025-12-19T03:47:27Z
MRK,2009-03-12,13.39,13.43,12.07,12.19,68876779,24.03,24.09,21.66,21.86,38393000,2025-12-19T03:47:27Z
MRK,2009-03-13,15.09,15.44,13.52,13.52,102712865,27.07,27.7,24.26,24.26,57253600,2025-12-19T03:47:27Z
MRK,2009-03-16,14.61,15.3,14.56,15.04,58634596,26.21,27.44,26.12,26.98,32683700,2025-12-19T03:47:27Z
MRK,2009-03-17,14.83,14.85,14.38,14.5,40463427,26.61,26.64,25.8,26.01,22554900,2025-12-19T03:47:27Z
MRK,2009-03-18,15.03,15.33,14.57,14.66,37978725,26.96,27.5,26.13,26.3,21169900,2025-12-19T03:47:27Z
MRK,2009-03-19,14.52,15.13,14.31,15.12,43178742,26.04,27.14,25.68,27.13,24068500,2025-12-19T03:47:27Z
MRK,2009-03-20,14.89,15.16,14.67,14.84,46041188,26.72,27.2,26.31,26.62,25664000,2025-12-19T03:47:27Z
MRK,2009-03-23,15.6,15.6,14.92,15.16,34919027,27.98,27.98,26.77,27.2,19464300,2025-12-19T03:47:27Z
MRK,2009-03-24,15.47,15.68,15.34,15.39,26473207,27.75,28.12,27.51,27.61,14756500,2025-12-19T03:47:27Z
MRK,2009-03-25,15.33,15.62,14.94,15.59,31250888,27.5,28.02,26.81,27.96,17419700,2025-12-19T03:47:27Z
MRK,2009-03-26,15.37,15.5,15.1,15.48,28272661,27.58,27.81,27.08,27.77,15759600,2025-12-19T03:47:27Z
MRK,2009-03-27,15.14,15.4,14.94,15.01,29183627,27.16,27.62,26.8,26.93,16267400,2025-12-19T03:47:27Z
MRK,2009-03-30,14.8,14.99,14.57,14.93,26097192,26.55,26.9,26.14,26.78,14546900,2025-12-19T03:47:27Z
MRK,2009-03-31,14.91,15.1,14.78,14.94,39284508,26.75,27.08,26.52,26.81,21897700,2025-12-19T03:47:27Z
MRK,2009-04-01,15.04,15.18,14.35,14.77,32319613,26.99,27.23,25.75,26.49,18015400,2025-12-19T03:47:27Z
MRK,2009-04-02,15.05,15.39,14.74,15.17,32239723,27,27.6,26.44,27.21,17970900,2025-12-19T03:47:27Z
MRK,2009-04-03,14.75,15.22,14.54,15.05,27778047,26.46,27.31,26.09,27,15483900,2025-12-19T03:47:27Z
MRK,2009-04-06,14.87,15.35,14.65,14.65,22788495,26.67,27.54,26.28,26.28,12702600,2025-12-19T03:47:27Z
MRK,2009-04-07,14.64,14.81,14.5,14.79,23901209,26.27,26.57,26.01,26.54,13322900,2025-12-19T03:47:27Z
MRK,2009-04-08,14.92,14.92,14.61,14.71,18955209,26.76,26.76,26.21,26.38,10565900,2025-12-19T03:47:27Z
MRK,2009-04-09,14.66,15.3,14.54,15.2,27080925,26.3,27.45,26.08,27.26,15095300,2025-12-19T03:47:27Z
MRK,2009-04-13,14.52,14.78,14.42,14.56,19950388,26.05,26.52,25.87,26.12,11120600,2025-12-19T03:47:27Z
MRK,2009-04-14,14.31,14.59,14.25,14.44,22530996,25.68,26.18,25.57,25.91,12559100,2025-12-19T03:47:27Z
MRK,2009-04-15,14.63,14.71,14.23,14.28,28281704,26.25,26.39,25.53,25.62,15764600,2025-12-19T03:47:27Z
MRK,2009-04-16,14.41,14.78,14.14,14.74,33318983,25.85,26.51,25.36,26.44,18572400,2025-12-19T03:47:27Z
MRK,2009-04-17,14.34,14.77,14.29,14.4,33741077,25.73,26.49,25.64,25.83,18807800,2025-12-19T03:47:27Z
MRK,2009-04-20,14.06,14.44,14.04,14.21,23600200,25.22,25.91,25.19,25.5,13155100,2025-12-19T03:47:27Z
MRK,2009-04-21,13.12,13.68,12.78,13.61,72623365,23.54,24.55,22.93,24.41,40481200,2025-12-19T03:47:27Z
MRK,2009-04-22,12.8,13.1,12.45,13.04,95087313,22.97,23.5,22.33,23.4,53003000,2025-12-19T03:47:27Z
MRK,2009-04-23,12.95,13.01,12.62,12.86,63840651,23.23,23.33,22.64,23.07,35585600,2025-12-19T03:47:27Z
MRK,2009-04-24,13.07,13.13,12.85,12.97,39585355,23.45,23.55,23.05,23.27,22065500,2025-12-19T03:47:27Z
MRK,2009-04-27,13.07,13.21,12.94,13.04,29078174,23.44,23.69,23.21,23.4,16208600,2025-12-19T03:47:27Z
MRK,2009-04-28,12.92,13.17,12.82,13.06,41184771,23.17,23.62,23,23.42,22957000,2025-12-19T03:47:27Z
MRK,2009-04-29,13.32,13.41,12.9,12.95,50078917,23.9,24.06,23.15,23.23,27914700,2025-12-19T03:47:27Z
MRK,2009-04-30,13.51,13.7,13.38,13.45,50385948,24.24,24.58,24,24.12,28085800,2025-12-19T03:47:27Z
MRK,2009-05-01,13.55,13.59,13.27,13.51,27075485,24.3,24.38,23.81,24.23,15092300,2025-12-19T03:47:27Z
MRK,2009-05-04,13.72,13.85,13.56,13.71,34323045,24.62,24.84,24.33,24.6,19132100,2025-12-19T03:47:27Z
MRK,2009-05-05,13.71,13.92,13.58,13.66,30627884,24.59,24.98,24.36,24.5,17072400,2025-12-19T03:47:27Z
MRK,2009-05-06,13.72,13.9,13.51,13.81,40588917,24.61,24.93,24.24,24.78,22624900,2025-12-19T03:47:27Z
MRK,2009-05-07,14.05,14.25,13.63,13.77,49639250,25.21,25.57,24.45,24.7,27669600,2025-12-19T03:47:27Z
MRK,2009-05-08,13.84,14.22,13.74,14.13,33500451,24.82,25.51,24.65,25.35,18673600,2025-12-19T03:47:27Z
MRK,2009-05-11,13.6,13.82,13.56,13.7,29036949,24.4,24.8,24.33,24.58,16185600,2025-12-19T03:47:27Z
MRK,2009-05-12,13.92,14.08,13.53,13.66,41858836,24.98,25.25,24.28,24.5,23332700,2025-12-19T03:47:27Z
MRK,2009-05-13,14.31,14.63,13.85,13.87,45339068,25.67,26.25,24.85,24.89,25272600,2025-12-19T03:47:27Z
MRK,2009-05-14,14.52,14.63,14.3,14.37,36508498,26.05,26.24,25.65,25.77,20350300,2025-12-19T03:47:27Z
MRK,2009-05-15,14.2,14.63,14.13,14.63,32397720,25.47,26.25,25.34,26.25,18058900,2025-12-19T03:47:27Z
MRK,2009-05-18,14.35,14.38,14.06,14.28,26839722,25.74,25.8,25.22,25.61,14960800,2025-12-19T03:47:27Z
MRK,2009-05-19,14.36,14.44,14.1,14.35,28010697,25.77,25.9,25.3,25.74,15613600,2025-12-19T03:47:27Z
MRK,2009-05-20,14.54,14.74,14.38,14.44,27785333,26.09,26.45,25.79,25.9,15487900,2025-12-19T03:47:27Z
MRK,2009-05-21,14.56,14.6,14.16,14.34,40613852,26.12,26.19,25.41,25.73,22638800,2025-12-19T03:47:27Z
MRK,2009-05-22,14.59,14.69,14.48,14.58,26259522,26.17,26.35,25.97,26.15,14637400,2025-12-19T03:47:27Z
MRK,2009-05-26,14.8,14.83,14.3,14.49,28556184,26.56,26.6,25.66,26,15917600,2025-12-19T03:47:27Z
MRK,2009-05-27,14.84,14.94,14.76,14.76,35280322,26.63,26.8,26.47,26.47,19665700,2025-12-19T03:47:27Z
MRK,2009-05-28,14.92,15.05,14.69,14.72,49647929,26.77,27,26.35,26.41,27674500,2025-12-19T03:47:27Z
MRK,2009-05-29,15.37,15.39,14.97,15.02,75122691,27.58,27.61,26.85,26.94,41874500,2025-12-19T03:47:27Z
MRK,2009-06-01,15.35,15.52,15.12,15.45,36312346,27.53,27.85,27.13,27.71,20241000,2025-12-19T03:47:27Z
MRK,2009-06-02,15.44,15.54,15.16,15.34,26183356,27.7,27.87,27.2,27.51,14595000,2025-12-19T03:47:27Z
MRK,2009-06-03,15.38,15.39,15.08,15.29,34959235,27.59,27.61,27.06,27.43,19486700,2025-12-19T03:47:27Z
MRK,2009-06-04,15.02,15.57,14.96,15.53,39038790,26.58,27.55,26.47,27.47,22064700,2025-12-19T03:47:27Z
MRK,2009-06-05,14.73,15.2,14.48,15.11,44946231,26.07,26.9,25.62,26.73,25403500,2025-12-19T03:47:27Z
MRK,2009-06-08,14.66,14.8,14.4,14.62,31290771,25.93,26.18,25.48,25.86,17685500,2025-12-19T03:47:27Z
MRK,2009-06-09,14.54,14.77,14.44,14.66,20658413,25.72,26.13,25.54,25.93,11676100,2025-12-19T03:47:27Z
MRK,2009-06-10,14.46,14.77,14.36,14.65,22724628,25.59,26.13,25.41,25.92,12843900,2025-12-19T03:47:27Z
MRK,2009-06-11,14.8,15.02,14.52,14.52,30210194,26.19,26.57,25.69,25.69,17074700,2025-12-19T03:47:27Z
MRK,2009-06-12,14.74,15.3,14.51,14.76,52675393,26.08,27.07,25.68,26.12,29772100,2025-12-19T03:47:27Z
MRK,2009-06-15,14.11,14.7,14.01,14.6,47748026,24.96,26,24.79,25.83,26987200,2025-12-19T03:47:27Z
MRK,2009-06-16,13.81,14.24,13.77,14.14,47372912,24.43,25.2,24.37,25.01,26775100,2025-12-19T03:47:27Z
MRK,2009-06-17,14,14.12,13.81,13.82,41531506,24.77,24.98,24.43,24.45,23473600,2025-12-19T03:47:27Z
MRK,2009-06-18,14.5,14.64,14.06,14.13,36230028,25.65,25.91,24.88,25,20477100,2025-12-19T03:47:27Z
MRK,2009-06-19,14.64,15,14.59,14.67,47104488,25.91,26.54,25.81,25.96,26623400,2025-12-19T03:47:27Z
MRK,2009-06-22,14.23,14.55,14.22,14.55,32953198,25.18,25.74,25.15,25.74,18625100,2025-12-19T03:47:27Z
MRK,2009-06-23,14.19,14.41,14.13,14.23,24953594,25.11,25.49,25,25.18,14103700,2025-12-19T03:47:27Z
MRK,2009-06-24,14.38,14.51,14.16,14.22,26980435,25.45,25.67,25.05,25.15,15249300,2025-12-19T03:47:27Z
MRK,2009-06-25,15.02,15.03,14.24,14.41,35602947,26.57,26.6,25.19,25.49,20122700,2025-12-19T03:47:27Z
MRK,2009-06-26,15.26,15.29,14.89,14.97,40135172,27,27.06,26.34,26.48,22684400,2025-12-19T03:47:27Z
MRK,2009-06-29,15.74,15.8,15.19,15.29,38915653,27.85,27.95,26.87,27.06,21995100,2025-12-19T03:47:27Z
MRK,2009-06-30,15.8,15.85,15.42,15.74,38425558,27.96,28.05,27.29,27.85,21718000,2025-12-19T03:47:27Z
MRK,2009-07-01,15.85,15.95,15.7,15.88,27242672,28.05,28.22,27.77,28.1,15397500,2025-12-19T03:47:27Z
MRK,2009-07-02,15.27,15.82,15.25,15.78,25712224,27.01,27.99,26.98,27.92,14532500,2025-12-19T03:47:27Z
MRK,2009-07-06,15.76,15.83,15.13,15.24,40934961,27.89,28,26.76,26.97,23136400,2025-12-19T03:47:27Z
MRK,2009-07-07,15.61,16.05,15.55,15.74,39830743,27.62,28.39,27.52,27.85,22512300,2025-12-19T03:47:27Z
MRK,2009-07-08,15.85,16.13,15.67,15.76,37822561,28.04,28.54,27.73,27.89,21377300,2025-12-19T03:47:27Z
MRK,2009-07-09,15.27,15.77,15.02,15.69,47457170,27.01,27.9,26.58,27.76,26822700,2025-12-19T03:47:27Z
MRK,2009-07-10,14.95,15.26,14.84,15.2,31754685,26.45,26.99,26.26,26.9,17947700,2025-12-19T03:47:27Z
MRK,2009-07-13,15.16,15.2,14.77,14.93,27881751,26.82,26.9,26.13,26.42,15758700,2025-12-19T03:47:27Z
MRK,2009-07-14,15.35,15.44,14.16,15.2,24598955,27.16,27.31,25.05,26.9,13903300,2025-12-19T03:47:27Z
MRK,2009-07-15,15.66,15.69,15.16,15.45,36314082,27.71,27.76,26.82,27.34,20524600,2025-12-19T03:47:27Z
MRK,2009-07-16,15.75,15.83,15.57,15.65,22402194,27.87,28,27.55,27.69,12661700,2025-12-19T03:47:27Z
MRK,2009-07-17,15.64,15.75,15.49,15.73,19136632,27.68,27.87,27.41,27.83,10816000,2025-12-19T03:47:27Z
MRK,2009-07-20,15.79,15.83,15.51,15.68,20008072,27.94,28,27.44,27.75,11308500,2025-12-19T03:47:27Z
MRK,2009-07-21,16.76,16.84,16.15,16.24,47210944,29.65,29.79,28.58,28.73,26683500,2025-12-19T03:47:27Z
MRK,2009-07-22,16.65,16.99,16.54,16.71,33544846,29.45,30.06,29.27,29.57,18959500,2025-12-19T03:47:27Z
MRK,2009-07-23,17.1,17.32,16.66,16.68,45040162,30.25,30.64,29.47,29.52,25456700,2025-12-19T03:47:27Z
MRK,2009-07-24,17.52,17.56,16.92,17.11,44415552,30.99,31.06,29.94,30.27,25103600,2025-12-19T03:47:27Z
MRK,2009-07-27,17.39,17.62,17.19,17.59,35502311,30.77,31.18,30.42,31.12,20065900,2025-12-19T03:47:27Z
MRK,2009-07-28,16.97,17.47,16.83,17.36,39888543,30.02,30.91,29.77,30.71,22545000,2025-12-19T03:47:27Z
MRK,2009-07-29,16.88,17.04,16.68,16.96,28190416,29.87,30.14,29.51,30.01,15933200,2025-12-19T03:47:27Z
MRK,2009-07-30,16.92,17.5,16.89,17.08,41027813,29.94,30.97,29.88,30.21,23188800,2025-12-19T03:47:27Z
MRK,2009-07-31,16.96,17.28,16.91,17.07,27467000,30.01,30.58,29.91,30.2,15524300,2025-12-19T03:47:27Z
MRK,2009-08-03,16.97,17.22,16.8,17.21,27515752,30.02,30.47,29.73,30.45,15551900,2025-12-19T03:47:27Z
MRK,2009-08-04,16.87,17.11,16.66,17.04,27150676,29.84,30.27,29.48,30.14,15345500,2025-12-19T03:47:27Z
MRK,2009-08-05,16.74,17.06,16.58,16.88,22580421,29.61,30.18,29.34,29.87,12762400,2025-12-19T03:47:27Z
MRK,2009-08-06,16.59,16.77,16.53,16.77,19414627,29.36,29.68,29.25,29.68,10973100,2025-12-19T03:47:27Z
MRK,2009-08-07,17.01,17.24,16.65,16.79,23055227,30.1,30.5,29.45,29.71,13030800,2025-12-19T03:47:27Z
MRK,2009-08-10,17.3,17.52,17.02,17.12,31587617,30.6,31,30.11,30.29,17853300,2025-12-19T03:47:27Z
MRK,2009-08-11,17.14,17.4,17.04,17.22,19286111,30.33,30.78,30.15,30.46,10900500,2025-12-19T03:47:27Z
MRK,2009-08-12,17.37,17.52,16.96,17.15,21778190,30.74,30.99,30,30.34,12309000,2025-12-19T03:47:27Z
MRK,2009-08-13,17.51,17.51,16.22,17.37,23874866,30.98,30.98,28.69,30.73,13494000,2025-12-19T03:47:27Z
MRK,2009-08-14,17.51,17.57,17.25,17.52,28602952,30.98,31.09,30.52,31,16166300,2025-12-19T03:47:27Z
MRK,2009-08-17,17.45,17.72,17.26,17.3,33071974,30.88,31.35,30.54,30.6,18692200,2025-12-19T03:47:27Z
MRK,2009-08-18,17.36,17.45,17.13,17.45,21825663,30.71,30.87,30.3,30.87,12335800,2025-12-19T03:47:27Z
MRK,2009-08-19,17.79,18.04,17.21,17.33,35997715,31.48,31.92,30.45,30.66,20345800,2025-12-19T03:47:27Z
MRK,2009-08-20,17.71,17.88,17.51,17.88,27289735,31.34,31.64,30.98,31.64,15424100,2025-12-19T03:47:27Z
MRK,2009-08-21,18.4,18.49,17.78,17.89,36673415,32.56,32.72,31.45,31.65,20727800,2025-12-19T03:47:27Z
MRK,2009-08-24,18.37,18.65,18.26,18.65,24019946,32.5,33,32.31,32.99,13576000,2025-12-19T03:47:27Z
MRK,2009-08-25,18.62,18.68,18.37,18.6,33902585,32.95,33.05,32.5,32.91,19161700,2025-12-19T03:47:27Z
MRK,2009-08-26,18.47,18.64,18.35,18.55,17621938,32.68,32.98,32.47,32.82,9959900,2025-12-19T03:47:27Z
MRK,2009-08-27,18.58,18.65,18.2,18.43,17392626,32.87,33,32.21,32.6,9830300,2025-12-19T03:47:27Z
MRK,2009-08-28,18.27,18.61,18.15,18.61,21340130,32.32,32.92,32.12,32.92,12061400,2025-12-19T03:47:27Z
MRK,2009-08-31,18.33,18.48,18.18,18.24,22908397,32.43,32.69,32.16,32.27,12947800,2025-12-19T03:47:27Z
MRK,2009-09-01,17.97,18.39,17.89,18.25,28439682,31.79,32.53,31.66,32.29,16074100,2025-12-19T03:47:27Z
MRK,2009-09-02,17.62,17.96,17.59,17.95,23756062,30.81,31.4,30.75,31.37,13589300,2025-12-19T03:47:27Z
MRK,2009-09-03,17.3,17.66,17.13,17.64,28937109,30.24,30.87,29.94,30.83,16553100,2025-12-19T03:47:27Z
MRK,2009-09-04,17.56,17.56,17.28,17.42,21258808,30.7,30.7,30.21,30.45,12160800,2025-12-19T03:47:27Z
MRK,2009-09-08,17.72,17.75,17.33,17.69,24022378,30.97,31.03,30.3,30.93,13741700,2025-12-19T03:47:27Z
MRK,2009-09-09,18.05,18.09,17.67,17.79,21716856,31.55,31.62,30.89,31.1,12422800,2025-12-19T03:47:27Z
MRK,2009-09-10,18.28,18.35,17.89,18.11,25997095,31.96,32.07,31.27,31.65,14871300,2025-12-19T03:47:27Z
MRK,2009-09-11,18.61,18.66,18.26,18.39,25191881,32.54,32.62,31.92,32.15,14410700,2025-12-19T03:47:27Z
MRK,2009-09-14,18.81,18.84,18.48,18.5,32169939,32.89,32.93,32.3,32.34,18402400,2025-12-19T03:47:27Z
MRK,2009-09-15,18.71,18.83,18.65,18.77,26709999,32.7,32.92,32.6,32.82,15279100,2025-12-19T03:47:27Z
MRK,2009-09-16,18.4,18.75,18.23,18.72,25980704,32.17,32.77,31.86,32.73,14861900,2025-12-19T03:47:27Z
MRK,2009-09-17,18.31,18.52,18.14,18.32,26558078,32.01,32.37,31.71,32.03,15192200,2025-12-19T03:47:27Z
MRK,2009-09-18,18.24,18.51,18.18,18.41,35495334,31.88,32.36,31.78,32.18,20304600,2025-12-19T03:47:27Z
MRK,2009-09-21,18.2,18.35,18.08,18.18,23704259,31.82,32.08,31.6,31.79,13559700,2025-12-19T03:47:27Z
MRK,2009-09-22,17.92,18.21,17.9,18.21,24049520,31.33,31.83,31.29,31.83,13757200,2025-12-19T03:47:27Z
MRK,2009-09-23,17.92,18.08,17.83,17.96,35861005,31.33,31.6,31.16,31.39,20513800,2025-12-19T03:47:27Z
MRK,2009-09-24,17.74,17.96,17.62,17.86,26849238,31.01,31.4,30.8,31.23,15358700,2025-12-19T03:47:27Z
MRK,2009-09-25,17.88,18.14,17.68,17.68,36901749,31.25,31.71,30.91,30.91,21109100,2025-12-19T03:47:27Z
MRK,2009-09-28,18.32,18.55,17.75,17.85,25032532,32.03,32.42,31.02,31.21,14319500,2025-12-19T03:47:27Z
MRK,2009-09-29,18.22,18.43,18.12,18.31,24634041,31.85,32.22,31.68,32,14091600,2025-12-19T03:47:27Z
MRK,2009-09-30,18.09,18.3,17.82,18.29,35678520,31.63,31.99,31.15,31.97,20409400,2025-12-19T03:47:27Z
MRK,2009-10-01,17.84,18.19,17.75,18.16,29870119,31.18,31.8,31.03,31.74,17086800,2025-12-19T03:47:27Z
MRK,2009-10-02,18.1,18.21,17.79,17.84,35798696,31.65,31.83,31.09,31.18,20478100,2025-12-19T03:47:27Z
MRK,2009-10-05,18.17,18.19,17.84,17.97,30535114,31.77,31.8,31.18,31.42,17467200,2025-12-19T03:47:27Z
MRK,2009-10-06,18.6,18.63,18.12,18.27,36116410,32.51,32.56,31.67,31.94,20659900,2025-12-19T03:47:27Z
MRK,2009-10-07,18.41,18.58,18.27,18.53,20258731,32.19,32.48,31.94,32.39,11588700,2025-12-19T03:47:27Z
MRK,2009-10-08,18.55,18.62,18.44,18.53,19937760,32.43,32.55,32.23,32.39,11405100,2025-12-19T03:47:27Z
MRK,2009-10-09,18.63,18.69,18.49,18.57,19850841,32.56,32.68,32.33,32.46,11355400,2025-12-19T03:47:27Z
MRK,2009-10-12,18.8,18.87,18.59,18.72,19091283,32.86,32.99,32.5,32.72,10920900,2025-12-19T03:47:27Z
MRK,2009-10-13,18.55,18.85,18.5,18.73,35286949,32.42,32.95,32.34,32.74,20185400,2025-12-19T03:47:27Z
MRK,2009-10-14,18.82,18.88,18.49,18.73,63912012,32.9,33.01,32.32,32.74,36560000,2025-12-19T03:47:27Z
MRK,2009-10-15,19.05,19.11,18.66,18.77,39164666,33.3,33.4,32.62,32.82,22403600,2025-12-19T03:47:27Z
MRK,2009-10-16,19,19.1,18.85,19.03,35531359,33.21,33.38,32.95,33.27,20325200,2025-12-19T03:47:27Z
MRK,2009-10-19,19.29,19.35,18.94,18.94,48930071,33.73,33.83,33.11,33.11,27989800,2025-12-19T03:47:27Z
MRK,2009-10-20,19.29,19.55,19.24,19.4,40549274,33.72,34.18,33.63,33.91,23195700,2025-12-19T03:47:27Z
MRK,2009-10-21,18.69,19.34,18.65,19.31,42361578,32.68,33.8,32.61,33.75,24232300,2025-12-19T03:47:27Z
MRK,2009-10-22,18.8,18.83,17.88,18.53,42453324,32.87,32.91,31.26,32.39,24284800,2025-12-19T03:47:27Z
MRK,2009-10-23,18.55,18.85,18.41,18.74,29938894,32.43,32.95,32.18,32.76,17126100,2025-12-19T03:47:27Z
MRK,2009-10-26,18.32,18.9,18.23,18.59,32070519,32.02,33.04,31.87,32.5,18345500,2025-12-19T03:47:27Z
MRK,2009-10-27,18.55,18.82,18.4,18.64,32811969,32.43,32.9,32.17,32.59,18769600,2025-12-19T03:47:27Z
MRK,2009-10-28,18.33,18.71,18.31,18.64,26362436,32.05,32.7,32,32.59,15080300,2025-12-19T03:47:27Z
MRK,2009-10-29,17.91,18.32,17.68,18.32,71557522,31.31,32.03,30.9,32.03,40933600,2025-12-19T03:47:27Z
MRK,2009-10-30,17.69,18.18,17.64,17.83,70736699,30.93,31.78,30.83,31.17,40464000,2025-12-19T03:47:27Z
MRK,2009-11-02,17.88,18.02,17.71,17.8,37393508,31.26,31.5,30.96,31.12,21390500,2025-12-19T03:47:27Z
MRK,2009-11-03,17.54,17.89,17.33,17.79,118704392,30.67,31.28,30.29,31.09,67903400,2025-12-19T03:47:27Z
MRK,2009-11-04,18.67,18.79,17.88,17.92,63305650,32.64,32.85,31.25,31.33,36213200,2025-12-19T03:47:27Z
MRK,2009-11-05,18.71,19.12,18.59,18.59,39752385,32.71,33.43,32.49,32.49,22739800,2025-12-19T03:47:27Z
MRK,2009-11-06,18.64,18.85,18.43,18.65,34691084,32.59,32.95,32.22,32.61,19844600,2025-12-19T03:47:27Z
MRK,2009-11-09,19.12,19.16,18.71,18.81,51018197,33.43,33.49,32.7,32.88,29184300,2025-12-19T03:47:27Z
MRK,2009-11-10,19.23,19.3,19.07,19.17,27736759,33.61,33.74,33.33,33.51,15866400,2025-12-19T03:47:27Z
MRK,2009-11-11,19,19.31,18.95,19.3,30554602,33.22,33.75,33.12,33.73,17478300,2025-12-19T03:47:27Z
MRK,2009-11-12,18.87,19.15,18.8,18.9,24646805,32.98,33.48,32.86,33.04,14098900,2025-12-19T03:47:27Z
MRK,2009-11-13,18.93,19.16,18.88,19.05,25392094,33.1,33.5,33,33.3,14525200,2025-12-19T03:47:27Z
MRK,2009-11-16,19.34,19.65,19.18,19.44,43873897,33.81,34.35,33.52,33.98,25097400,2025-12-19T03:47:27Z
MRK,2009-11-17,19.62,19.62,19.08,19.34,28949248,34.29,34.3,33.35,33.8,16560000,2025-12-19T03:47:27Z
MRK,2009-11-18,20.1,20.25,19.5,19.6,49282250,35.14,35.4,34.08,34.27,28191300,2025-12-19T03:47:27Z
MRK,2009-11-19,20.21,20.43,19.88,20.07,41939388,35.33,35.72,34.76,35.09,23990800,2025-12-19T03:47:27Z
MRK,2009-11-20,20.86,20.98,20.21,20.28,63578964,36.46,36.67,35.33,35.45,36369400,2025-12-19T03:47:27Z
MRK,2009-11-23,20.83,21.14,20.7,21.02,39772578,36.42,36.96,36.19,36.75,22751400,2025-12-19T03:47:27Z
MRK,2009-11-24,20.72,21.07,20.51,20.75,37132179,36.22,36.83,35.86,36.28,21241000,2025-12-19T03:47:27Z
MRK,2009-11-25,20.92,20.98,20.57,20.76,19505375,36.57,36.67,35.95,36.29,11157800,2025-12-19T03:47:27Z
MRK,2009-11-27,20.76,20.9,20.38,20.58,15683968,36.29,36.54,35.62,35.98,8971800,2025-12-19T03:47:27Z
MRK,2009-11-30,20.71,20.78,20.52,20.69,32105531,36.21,36.33,35.87,36.16,18365500,2025-12-19T03:47:27Z
