ticker,tradeDate,clsPx,hiPx,loPx,open,stockVolume,unadjClsPx,unadjHiPx,unadjLoPx,unadjOpen,unadjStockVolume,updatedAt
MRVL,2006-01-03,24.77,24.92,23.48,24.15,10306285,58.17,58.51,55.12,56.71,4389500,2026-01-13T03:44:31Z
MRVL,2006-01-04,24.63,25.09,24.49,24.82,7859038,57.82,58.9,57.49,58.27,3347200,2026-01-13T03:44:31Z
MRVL,2006-01-05,25.62,25.64,24.69,24.82,10094483,60.16,60.2,57.96,58.27,4299300,2026-01-13T03:44:31Z
MRVL,2006-01-06,26.14,26.36,25.33,25.78,10680060,61.38,61.89,59.48,60.53,4548700,2026-01-13T03:44:31Z
MRVL,2006-01-09,26.43,26.65,26.2,26.39,10597654,62.06,62.58,61.51,61.97,4513600,2026-01-13T03:44:31Z
MRVL,2006-01-10,27.68,27.68,26.53,26.79,21125622,65,65,62.3,62.89,8997500,2026-01-13T03:44:31Z
MRVL,2006-01-11,28.47,28.7,27.89,27.9,22124846,66.85,67.39,65.49,65.51,9423100,2026-01-13T03:44:31Z
MRVL,2006-01-12,27.24,28.41,27.16,28.08,15039986,63.95,66.71,63.77,65.93,6405600,2026-01-13T03:44:31Z
MRVL,2006-01-13,27.45,27.52,26.54,27.27,13382813,64.46,64.61,62.32,64.03,5699800,2026-01-13T03:44:31Z
MRVL,2006-01-17,26.82,27.36,26.66,27.36,8339176,62.96,64.24,62.6,64.23,3551700,2026-01-13T03:44:31Z
MRVL,2006-01-18,27.24,27.38,25.97,26.19,13978482,63.95,64.28,60.98,61.5,5953500,2026-01-13T03:44:31Z
MRVL,2006-01-19,27.73,28.2,27.67,27.98,10499294,65.1,66.2,64.97,65.69,4471700,2026-01-13T03:44:31Z
MRVL,2006-01-20,26.58,27.87,26.49,27.66,10581949,62.41,65.43,62.2,64.95,4506900,2026-01-13T03:44:31Z
MRVL,2006-01-23,26.82,27.25,26.58,26.83,9622801,62.98,63.99,62.4,63,4098400,2026-01-13T03:44:31Z
MRVL,2006-01-24,27.79,27.85,26.99,26.99,8825188,65.24,65.39,63.36,63.37,3758700,2026-01-13T03:44:31Z
MRVL,2006-01-25,27.38,28.17,27.04,28.14,7854108,64.29,66.14,63.49,66.08,3345100,2026-01-13T03:44:31Z
MRVL,2006-01-26,28.15,28.4,27.38,27.81,8952941,66.1,66.69,64.29,65.29,3813100,2026-01-13T03:44:31Z
MRVL,2006-01-27,30.09,31.38,29.48,29.64,26352616,70.64,73.67,69.21,69.59,11223700,2026-01-13T03:44:31Z
MRVL,2006-01-30,29.34,29.93,29,29.66,10206734,68.89,70.28,68.1,69.64,4347100,2026-01-13T03:44:31Z
MRVL,2006-01-31,29.14,29.76,28.86,29.52,9967487,68.42,69.88,67.75,69.3,4245200,2026-01-13T03:44:31Z
MRVL,2006-02-01,28.83,29.07,28.49,28.88,10950551,67.7,68.25,66.9,67.8,4663900,2026-01-13T03:44:31Z
MRVL,2006-02-02,28.92,29.57,28.6,28.9,11001517,67.91,69.43,67.15,67.86,4685600,2026-01-13T03:44:31Z
MRVL,2006-02-03,28.28,28.98,28.12,28.96,11644360,66.41,68.04,66.02,68,4959400,2026-01-13T03:44:31Z
MRVL,2006-02-06,28.97,29.17,28.41,28.57,8104624,68.01,68.5,66.7,67.08,3451800,2026-01-13T03:44:31Z
MRVL,2006-02-07,28.51,29.37,28.23,28.93,10550703,66.94,68.95,66.27,67.92,4493600,2026-01-13T03:44:31Z
MRVL,2006-02-08,28.86,28.9,28.16,28.82,8923809,67.75,67.86,66.12,67.67,3800700,2026-01-13T03:44:31Z
MRVL,2006-02-09,29.28,29.64,28.83,28.92,11724668,68.75,69.6,67.7,67.9,4993600,2026-01-13T03:44:31Z
MRVL,2006-02-10,28.6,29.36,27.99,29.09,11986015,67.15,68.93,65.71,68.31,5104900,2026-01-13T03:44:31Z
MRVL,2006-02-13,26.97,28.69,26.84,28.43,18811679,63.33,67.35,63.01,66.74,8012000,2026-01-13T03:44:31Z
MRVL,2006-02-14,27.36,27.51,26.16,27.08,19975343,64.25,64.6,61.41,63.59,8507600,2026-01-13T03:44:31Z
MRVL,2006-02-15,27.25,27.75,26.9,27.39,10414273,63.97,65.15,63.17,64.3,4435500,2026-01-13T03:44:31Z
MRVL,2006-02-16,27.89,28.05,27.35,27.35,9346437,65.48,65.85,64.21,64.22,3980700,2026-01-13T03:44:31Z
MRVL,2006-02-17,27.14,27.97,27.14,27.96,9161186,63.72,65.66,63.72,65.65,3901800,2026-01-13T03:44:31Z
MRVL,2006-02-21,26.53,27.26,26.18,27.2,16817354,62.3,64.01,61.46,63.86,7162600,2026-01-13T03:44:31Z
MRVL,2006-02-22,27.4,27.42,26,26.41,13364467,64.33,64.37,61.05,62,5692000,2026-01-13T03:44:31Z
MRVL,2006-02-23,26.76,27.48,26.68,27.45,23765404,62.83,64.53,62.65,64.45,10121800,2026-01-13T03:44:31Z
MRVL,2006-02-24,26.53,27.33,26.22,26.94,33631654,62.3,64.16,61.55,63.25,14323900,2026-01-13T03:44:31Z
MRVL,2006-02-27,26.58,26.92,26.45,26.75,8643232,62.4,63.2,62.1,62.8,3681200,2026-01-13T03:44:31Z
MRVL,2006-02-28,26.07,26.91,26.01,26.59,9755228,61.22,63.18,61.06,62.42,4154800,2026-01-13T03:44:31Z
MRVL,2006-03-01,27.76,27.79,26.02,26.13,19009629,65.18,65.25,61.1,61.36,8096300,2026-01-13T03:44:31Z
MRVL,2006-03-02,27.61,28.22,27.25,27.68,19279195,64.83,66.25,63.98,65,8211100,2026-01-13T03:44:31Z
MRVL,2006-03-03,27.25,28.03,27.25,27.47,11389395,63.98,65.8,63.98,64.49,4850800,2026-01-13T03:44:31Z
MRVL,2006-03-06,26.55,27.55,26.42,27.32,10891614,62.33,64.68,62.03,64.15,4638800,2026-01-13T03:44:31Z
MRVL,2006-03-07,25.11,26.4,24.77,26.38,23346012,58.96,61.98,58.16,61.94,9943200,2026-01-13T03:44:31Z
MRVL,2006-03-08,25.3,25.59,24.57,25.04,15255524,59.41,60.09,57.68,58.79,6497400,2026-01-13T03:44:31Z
MRVL,2006-03-09,24.96,25.8,24.85,25.53,11936715,58.6,60.57,58.34,59.94,5083900,2026-01-13T03:44:31Z
MRVL,2006-03-10,24.33,25.38,24.2,25.13,11394302,57.13,59.59,56.83,59,4852900,2026-01-13T03:44:31Z
MRVL,2006-03-13,24.26,24.91,24,24.56,13052648,56.96,58.48,56.34,57.66,5559200,2026-01-13T03:44:31Z
MRVL,2006-03-14,25,25.02,24.16,24.37,12595777,58.7,58.75,56.73,57.22,5364600,2026-01-13T03:44:31Z
MRVL,2006-03-15,24.65,25.36,24.43,25.13,12655395,57.88,59.55,57.35,59,5390000,2026-01-13T03:44:31Z
MRVL,2006-03-16,23.53,25.09,23.53,24.89,16699933,55.25,58.9,55.24,58.43,7112600,2026-01-13T03:44:31Z
MRVL,2006-03-17,23.09,23.63,22.82,23.34,24258469,54.21,55.49,53.59,54.81,10331800,2026-01-13T03:44:31Z
MRVL,2006-03-20,23.8,24.06,23.19,23.19,15499681,55.88,56.5,54.45,54.45,6601400,2026-01-13T03:44:31Z
MRVL,2006-03-21,23.29,24.42,23.21,23.55,15596162,54.69,57.34,54.5,55.3,6642500,2026-01-13T03:44:31Z
MRVL,2006-03-22,23.27,23.65,22.84,23.11,22471667,54.63,55.53,53.63,54.26,9570800,2026-01-13T03:44:31Z
MRVL,2006-03-23,24.18,24.25,23.35,23.43,22450337,56.77,56.93,54.83,55.02,9561700,2026-01-13T03:44:31Z
MRVL,2006-03-24,24.6,24.61,24,24.05,13232075,57.77,57.78,56.35,56.46,5635600,2026-01-13T03:44:31Z
MRVL,2006-03-27,24.37,24.78,24.31,24.47,8073376,57.23,58.17,57.07,57.45,3438500,2026-01-13T03:44:31Z
MRVL,2006-03-28,23.32,24.44,23.22,24.4,12958757,54.75,57.39,54.52,57.28,5519200,2026-01-13T03:44:31Z
MRVL,2006-03-29,23.6,23.83,23.15,23.46,17453684,55.4,55.96,54.36,55.08,7433600,2026-01-13T03:44:31Z
MRVL,2006-03-30,23.42,23.94,23.27,23.74,12018151,54.98,56.2,54.63,55.74,5118600,2026-01-13T03:44:31Z
MRVL,2006-03-31,23.04,23.55,22.93,23.46,10135576,54.1,55.29,53.84,55.08,4316800,2026-01-13T03:44:31Z
MRVL,2006-04-03,23.73,24.13,23.2,23.25,14122848,55.71,56.65,54.48,54.59,6015000,2026-01-13T03:44:31Z
MRVL,2006-04-04,23.45,24.35,23.41,23.87,16185291,55.07,57.16,54.96,56.04,6893400,2026-01-13T03:44:31Z
MRVL,2006-04-05,24.69,24.73,23.38,23.42,20185498,57.97,58.07,54.9,54.99,8597100,2026-01-13T03:44:31Z
MRVL,2006-04-06,25.63,25.75,24.81,24.94,26153916,60.18,60.45,58.25,58.55,11139100,2026-01-13T03:44:31Z
MRVL,2006-04-07,25.44,25.79,25.12,25.58,19029101,59.74,60.55,58.97,60.06,8104600,2026-01-13T03:44:31Z
MRVL,2006-04-10,24.84,25.81,24.78,25.57,10131342,58.33,60.59,58.17,60.04,4315000,2026-01-13T03:44:31Z
MRVL,2006-04-11,24.06,25.06,23.92,24.86,14563326,56.49,58.85,56.16,58.37,6202600,2026-01-13T03:44:31Z
MRVL,2006-04-12,24.07,24.4,23.81,24.04,8756879,56.51,57.29,55.91,56.45,3729600,2026-01-13T03:44:31Z
MRVL,2006-04-13,24.51,24.9,24.09,24.15,9216834,57.54,58.47,56.55,56.7,3925500,2026-01-13T03:44:31Z
MRVL,2006-04-17,24.18,24.98,24.12,24.67,10408887,56.78,58.66,56.64,57.93,4433200,2026-01-13T03:44:31Z
MRVL,2006-04-18,25.18,25.29,24.27,24.34,11379976,59.11,59.37,56.98,57.14,4846800,2026-01-13T03:44:31Z
MRVL,2006-04-19,25.93,26.04,24.79,25.26,15575043,60.89,61.13,58.2,59.3,6633500,2026-01-13T03:44:31Z
MRVL,2006-04-20,25.98,26.53,25.7,26.04,15295868,60.99,62.28,60.33,61.13,6514600,2026-01-13T03:44:31Z
MRVL,2006-04-21,24.53,25.85,24.41,25.75,21076504,57.59,60.7,57.32,60.45,8976600,2026-01-13T03:44:31Z
MRVL,2006-04-24,24.07,24.64,23.63,24.61,13268446,56.51,57.85,55.48,57.79,5651100,2026-01-13T03:44:31Z
MRVL,2006-04-25,23.82,24.23,23.68,24.17,11141454,55.92,56.88,55.6,56.74,4745200,2026-01-13T03:44:31Z
MRVL,2006-04-26,23.57,24.09,23.32,23.92,8187251,55.35,56.57,54.75,56.17,3487000,2026-01-13T03:44:31Z
MRVL,2006-04-27,23.94,24.33,23.18,23.32,17631603,56.2,57.13,54.42,54.76,7509400,2026-01-13T03:44:31Z
MRVL,2006-04-28,24.31,24.7,23.94,24.07,9511752,57.09,58,56.2,56.52,4051100,2026-01-13T03:44:31Z
MRVL,2006-05-01,23.75,24.49,23.53,24.33,13769514,55.77,57.5,55.24,57.12,5864500,2026-01-13T03:44:31Z
MRVL,2006-05-02,23.37,23.95,23.18,23.92,12415417,54.86,56.24,54.43,56.16,5287800,2026-01-13T03:44:31Z
MRVL,2006-05-03,23.74,23.77,23.21,23.4,13188623,55.75,55.81,54.5,54.95,5617100,2026-01-13T03:44:31Z
MRVL,2006-05-04,24.29,24.48,23.67,23.74,12554454,57.04,57.48,55.58,55.75,5347000,2026-01-13T03:44:31Z
MRVL,2006-05-05,24.66,25.16,24.53,24.88,12417536,57.91,59.08,57.6,58.42,5288700,2026-01-13T03:44:31Z
MRVL,2006-05-08,24.33,24.62,23.87,24.58,11005503,57.12,57.8,56.05,57.7,4687300,2026-01-13T03:44:31Z
MRVL,2006-05-09,24.16,24.43,23.64,24.24,12558663,56.73,57.35,55.5,56.92,5348800,2026-01-13T03:44:31Z
MRVL,2006-05-10,23.86,24.47,23.79,24,9289136,56.01,57.45,55.86,56.36,3956300,2026-01-13T03:44:31Z
MRVL,2006-05-11,23.18,23.87,22.97,23.87,16847617,54.42,56.05,53.94,56.05,7175500,2026-01-13T03:44:31Z
MRVL,2006-05-12,23.32,23.8,22.48,23.02,25114519,54.75,55.87,52.77,54.05,10696400,2026-01-13T03:44:31Z
MRVL,2006-05-15,22.18,23.7,21.88,23.12,22948281,52.07,55.64,51.36,54.29,9773800,2026-01-13T03:44:31Z
MRVL,2006-05-16,21.41,22.57,21.36,22.36,22988678,50.26,53,50.15,52.51,9791000,2026-01-13T03:44:31Z
MRVL,2006-05-17,21.45,21.72,20.76,21.39,26461972,50.36,51,48.75,50.21,11270300,2026-01-13T03:44:31Z
MRVL,2006-05-18,21.17,21.72,21.1,21.68,22368173,49.71,51,49.55,50.9,9526700,2026-01-13T03:44:31Z
MRVL,2006-05-19,23.94,24.08,22.54,22.79,45525134,56.22,56.54,52.92,53.5,19389400,2026-01-13T03:44:31Z
MRVL,2006-05-22,22.58,23.8,21.98,23.59,33479567,53.01,55.88,51.6,55.38,14259100,2026-01-13T03:44:31Z
MRVL,2006-05-23,22.22,22.86,21.48,22.68,35031791,52.18,53.67,50.43,53.24,14920200,2026-01-13T03:44:31Z
MRVL,2006-05-24,21.83,22.87,21.54,22.16,24676619,51.26,53.69,50.58,52.03,10509900,2026-01-13T03:44:31Z
MRVL,2006-05-25,21.12,22.15,20.99,22.14,23438358,49.59,52,49.28,51.99,9982500,2026-01-13T03:44:31Z
MRVL,2006-05-26,21.13,21.67,20.75,21.3,16220714,49.61,50.87,48.72,50.02,6908500,2026-01-13T03:44:31Z
MRVL,2006-05-30,19.94,21.04,19.94,21.03,20624801,46.81,49.4,46.81,49.37,8784200,2026-01-13T03:44:31Z
MRVL,2006-05-31,20.3,20.56,20.02,20.14,22130981,47.67,48.27,47,47.28,9425700,2026-01-13T03:44:31Z
MRVL,2006-06-01,21.13,21.13,20.12,20.29,16531391,49.62,49.62,47.25,47.64,7040800,2026-01-13T03:44:31Z
MRVL,2006-06-02,21.37,21.73,21.16,21.46,17337679,50.18,51.01,49.67,50.39,7384200,2026-01-13T03:44:31Z
MRVL,2006-06-05,20.99,21.65,20.87,21.4,13283686,49.29,50.82,49,50.25,5657600,2026-01-13T03:44:31Z
MRVL,2006-06-06,20.64,21.21,20.58,21.01,17086672,48.45,49.81,48.33,49.33,7277300,2026-01-13T03:44:31Z
MRVL,2006-06-07,20.34,20.94,20.21,20.73,13233209,47.75,49.16,47.45,48.68,5636100,2026-01-13T03:44:31Z
MRVL,2006-06-08,20.04,20.29,19.35,20.21,17112493,47.06,47.65,45.44,47.46,7288300,2026-01-13T03:44:31Z
MRVL,2006-06-09,20.23,20.99,20.05,20.4,11803329,47.5,49.28,47.08,47.9,5027100,2026-01-13T03:44:31Z
MRVL,2006-06-12,19.94,20.72,19.91,20.39,10709437,46.81,48.66,46.75,47.88,4561200,2026-01-13T03:44:31Z
MRVL,2006-06-13,19.95,20.63,19.7,19.83,18056598,46.84,48.44,46.25,46.55,7690400,2026-01-13T03:44:31Z
MRVL,2006-06-14,20.75,20.85,20.18,20.2,15115306,48.73,48.96,47.37,47.44,6437700,2026-01-13T03:44:31Z
MRVL,2006-06-15,22.23,22.39,20.93,20.94,19874602,52.19,52.56,49.15,49.16,8464700,2026-01-13T03:44:31Z
MRVL,2006-06-16,22.42,22.6,21.62,22.16,18153094,52.63,53.07,50.75,52.03,7731500,2026-01-13T03:44:31Z
MRVL,2006-06-19,22.34,22.78,22.25,22.61,13073088,52.46,53.48,52.24,53.09,5567900,2026-01-13T03:44:31Z
MRVL,2006-06-20,21.5,22.4,21.35,22.4,11826595,50.47,52.6,50.13,52.6,5037000,2026-01-13T03:44:31Z
MRVL,2006-06-21,21.79,22.29,21.29,21.56,12640142,51.16,52.33,49.98,50.63,5383500,2026-01-13T03:44:31Z
MRVL,2006-06-22,21.98,22.26,21.47,21.72,10116104,51.6,52.27,50.4,51,4308500,2026-01-13T03:44:31Z
MRVL,2006-06-23,21.88,22.27,21.7,21.92,6082342,51.38,52.28,50.95,51.46,2590500,2026-01-13T03:44:31Z
MRVL,2006-06-26,22.1,22.21,21.83,21.88,4011687,51.9,52.15,51.25,51.38,1708600,2026-01-13T03:44:31Z
MRVL,2006-06-27,18.8,20.23,18.37,19.82,95922526,44.14,47.5,43.13,46.54,40854000,2026-01-13T03:44:31Z
MRVL,2006-06-28,18.02,18.69,17.75,18.68,56329932,42.32,43.89,41.67,43.86,23991200,2026-01-13T03:44:31Z
MRVL,2006-06-29,19.19,19.23,18.15,18.16,29063554,45.05,45.14,42.61,42.63,12378300,2026-01-13T03:44:31Z
MRVL,2006-06-30,18.88,19.23,18.77,19.2,15387209,44.33,45.16,44.08,45.09,6553500,2026-01-13T03:44:31Z
MRVL,2006-07-03,19.1,19.27,18.85,18.98,3772668,44.84,45.24,44.25,44.56,1606800,2026-01-13T03:44:31Z
MRVL,2006-07-05,17.59,18.38,17.42,18.38,32109103,41.31,43.15,40.9,43.15,13675400,2026-01-13T03:44:31Z
MRVL,2006-07-06,17.56,18.27,17.27,17.51,18675486,41.23,42.89,40.56,41.1,7954000,2026-01-13T03:44:31Z
MRVL,2006-07-07,17.77,18.23,17.43,17.6,16477867,41.73,42.8,40.92,41.33,7018000,2026-01-13T03:44:31Z
MRVL,2006-07-10,16.76,18.1,16.66,17.88,19069702,39.35,42.5,39.11,41.98,8121900,2026-01-13T03:44:31Z
MRVL,2006-07-11,17.42,17.54,16.5,16.7,16084078,40.91,41.17,38.75,39.2,6850300,2026-01-13T03:44:31Z
MRVL,2006-07-12,17.22,17.39,16.91,17.38,13503244,40.44,40.83,39.71,40.8,5751100,2026-01-13T03:44:31Z
MRVL,2006-07-13,16.59,17.17,16.57,17.03,22796631,38.95,40.32,38.9,39.99,9709200,2026-01-13T03:44:31Z
MRVL,2006-07-14,16.2,16.99,15.97,16.72,18793588,38.03,39.88,37.49,39.25,8004300,2026-01-13T03:44:31Z
MRVL,2006-07-17,16.32,16.56,16.08,16.31,10013760,38.33,38.88,37.75,38.29,4264900,2026-01-13T03:44:31Z
MRVL,2006-07-18,15.61,16.47,14.97,16.24,34000725,36.66,38.66,35.14,38.12,14481100,2026-01-13T03:44:31Z
MRVL,2006-07-19,15.9,15.95,15.31,15.5,32395325,37.33,37.45,35.94,36.39,13797300,2026-01-13T03:44:31Z
MRVL,2006-07-20,15.55,16.19,15.54,16.01,16076304,36.52,38.01,36.49,37.6,6847000,2026-01-13T03:44:31Z
MRVL,2006-07-21,14.37,15.08,14.24,15.03,28135135,33.75,35.4,33.43,35.3,11982900,2026-01-13T03:44:31Z
MRVL,2006-07-24,14.58,14.69,14.23,14.4,13006446,34.23,34.5,33.41,33.81,5539500,2026-01-13T03:44:31Z
MRVL,2006-07-25,14.76,15.08,14.58,14.72,11977644,17.33,17.7,17.12,17.28,10202700,2026-01-13T03:44:31Z
MRVL,2006-07-26,14.77,14.91,14.3,14.71,11018173,17.34,17.5,16.79,17.27,9385400,2026-01-13T03:44:31Z
MRVL,2006-07-27,15.23,15.5,14.82,14.98,10422016,17.88,18.2,17.4,17.58,8877600,2026-01-13T03:44:31Z
MRVL,2006-07-28,15.6,15.74,15.38,15.55,8918679,18.31,18.48,18.06,18.26,7597000,2026-01-13T03:44:31Z
MRVL,2006-07-31,15.8,16.1,15.5,15.66,8109307,18.55,18.9,18.2,18.38,6907600,2026-01-13T03:44:31Z
MRVL,2006-08-01,15.36,15.73,15.03,15.68,11564107,18.03,18.47,17.64,18.41,9850400,2026-01-13T03:44:31Z
MRVL,2006-08-02,15.72,15.88,15.36,15.41,6107704,18.46,18.64,18.03,18.09,5202600,2026-01-13T03:44:31Z
MRVL,2006-08-03,15.62,16.07,15.4,15.41,8936849,18.34,18.87,18.08,18.09,7612500,2026-01-13T03:44:31Z
MRVL,2006-08-04,15.78,16.17,15.55,15.94,7382885,18.53,18.98,18.25,18.71,6288800,2026-01-13T03:44:31Z
MRVL,2006-08-07,15.33,15.93,15.13,15.76,11062311,18,18.7,17.76,18.5,9423000,2026-01-13T03:44:31Z
MRVL,2006-08-08,14.78,15.56,14.69,15.28,15712427,17.35,18.27,17.25,17.94,13384000,2026-01-13T03:44:31Z
MRVL,2006-08-09,15.03,15.58,14.95,15.14,13398010,17.65,18.29,17.55,17.77,11412600,2026-01-13T03:44:31Z
MRVL,2006-08-10,15.33,15.48,14.8,14.99,8227411,18,18.17,17.37,17.6,7008200,2026-01-13T03:44:31Z
MRVL,2006-08-11,14.98,15.58,14.89,15.55,6042559,17.59,18.29,17.48,18.25,5147100,2026-01-13T03:44:31Z
MRVL,2006-08-14,14.89,15.46,14.89,15.2,6966830,17.48,18.15,17.48,17.84,5934400,2026-01-13T03:44:31Z
MRVL,2006-08-15,15.86,16.01,15.21,15.27,13970606,18.62,18.8,17.86,17.93,11900300,2026-01-13T03:44:31Z
MRVL,2006-08-16,17.6,17.76,15.95,16.13,27908444,20.66,20.85,18.73,18.93,23772700,2026-01-13T03:44:31Z
MRVL,2006-08-17,17.45,18.1,17.04,17.05,27493287,20.48,21.25,20,20.01,23419100,2026-01-13T03:44:31Z
MRVL,2006-08-18,16.23,16.52,15.78,15.95,44438494,19.05,19.39,18.53,18.73,37853200,2026-01-13T03:44:31Z
MRVL,2006-08-21,15.87,16.07,15.67,15.79,8853628,18.63,18.87,18.4,18.54,7541600,2026-01-13T03:44:31Z
MRVL,2006-08-22,15.35,16.01,15.26,15.78,11237259,18.02,18.79,17.92,18.53,9572000,2026-01-13T03:44:31Z
MRVL,2006-08-23,14.98,15.81,14.92,15.47,12595563,17.59,18.56,17.52,18.16,10729000,2026-01-13T03:44:31Z
MRVL,2006-08-24,14.92,15.16,14.74,15.16,9191376,17.52,17.8,17.3,17.8,7829300,2026-01-13T03:44:31Z
MRVL,2006-08-25,14.75,15.12,14.72,14.96,9117612,17.32,17.75,17.28,17.56,7766500,2026-01-13T03:44:31Z
MRVL,2006-08-28,14.93,14.98,14.75,14.84,6459316,17.53,17.58,17.31,17.42,5502100,2026-01-13T03:44:31Z
MRVL,2006-08-29,14.98,15.11,14.73,14.98,10336603,17.59,17.74,17.29,17.58,8804800,2026-01-13T03:44:31Z
MRVL,2006-08-30,15.13,15.24,14.86,14.96,13778610,17.76,17.89,17.44,17.56,11736800,2026-01-13T03:44:31Z
MRVL,2006-08-31,14.92,15.16,14.76,15.15,11721857,17.51,17.8,17.33,17.78,9984800,2026-01-13T03:44:31Z
MRVL,2006-09-01,15.15,15.2,14.76,15.06,9592269,17.78,17.84,17.33,17.68,8170800,2026-01-13T03:44:31Z
MRVL,2006-09-05,15.78,15.82,14.85,15.25,14184771,18.53,18.57,17.43,17.9,12082700,2026-01-13T03:44:31Z
MRVL,2006-09-06,15.22,16.4,15.21,15.97,31664575,17.87,19.25,17.85,18.75,26972300,2026-01-13T03:44:31Z
MRVL,2006-09-07,15.33,15.63,14.98,15.08,14751392,18,18.35,17.58,17.7,12565400,2026-01-13T03:44:31Z
MRVL,2006-09-08,15.15,15.47,15.09,15.43,7542400,17.78,18.16,17.71,18.11,6424700,2026-01-13T03:44:31Z
MRVL,2006-09-11,15.15,15.43,14.81,15.03,10435544,17.79,18.11,17.39,17.64,8889100,2026-01-13T03:44:31Z
MRVL,2006-09-12,16.48,16.49,15.25,15.28,19424078,19.35,19.36,17.9,17.94,16545600,2026-01-13T03:44:31Z
MRVL,2006-09-13,16.12,16.69,15.93,16.15,16372022,18.92,19.59,18.7,18.96,13945900,2026-01-13T03:44:31Z
MRVL,2006-09-14,16.64,16.97,16.03,16.1,22492624,19.53,19.92,18.82,18.9,19159500,2026-01-13T03:44:31Z
MRVL,2006-09-15,17.03,17.55,16.66,16.95,28791835,19.99,20.6,19.56,19.9,24525200,2026-01-13T03:44:31Z
MRVL,2006-09-18,17.76,17.86,17.02,17.1,21739988,20.85,20.97,19.98,20.07,18518300,2026-01-13T03:44:31Z
MRVL,2006-09-19,17.33,17.99,16.87,17.97,19197020,20.34,21.12,19.81,21.1,16352200,2026-01-13T03:44:31Z
MRVL,2006-09-20,17.37,17.61,16.99,17.57,13362608,20.39,20.67,19.94,20.63,11382400,2026-01-13T03:44:31Z
MRVL,2006-09-21,16.45,17.45,16.33,17.45,22755944,19.31,20.49,19.17,20.48,19383800,2026-01-13T03:44:31Z
MRVL,2006-09-22,16.07,16.55,15.97,16.46,20807165,18.87,19.43,18.75,19.32,17723800,2026-01-13T03:44:31Z
MRVL,2006-09-25,16.43,16.61,16.03,16.36,17066145,19.29,19.5,18.82,19.2,14537100,2026-01-13T03:44:31Z
MRVL,2006-09-26,16.04,16.56,16.01,16.41,14896849,18.83,19.44,18.8,19.27,12689300,2026-01-13T03:44:31Z
MRVL,2006-09-27,16.76,17.12,16.07,16.18,25562042,19.67,20.1,18.87,19,21774000,2026-01-13T03:44:31Z
MRVL,2006-09-28,16.76,17.06,16.61,16.84,14893346,19.67,20.03,19.5,19.77,12686300,2026-01-13T03:44:31Z
MRVL,2006-09-29,16.5,17.12,16.47,16.92,16711903,19.37,20.1,19.34,19.86,14235400,2026-01-13T03:44:31Z
MRVL,2006-10-02,16.26,16.78,16.24,16.6,19963783,19.09,19.7,19.07,19.49,17005400,2026-01-13T03:44:31Z
MRVL,2006-10-03,14.31,14.61,13.55,13.84,94508211,16.8,17.15,15.91,16.25,80503000,2026-01-13T03:44:31Z
MRVL,2006-10-04,13.98,14.27,13.69,14.21,37328047,16.41,16.75,16.07,16.68,31796400,2026-01-13T03:44:31Z
MRVL,2006-10-05,14.4,14.45,13.88,14,21225400,16.91,16.96,16.29,16.43,18080000,2026-01-13T03:44:31Z
MRVL,2006-10-06,14.49,14.69,14.16,14.28,13227235,17.01,17.24,16.62,16.76,11267100,2026-01-13T03:44:31Z
MRVL,2006-10-09,14.56,14.86,14.4,14.48,10603680,17.09,17.44,16.9,17,9032300,2026-01-13T03:44:31Z
MRVL,2006-10-10,14.7,14.78,14.39,14.69,10999666,17.26,17.35,16.89,17.24,9369600,2026-01-13T03:44:31Z
MRVL,2006-10-11,15,15.28,14.56,14.59,13956140,17.61,17.94,17.09,17.13,11888000,2026-01-13T03:44:31Z
MRVL,2006-10-12,14.84,15.21,14.76,15.17,12609057,17.42,17.85,17.33,17.81,10740500,2026-01-13T03:44:31Z
MRVL,2006-10-13,14.74,14.88,14.64,14.86,10183030,17.3,17.47,17.19,17.45,8674000,2026-01-13T03:44:31Z
MRVL,2006-10-16,15.29,15.54,14.87,14.94,15423148,17.95,18.24,17.46,17.54,13137600,2026-01-13T03:44:31Z
MRVL,2006-10-17,14.9,15.23,14.78,15.16,13244934,17.49,17.88,17.35,17.8,11282200,2026-01-13T03:44:31Z
MRVL,2006-10-18,14.47,15.18,14.4,15.16,17395135,16.99,17.82,16.91,17.8,14817400,2026-01-13T03:44:31Z
MRVL,2006-10-19,14.41,14.61,14.27,14.46,17771013,16.92,17.15,16.75,16.98,15137500,2026-01-13T03:44:31Z
MRVL,2006-10-20,14.56,14.8,14.16,14.48,13363456,17.09,17.37,16.62,17,11383100,2026-01-13T03:44:31Z
MRVL,2006-10-23,13.94,14.49,13.86,14.44,20340964,16.37,17.01,16.27,16.95,17326600,2026-01-13T03:44:31Z
MRVL,2006-10-24,13.9,14.14,13.8,14.02,14767067,16.32,16.6,16.2,16.46,12578700,2026-01-13T03:44:31Z
MRVL,2006-10-25,14.05,14.31,13.96,14.07,15727860,16.49,16.8,16.39,16.52,13397200,2026-01-13T03:44:31Z
MRVL,2006-10-26,14.38,14.48,14.09,14.2,22778008,16.88,17,16.54,16.67,19402600,2026-01-13T03:44:31Z
MRVL,2006-10-27,15.03,15.26,14.42,14.45,34113236,17.65,17.92,16.93,16.96,29058100,2026-01-13T03:44:31Z
MRVL,2006-10-30,14.97,15.19,14.71,15.16,10472876,17.57,17.83,17.27,17.8,8920900,2026-01-13T03:44:31Z
MRVL,2006-10-31,15.57,15.67,15.01,15.07,22392533,18.28,18.4,17.62,17.69,19074200,2026-01-13T03:44:31Z
MRVL,2006-11-01,15.21,15.91,15.18,15.69,17661012,17.86,18.68,17.82,18.42,15043800,2026-01-13T03:44:31Z
MRVL,2006-11-02,15.62,15.71,15.07,15.09,17958224,18.34,18.44,17.69,17.71,15297000,2026-01-13T03:44:31Z
MRVL,2006-11-03,15.64,16.07,15.59,15.97,15541760,18.36,18.87,18.3,18.75,13238600,2026-01-13T03:44:31Z
MRVL,2006-11-06,15.92,16.01,15.65,15.89,10477355,18.69,18.8,18.37,18.65,8924700,2026-01-13T03:44:31Z
MRVL,2006-11-07,16.4,16.56,15.91,15.92,19773823,19.25,19.44,18.68,18.69,16843600,2026-01-13T03:44:31Z
MRVL,2006-11-08,16.31,16.52,16.01,16.16,10489168,19.15,19.39,18.8,18.97,8934800,2026-01-13T03:44:31Z
MRVL,2006-11-09,15.51,16.73,15.43,16.68,22968089,18.21,19.64,18.11,19.58,19564500,2026-01-13T03:44:31Z
MRVL,2006-11-10,16.01,16.03,15.52,15.67,9952823,18.8,18.82,18.22,18.39,8477900,2026-01-13T03:44:31Z
MRVL,2006-11-13,16.46,16.59,16.07,16.17,12567215,19.32,19.48,18.86,18.98,10704900,2026-01-13T03:44:31Z
MRVL,2006-11-14,16.81,16.87,16.14,16.53,13065715,19.73,19.8,18.95,19.41,11129500,2026-01-13T03:44:31Z
MRVL,2006-11-15,16.76,17.17,16.65,16.91,17241288,19.67,20.16,19.55,19.85,14686300,2026-01-13T03:44:31Z
MRVL,2006-11-16,16.71,16.82,16.42,16.82,23224799,19.62,19.75,19.28,19.75,19783100,2026-01-13T03:44:31Z
MRVL,2006-11-17,16.23,16.61,15.59,15.79,33158879,19.05,19.5,18.3,18.54,28245100,2026-01-13T03:44:31Z
MRVL,2006-11-20,17.77,17.84,16.44,16.6,35507125,20.86,20.94,19.3,19.49,30245400,2026-01-13T03:44:31Z
MRVL,2006-11-21,17.33,18.19,17.19,18.08,29135428,20.35,21.35,20.18,21.23,24817800,2026-01-13T03:44:31Z
MRVL,2006-11-22,17.73,17.86,17.08,17.46,17085819,20.81,20.97,20.05,20.5,14553900,2026-01-13T03:44:31Z
MRVL,2006-11-24,17.56,17.84,17.38,17.46,5479275,20.61,20.94,20.4,20.5,4667300,2026-01-13T03:44:31Z
MRVL,2006-11-27,17.1,17.85,17.09,17.53,15408667,20.08,20.95,20.06,20.58,13125300,2026-01-13T03:44:31Z
MRVL,2006-11-28,17.21,17.33,16.64,16.98,20327024,20.2,20.34,19.53,19.93,17314800,2026-01-13T03:44:31Z
MRVL,2006-11-29,17.29,17.77,17.12,17.61,15312283,20.3,20.86,20.1,20.67,13043200,2026-01-13T03:44:31Z
MRVL,2006-11-30,17.56,17.8,17.16,17.48,15413653,20.61,20.9,20.15,20.52,13129500,2026-01-13T03:44:31Z
MRVL,2006-12-01,17.21,17.63,16.98,17.51,15757586,20.2,20.7,19.93,20.56,13422500,2026-01-13T03:44:31Z
MRVL,2006-12-04,17.42,17.63,17.08,17.29,10411368,20.45,20.7,20.05,20.3,8868500,2026-01-13T03:44:31Z
MRVL,2006-12-05,17.5,17.76,17.43,17.55,10013253,20.54,20.85,20.46,20.6,8529400,2026-01-13T03:44:31Z
MRVL,2006-12-06,18.09,18.4,17.6,17.72,20402725,21.24,21.6,20.66,20.8,17379300,2026-01-13T03:44:31Z
MRVL,2006-12-07,17.78,18.61,17.7,18.26,21666070,20.87,21.85,20.78,21.44,18455400,2026-01-13T03:44:31Z
MRVL,2006-12-08,17.64,17.93,17.35,17.55,13859650,20.71,21.05,20.37,20.6,11805800,2026-01-13T03:44:31Z
MRVL,2006-12-11,17.5,17.87,17.44,17.63,8913831,20.54,20.98,20.47,20.7,7592900,2026-01-13T03:44:31Z
MRVL,2006-12-12,17.18,17.58,17,17.46,14815047,20.17,20.64,19.96,20.5,12619600,2026-01-13T03:44:31Z
MRVL,2006-12-13,16.86,17.37,16.8,17.37,19199022,19.79,20.39,19.72,20.39,16353900,2026-01-13T03:44:31Z
MRVL,2006-12-14,17.14,17.27,16.87,16.91,10264037,20.12,20.28,19.8,19.85,8743000,2026-01-13T03:44:31Z
MRVL,2006-12-15,17.04,17.38,16.87,17.33,12133821,20.01,20.4,19.81,20.34,10335700,2026-01-13T03:44:31Z
MRVL,2006-12-18,16.77,17.25,16.64,17.11,11259109,19.69,20.25,19.54,20.09,9590600,2026-01-13T03:44:31Z
MRVL,2006-12-19,17.01,17.09,16.48,16.7,11436551,19.97,20.06,19.35,19.6,9741800,2026-01-13T03:44:31Z
MRVL,2006-12-20,16.86,17.19,16.78,17.12,8713456,19.79,20.18,19.7,20.1,7422200,2026-01-13T03:44:31Z
MRVL,2006-12-21,16.53,17.01,16.36,16.78,9369350,19.4,19.97,19.2,19.7,7980900,2026-01-13T03:44:31Z
MRVL,2006-12-22,16.44,16.84,16.37,16.62,6312687,19.3,19.77,19.22,19.51,5377200,2026-01-13T03:44:31Z
MRVL,2006-12-26,16.47,16.59,16.41,16.51,4127795,19.33,19.48,19.27,19.38,3516100,2026-01-13T03:44:31Z
MRVL,2006-12-27,16.41,16.7,16.36,16.65,5763132,19.27,19.6,19.21,19.55,4909100,2026-01-13T03:44:31Z
MRVL,2006-12-28,16.31,16.48,16.27,16.35,5937225,19.15,19.35,19.1,19.19,5057400,2026-01-13T03:44:31Z
MRVL,2006-12-29,16.35,16.62,16.3,16.31,5842159,19.19,19.51,19.13,19.15,4976400,2026-01-13T03:44:31Z
MRVL,2007-01-03,16.64,17.12,16.34,16.52,14988642,19.54,20.1,19.18,19.4,12767500,2026-01-13T03:44:31Z
MRVL,2007-01-04,16.99,17.13,16.36,16.67,15707736,19.95,20.11,19.2,19.57,13380000,2026-01-13T03:44:31Z
MRVL,2007-01-05,16.53,16.68,16.33,16.63,14999148,19.41,19.58,19.17,19.52,12776400,2026-01-13T03:44:31Z
MRVL,2007-01-08,16.51,16.81,16.4,16.49,8814980,19.38,19.73,19.25,19.36,7508700,2026-01-13T03:44:31Z
MRVL,2007-01-09,16.81,17.01,16.36,16.66,20863586,19.73,19.97,19.2,19.56,17771800,2026-01-13T03:44:31Z
MRVL,2007-01-10,17.79,17.97,16.74,16.82,33466131,20.88,21.1,19.65,19.75,28506800,2026-01-13T03:44:31Z
MRVL,2007-01-11,17.63,17.93,17.16,17.73,28812827,20.7,21.05,20.14,20.81,24543100,2026-01-13T03:44:31Z
MRVL,2007-01-12,17.37,17.68,17.18,17.28,16227332,20.39,20.75,20.17,20.29,13822600,2026-01-13T03:44:31Z
MRVL,2007-01-16,16.95,17.52,16.87,17.29,15358840,19.9,20.57,19.8,20.3,13082800,2026-01-13T03:44:31Z
MRVL,2007-01-17,16.7,17.07,16.63,16.87,12569335,19.6,20.04,19.52,19.81,10706700,2026-01-13T03:44:31Z
MRVL,2007-01-18,15.98,16.61,15.84,16.52,21018597,18.76,19.5,18.6,19.4,17903900,2026-01-13T03:44:31Z
MRVL,2007-01-19,15.72,16.18,15.69,15.82,15967639,18.45,19,18.42,18.57,13601400,2026-01-13T03:44:31Z
MRVL,2007-01-22,15.59,15.8,15.26,15.79,16703865,18.3,18.55,17.92,18.54,14228500,2026-01-13T03:44:31Z
MRVL,2007-01-23,15.63,15.88,15.46,15.5,12947147,18.35,18.64,18.15,18.2,11028500,2026-01-13T03:44:31Z
MRVL,2007-01-24,16.48,16.57,15.79,15.96,17355891,19.35,19.45,18.54,18.74,14783900,2026-01-13T03:44:31Z
MRVL,2007-01-25,16.14,16.9,16.01,16.61,18984162,18.95,19.84,18.8,19.5,16170900,2026-01-13T03:44:31Z
MRVL,2007-01-26,16.2,16.41,15.75,16.07,13961938,19.02,19.27,18.49,18.86,11892900,2026-01-13T03:44:31Z
MRVL,2007-01-29,16.22,16.23,15.84,16.13,11143892,19.04,19.05,18.6,18.93,9492500,2026-01-13T03:44:31Z
MRVL,2007-01-30,16.01,16.32,15.97,16.32,6188238,18.79,19.16,18.75,19.16,5271200,2026-01-13T03:44:31Z
MRVL,2007-01-31,15.58,16.05,15.45,15.99,21436359,18.29,18.84,18.14,18.77,18259700,2026-01-13T03:44:31Z
MRVL,2007-02-01,15.63,15.72,15.25,15.67,29226731,18.35,18.45,17.9,18.4,24895600,2026-01-13T03:44:31Z
MRVL,2007-02-02,15.72,15.94,15.61,15.66,11706140,18.46,18.71,18.32,18.38,9971400,2026-01-13T03:44:31Z
MRVL,2007-02-05,15.49,15.75,15.29,15.51,16662779,18.19,18.49,17.95,18.21,14193500,2026-01-13T03:44:31Z
MRVL,2007-02-06,15.66,15.67,15.33,15.51,15517277,18.38,18.4,18,18.21,13217800,2026-01-13T03:44:31Z
MRVL,2007-02-07,16.01,16.14,15.7,15.97,22185501,18.8,18.95,18.43,18.75,18897800,2026-01-13T03:44:31Z
MRVL,2007-02-08,15.8,16.01,15.72,16,11293815,18.55,18.8,18.46,18.78,9620200,2026-01-13T03:44:31Z
MRVL,2007-02-09,15.6,16.36,15.55,16.07,19193297,18.31,19.2,18.26,18.87,16349000,2026-01-13T03:44:31Z
MRVL,2007-02-12,15.26,15.68,15.21,15.63,16118869,17.91,18.41,17.86,18.35,13730200,2026-01-13T03:44:31Z
MRVL,2007-02-13,15.55,15.6,15.26,15.43,17943850,18.26,18.31,17.92,18.11,15284800,2026-01-13T03:44:31Z
MRVL,2007-02-14,15.75,15.92,15.63,15.66,15880973,18.49,18.69,18.35,18.38,13527600,2026-01-13T03:44:31Z
MRVL,2007-02-15,16.48,16.52,15.68,15.72,23910764,19.35,19.39,18.41,18.46,20367400,2026-01-13T03:44:31Z
MRVL,2007-02-16,16.87,16.92,16.33,16.41,21181665,19.81,19.86,19.17,19.27,18042800,2026-01-13T03:44:31Z
MRVL,2007-02-20,16.89,17.05,16.52,16.84,13528715,19.83,20.02,19.4,19.77,11523900,2026-01-13T03:44:31Z
MRVL,2007-02-21,17,17.08,16.61,16.9,15882440,19.96,20.05,19.5,19.84,13528800,2026-01-13T03:44:31Z
MRVL,2007-02-22,17.19,17.4,16.97,17.2,16168183,20.18,20.43,19.92,20.19,13772200,2026-01-13T03:44:31Z
MRVL,2007-02-23,17.1,17.31,16.91,17.07,14475481,20.08,20.32,19.85,20.04,12330400,2026-01-13T03:44:31Z
MRVL,2007-02-26,16.92,17.08,16.68,16.97,19801184,19.86,20.05,19.58,19.92,16866900,2026-01-13T03:44:31Z
MRVL,2007-02-27,17.43,18.06,17.22,17.32,48001521,20.46,21.2,20.21,20.33,40888100,2026-01-13T03:44:31Z
MRVL,2007-02-28,17.48,17.61,17.06,17.29,20247990,20.52,20.68,20.03,20.3,17247400,2026-01-13T03:44:31Z
MRVL,2007-03-01,17.38,17.75,17.04,17.14,19988874,20.4,20.84,20,20.12,17026700,2026-01-13T03:44:31Z
MRVL,2007-03-02,16.89,17.46,16.87,17.33,15473396,19.83,20.5,19.8,20.35,13180400,2026-01-13T03:44:31Z
MRVL,2007-03-05,16.26,16.73,16.24,16.4,15762976,19.09,19.64,19.06,19.25,13427100,2026-01-13T03:44:31Z
MRVL,2007-03-06,16.39,16.52,16.21,16.42,15916601,19.24,19.4,19.03,19.28,13557900,2026-01-13T03:44:31Z
MRVL,2007-03-07,16.21,16.57,16.13,16.34,9636154,19.03,19.45,18.93,19.18,8208200,2026-01-13T03:44:31Z
MRVL,2007-03-08,16,16.57,15.97,16.5,17381803,18.78,19.45,18.75,19.37,14806000,2026-01-13T03:44:31Z
MRVL,2007-03-09,15.88,16.25,15.76,16.19,11363946,18.64,19.08,18.5,19.01,9679900,2026-01-13T03:44:31Z
MRVL,2007-03-12,16.07,16.25,15.84,15.9,9241636,18.86,19.08,18.6,18.66,7872100,2026-01-13T03:44:31Z
MRVL,2007-03-13,15.2,15.71,15.18,15.59,19818258,17.84,18.44,17.82,18.3,16881400,2026-01-13T03:44:31Z
MRVL,2007-03-14,15.31,15.35,14.77,15.21,20546868,17.97,18.02,17.34,17.85,17502000,2026-01-13T03:44:31Z
MRVL,2007-03-15,15.44,15.6,15.29,15.32,14142956,18.13,18.31,17.95,17.98,12047100,2026-01-13T03:44:31Z
MRVL,2007-03-16,15.15,15.51,15.03,15.41,9904556,17.79,18.21,17.64,18.09,8436800,2026-01-13T03:44:31Z
MRVL,2007-03-19,14.87,15.38,14.77,15.3,12262948,17.46,18.05,17.34,17.96,10445700,2026-01-13T03:44:31Z
MRVL,2007-03-20,15.27,15.38,14.82,14.91,13713814,17.93,18.05,17.4,17.5,11681600,2026-01-13T03:44:31Z
MRVL,2007-03-21,15.39,15.4,15.06,15.31,9700289,18.07,18.08,17.68,17.97,8262800,2026-01-13T03:44:31Z
MRVL,2007-03-22,15.4,15.55,15.15,15.42,10430864,18.08,18.25,17.79,18.1,8885100,2026-01-13T03:44:31Z
MRVL,2007-03-23,15.5,15.65,15.38,15.38,7751582,18.2,18.37,18.05,18.05,6602900,2026-01-13T03:44:31Z
MRVL,2007-03-26,15.33,15.48,15.05,15.41,10045067,18,18.17,17.67,18.09,8556500,2026-01-13T03:44:31Z
MRVL,2007-03-27,15.05,15.42,15.03,15.26,8224242,17.67,18.1,17.65,17.92,7005500,2026-01-13T03:44:31Z
MRVL,2007-03-28,14.56,15.03,14.5,14.99,19809627,17.09,17.64,17.02,17.6,16874000,2026-01-13T03:44:31Z
MRVL,2007-03-29,14.28,14.69,14.23,14.67,15749001,16.77,17.25,16.7,17.22,13415200,2026-01-13T03:44:31Z
MRVL,2007-03-30,14.32,14.61,14.26,14.4,13059860,16.81,17.15,16.74,16.91,11124500,2026-01-13T03:44:31Z
MRVL,2007-04-02,14.21,14.36,13.99,14.32,10552463,16.68,16.86,16.42,16.81,8988700,2026-01-13T03:44:31Z
MRVL,2007-04-03,14.12,14.29,13.99,14.22,14861187,16.58,16.77,16.42,16.69,12658900,2026-01-13T03:44:31Z
MRVL,2007-04-04,14.35,14.57,14.14,14.18,10475340,16.85,17.1,16.6,16.65,8923000,2026-01-13T03:44:31Z
MRVL,2007-04-05,14.63,14.69,14.39,14.4,8182691,17.18,17.25,16.89,16.91,6970100,2026-01-13T03:44:31Z
MRVL,2007-04-09,14.48,14.78,14.46,14.75,8463489,17,17.35,16.97,17.32,7209300,2026-01-13T03:44:31Z
MRVL,2007-04-10,14.44,14.54,14.19,14.41,6872180,16.95,17.07,16.66,16.92,5853800,2026-01-13T03:44:31Z
MRVL,2007-04-11,14.39,14.57,14.31,14.46,7415840,16.89,17.1,16.8,16.97,6316900,2026-01-13T03:44:31Z
MRVL,2007-04-12,14.4,14.49,14.29,14.42,6755265,16.91,17.01,16.77,16.93,5754200,2026-01-13T03:44:31Z
MRVL,2007-04-13,14.34,14.46,14.23,14.44,7032535,16.83,16.97,16.71,16.95,5990400,2026-01-13T03:44:31Z
MRVL,2007-04-16,14.3,14.5,14.24,14.36,7356799,16.79,17.02,16.72,16.86,6266600,2026-01-13T03:44:31Z
MRVL,2007-04-17,14.53,14.57,14.17,14.33,9258388,17.06,17.1,16.63,16.82,7886400,2026-01-13T03:44:31Z
MRVL,2007-04-18,14.63,14.89,14.35,14.46,10702032,17.18,17.48,16.85,16.98,9116100,2026-01-13T03:44:31Z
MRVL,2007-04-19,14.78,15.03,14.4,14.51,8235523,17.35,17.64,16.91,17.03,7015100,2026-01-13T03:44:31Z
MRVL,2007-04-20,14.77,15.07,14.55,15.06,11514293,17.34,17.69,17.08,17.68,9808000,2026-01-13T03:44:31Z
MRVL,2007-04-23,14.2,14.74,14.14,14.66,15283895,16.67,17.3,16.6,17.21,13019000,2026-01-13T03:44:31Z
MRVL,2007-04-24,14.43,14.54,14.06,14.35,15453757,16.94,17.07,16.51,16.85,13163700,2026-01-13T03:44:31Z
MRVL,2007-04-25,14.27,14.41,14.14,14.32,17257743,16.75,16.92,16.6,16.81,14700300,2026-01-13T03:44:31Z
MRVL,2007-04-26,14.23,14.4,14.18,14.27,21818758,16.7,16.91,16.65,16.75,18585400,2026-01-13T03:44:31Z
MRVL,2007-04-27,13.87,14.06,13.66,14.02,30731664,16.28,16.51,16.04,16.46,26177600,2026-01-13T03:44:31Z
MRVL,2007-04-30,13.75,13.97,13.63,13.86,20568221,16.14,16.4,16,16.27,17520200,2026-01-13T03:44:31Z
MRVL,2007-05-01,13.95,14.06,13.61,13.78,17973776,16.38,16.51,15.98,16.18,15310300,2026-01-13T03:44:31Z
MRVL,2007-05-02,14.08,14.2,13.84,13.97,9482057,16.53,16.67,16.25,16.4,8076900,2026-01-13T03:44:31Z
MRVL,2007-05-03,14.57,14.79,13.85,14,23216720,17.1,17.36,16.26,16.44,19776300,2026-01-13T03:44:31Z
MRVL,2007-05-04,14.99,15.09,14.51,14.72,21157824,17.6,17.71,17.03,17.28,18022500,2026-01-13T03:44:31Z
MRVL,2007-05-07,15.16,15.72,15.07,15.49,22751579,17.8,18.46,17.69,18.19,19380000,2026-01-13T03:44:31Z
MRVL,2007-05-08,15.11,15.34,14.92,15.32,9401984,17.74,18.01,17.52,17.99,8008700,2026-01-13T03:44:31Z
MRVL,2007-05-09,15.09,15.13,14.85,14.96,12377150,17.72,17.76,17.43,17.56,10543000,2026-01-13T03:44:31Z
MRVL,2007-05-10,14.78,15.49,14.68,15.21,13622994,17.35,18.18,17.23,17.85,11604200,2026-01-13T03:44:31Z
MRVL,2007-05-11,14.92,15.03,14.75,14.84,5570847,17.52,17.64,17.32,17.42,4745300,2026-01-13T03:44:31Z
MRVL,2007-05-14,14.65,15.09,14.61,14.99,7327941,17.2,17.71,17.15,17.6,6242000,2026-01-13T03:44:31Z
MRVL,2007-05-15,14.45,14.88,14.38,14.68,11439167,16.96,17.47,16.88,17.23,9744000,2026-01-13T03:44:31Z
MRVL,2007-05-16,14.51,14.58,14.23,14.51,12663689,17.04,17.11,16.7,17.03,10787100,2026-01-13T03:44:31Z
MRVL,2007-05-17,14.48,14.69,14.34,14.66,14667207,17,17.25,16.84,17.21,12493700,2026-01-13T03:44:31Z
MRVL,2007-05-18,14.06,14.86,14.01,14.74,25239636,16.51,17.44,16.45,17.3,21499400,2026-01-13T03:44:31Z
MRVL,2007-05-21,13.94,14.17,13.88,14.1,18203746,16.37,16.63,16.3,16.55,15506100,2026-01-13T03:44:31Z
MRVL,2007-05-22,13.88,14.05,13.85,14.01,9750767,16.3,16.49,16.26,16.45,8305800,2026-01-13T03:44:31Z
MRVL,2007-05-23,13.65,13.92,13.63,13.89,14405673,16.02,16.34,16,16.31,12270900,2026-01-13T03:44:31Z
MRVL,2007-05-24,13.2,13.54,13.02,13.54,40933634,15.5,15.9,15.28,15.9,34867800,2026-01-13T03:44:31Z
MRVL,2007-05-25,13.21,13.37,12.99,13.26,18938222,15.51,15.69,15.25,15.57,16131800,2026-01-13T03:44:31Z
MRVL,2007-05-29,13.57,13.73,13.42,13.44,16149651,15.93,16.12,15.75,15.78,13756400,2026-01-13T03:44:31Z
MRVL,2007-05-30,13.26,13.45,13.18,13.45,15601813,15.57,15.79,15.47,15.79,13289800,2026-01-13T03:44:31Z
MRVL,2007-05-31,13.37,13.45,13.08,13.25,16352729,15.7,15.79,15.36,15.55,13929400,2026-01-13T03:44:31Z
MRVL,2007-06-01,13.83,13.92,13.42,13.52,18944240,16.24,16.34,15.75,15.87,16136900,2026-01-13T03:44:31Z
MRVL,2007-06-04,13.66,13.96,13.59,13.7,9555910,16.04,16.39,15.95,16.08,8139800,2026-01-13T03:44:31Z
MRVL,2007-06-05,13.85,13.85,13.43,13.65,14713525,16.26,16.26,15.77,16.02,12533100,2026-01-13T03:44:31Z
MRVL,2007-06-06,13.47,13.93,13.43,13.73,15610190,15.81,16.35,15.77,16.12,13296900,2026-01-13T03:44:31Z
MRVL,2007-06-07,13.54,13.8,13.42,13.48,15784460,15.89,16.2,15.75,15.82,13445400,2026-01-13T03:44:31Z
MRVL,2007-06-08,14.01,14.02,13.46,13.56,16745489,16.45,16.46,15.8,15.92,14264000,2026-01-13T03:44:31Z
MRVL,2007-06-11,13.94,14.21,13.91,13.92,10980054,16.37,16.68,16.33,16.34,9352900,2026-01-13T03:44:31Z
MRVL,2007-06-12,14.23,14.42,13.74,13.84,20059207,16.71,16.93,16.13,16.25,17086700,2026-01-13T03:44:31Z
MRVL,2007-06-13,14.52,14.63,14.21,14.35,16353718,17.05,17.18,16.68,16.85,13930300,2026-01-13T03:44:31Z
MRVL,2007-06-14,14.46,14.74,14.39,14.58,14496440,16.97,17.3,16.89,17.11,12348200,2026-01-13T03:44:31Z
MRVL,2007-06-15,14.52,14.71,14.38,14.66,13712996,17.05,17.27,16.88,17.21,11680900,2026-01-13T03:44:31Z
MRVL,2007-06-18,14.56,14.63,14.4,14.59,8599472,17.09,17.17,16.91,17.13,7325100,2026-01-13T03:44:31Z
MRVL,2007-06-19,15.03,15.05,14.27,14.41,20350819,17.64,17.67,16.75,16.92,17335000,2026-01-13T03:44:31Z
MRVL,2007-06-20,14.79,15.13,14.79,15.03,11226933,17.36,17.76,17.36,17.65,9563200,2026-01-13T03:44:31Z
MRVL,2007-06-21,15.13,15.22,14.71,14.78,16945854,17.76,17.87,17.27,17.35,14434700,2026-01-13T03:44:31Z
MRVL,2007-06-22,15.33,15.33,14.82,15.09,50474924,18,18,17.4,17.71,42995100,2026-01-13T03:44:31Z
MRVL,2007-06-25,14.57,15.3,14.51,15.24,22680246,17.11,17.96,17.03,17.89,19319300,2026-01-13T03:44:31Z
MRVL,2007-06-26,14.74,14.83,14.41,14.78,19060628,17.31,17.41,16.92,17.35,16236000,2026-01-13T03:44:31Z
MRVL,2007-06-27,14.92,15.03,14.56,14.7,17146774,17.51,17.65,17.09,17.26,14605800,2026-01-13T03:44:31Z
MRVL,2007-06-28,14.66,14.93,14.6,14.89,15658718,17.21,17.53,17.14,17.48,13338300,2026-01-13T03:44:31Z
MRVL,2007-06-29,15.51,15.72,14.94,15.04,32933430,18.21,18.45,17.54,17.66,28053100,2026-01-13T03:44:31Z
MRVL,2007-07-02,15.4,15.5,15.1,15.3,17688245,18.08,18.2,17.73,17.96,15067000,2026-01-13T03:44:31Z
MRVL,2007-07-03,15.61,16.08,15.56,15.6,16959371,18.32,18.88,18.27,18.31,14446200,2026-01-13T03:44:31Z
MRVL,2007-07-05,15.52,15.85,15.38,15.67,16164027,18.22,18.61,18.06,18.39,13768700,2026-01-13T03:44:31Z
MRVL,2007-07-06,15.52,15.61,15.26,15.55,17364644,18.22,18.33,17.91,18.25,14791400,2026-01-13T03:44:31Z
MRVL,2007-07-09,15.5,15.59,15.35,15.47,10554896,18.2,18.3,18.02,18.16,8990800,2026-01-13T03:44:31Z
MRVL,2007-07-10,15.73,16.27,15.28,15.33,25569015,18.47,19.1,17.94,18,21779900,2026-01-13T03:44:31Z
MRVL,2007-07-11,15.26,15.67,15.17,15.67,23613771,17.92,18.4,17.81,18.4,20114400,2026-01-13T03:44:31Z
MRVL,2007-07-12,15.71,15.75,15.12,15.39,18016783,18.44,18.49,17.75,18.07,15346900,2026-01-13T03:44:31Z
MRVL,2007-07-13,15.83,15.99,15.61,15.76,22163199,18.58,18.77,18.33,18.5,18878800,2026-01-13T03:44:31Z
MRVL,2007-07-16,15.87,16.18,15.82,16.16,15555601,18.63,19,18.57,18.97,13250400,2026-01-13T03:44:31Z
MRVL,2007-07-17,16.53,16.77,15.95,15.96,25203644,19.4,19.69,18.73,18.74,21468700,2026-01-13T03:44:31Z
MRVL,2007-07-18,16.22,16.49,16.11,16.31,16808638,19.04,19.36,18.91,19.15,14317800,2026-01-13T03:44:31Z
MRVL,2007-07-19,16.62,16.7,16.24,16.4,35009832,19.51,19.6,19.07,19.25,29821700,2026-01-13T03:44:31Z
MRVL,2007-07-20,16.73,17.07,16.6,16.87,26107852,19.64,20.04,19.49,19.8,22239000,2026-01-13T03:44:31Z
MRVL,2007-07-23,16.41,16.95,16.37,16.84,19069230,19.26,19.9,19.22,19.77,16243400,2026-01-13T03:44:31Z
MRVL,2007-07-24,16.03,16.38,15.83,16.27,19478948,18.82,19.23,18.58,19.1,16592400,2026-01-13T03:44:31Z
MRVL,2007-07-25,16.01,16.2,15.76,16.14,13877047,18.79,19.02,18.5,18.95,11820600,2026-01-13T03:44:31Z
MRVL,2007-07-26,15.84,16.41,15.76,15.84,23076784,18.59,19.26,18.5,18.6,19657100,2026-01-13T03:44:31Z
MRVL,2007-07-27,15.83,16.33,15.8,15.83,23238794,18.58,19.17,18.55,18.58,19795000,2026-01-13T03:44:31Z
MRVL,2007-07-30,16.09,16.18,15.9,15.9,10314617,18.89,18.99,18.66,18.66,8786100,2026-01-13T03:44:31Z
MRVL,2007-07-31,15.33,16.25,15.16,16.24,30415077,18,19.08,17.8,19.06,25907900,2026-01-13T03:44:31Z
MRVL,2007-08-01,14.94,15.34,14.65,15.32,27316796,17.54,18.01,17.2,17.98,23268800,2026-01-13T03:44:31Z
MRVL,2007-08-02,14.75,14.92,14.14,14.79,26807410,17.32,17.51,16.6,17.36,22834900,2026-01-13T03:44:31Z
MRVL,2007-08-03,14.36,14.98,14.36,14.94,15003246,16.86,17.58,16.86,17.54,12779900,2026-01-13T03:44:31Z
MRVL,2007-08-06,14.49,14.56,13.88,14.36,14833459,17.01,17.09,16.29,16.86,12635300,2026-01-13T03:44:31Z
MRVL,2007-08-07,14.56,14.63,13.95,14.46,16179701,17.09,17.18,16.38,16.98,13782000,2026-01-13T03:44:31Z
MRVL,2007-08-08,14.99,15.29,14.63,14.69,15018210,17.6,17.95,17.18,17.24,12792700,2026-01-13T03:44:31Z
MRVL,2007-08-09,14.97,15.27,14.46,14.69,15588590,17.58,17.93,16.98,17.25,13278500,2026-01-13T03:44:31Z
MRVL,2007-08-10,14.96,15.16,14.48,14.97,12802957,17.56,17.8,17,17.57,10905700,2026-01-13T03:44:31Z
MRVL,2007-08-13,14.87,15.07,14.64,15.02,10581351,17.46,17.69,17.19,17.63,9013300,2026-01-13T03:44:31Z
MRVL,2007-08-14,14.8,15.15,14.77,14.91,10893595,17.38,17.78,17.34,17.5,9279300,2026-01-13T03:44:31Z
MRVL,2007-08-15,14.43,14.94,14.37,14.72,10788058,16.94,17.54,16.87,17.28,9189400,2026-01-13T03:44:31Z
MRVL,2007-08-16,14,14.6,13.77,14.54,20982313,16.44,17.14,16.16,17.07,17873000,2026-01-13T03:44:31Z
MRVL,2007-08-17,14.24,14.57,14,14.29,14292469,16.72,17.1,16.44,16.78,12174500,2026-01-13T03:44:31Z
MRVL,2007-08-20,14.57,14.69,14.06,14.33,13236358,17.1,17.24,16.51,16.82,11274900,2026-01-13T03:44:31Z
MRVL,2007-08-21,14.46,14.55,14.31,14.49,14019103,16.97,17.08,16.8,17.01,11941600,2026-01-13T03:44:31Z
MRVL,2007-08-22,15.07,15.16,14.43,14.62,21415249,17.69,17.8,16.94,17.16,18241700,2026-01-13T03:44:31Z
MRVL,2007-08-23,15.2,15.55,15.11,15.15,25487977,17.85,18.25,17.74,17.79,21710900,2026-01-13T03:44:31Z
MRVL,2007-08-24,13.42,13.87,13.36,13.48,84274125,15.75,16.28,15.68,15.83,71785504,2026-01-13T03:44:31Z
MRVL,2007-08-27,13.11,13.43,13.01,13.39,23580415,15.39,15.76,15.27,15.72,20086100,2026-01-13T03:44:31Z
MRVL,2007-08-28,13.22,13.45,13.06,13.08,12901107,15.52,15.79,15.33,15.35,10989300,2026-01-13T03:44:31Z
MRVL,2007-08-29,13.84,13.88,13.43,13.54,16732737,16.25,16.3,15.76,15.9,14253100,2026-01-13T03:44:31Z
MRVL,2007-08-30,13.67,13.86,13.53,13.77,14156860,16.05,16.27,15.88,16.17,12059000,2026-01-13T03:44:31Z
MRVL,2007-08-31,14.11,14.19,13.74,13.88,11113152,16.57,16.66,16.13,16.29,9466300,2026-01-13T03:44:31Z
MRVL,2007-09-04,14.51,14.63,14.04,14.13,11824136,17.03,17.18,16.48,16.59,10071900,2026-01-13T03:44:31Z
MRVL,2007-09-05,14.58,14.62,14.32,14.43,10334924,17.12,17.16,16.81,16.94,8803400,2026-01-13T03:44:31Z
MRVL,2007-09-06,14.37,14.69,14.35,14.61,9504489,16.87,17.24,16.85,17.15,8096000,2026-01-13T03:44:31Z
MRVL,2007-09-07,14,14.26,13.82,14.16,11552540,16.44,16.74,16.22,16.62,9840600,2026-01-13T03:44:31Z
MRVL,2007-09-10,14.08,14.29,13.77,14.12,8074816,16.53,16.78,16.16,16.58,6878200,2026-01-13T03:44:31Z
MRVL,2007-09-11,14.24,14.48,14.16,14.27,13122492,16.72,17,16.62,16.75,11177900,2026-01-13T03:44:31Z
MRVL,2007-09-12,13.94,14.48,13.92,14.23,14650951,16.37,17,16.34,16.71,12479800,2026-01-13T03:44:31Z
MRVL,2007-09-13,14.07,14.14,13.86,14.04,11281507,16.52,16.6,16.27,16.48,9609700,2026-01-13T03:44:31Z
MRVL,2007-09-14,13.97,14.18,13.85,13.91,10042603,16.4,16.65,16.26,16.33,8554400,2026-01-13T03:44:31Z
MRVL,2007-09-17,13.63,13.95,13.54,13.94,13875236,16,16.38,15.89,16.36,11819100,2026-01-13T03:44:31Z
MRVL,2007-09-18,13.8,13.84,13.59,13.69,16194718,16.2,16.25,15.95,16.07,13794800,2026-01-13T03:44:31Z
MRVL,2007-09-19,13.26,13.96,13.14,13.84,30435969,15.57,16.39,15.42,16.25,25925700,2026-01-13T03:44:31Z
MRVL,2007-09-20,13.32,13.43,13.19,13.25,12341139,15.64,15.77,15.49,15.55,10512300,2026-01-13T03:44:31Z
MRVL,2007-09-21,13.58,13.71,13.32,13.32,14447536,15.94,16.1,15.64,15.64,12306600,2026-01-13T03:44:31Z
MRVL,2007-09-24,13.46,13.83,13.39,13.64,12167852,15.8,16.23,15.72,16.01,10364700,2026-01-13T03:44:31Z
MRVL,2007-09-25,13.63,13.68,13.43,13.44,8268721,16,16.06,15.76,15.78,7043400,2026-01-13T03:44:31Z
MRVL,2007-09-26,14.08,14.23,13.71,13.71,14717387,16.53,16.7,16.1,16.1,12536400,2026-01-13T03:44:31Z
MRVL,2007-09-27,13.89,14.21,13.87,14.19,8241052,16.31,16.68,16.28,16.66,7019800,2026-01-13T03:44:31Z
MRVL,2007-09-28,13.94,14.06,13.82,13.93,7369499,16.37,16.5,16.22,16.35,6277400,2026-01-13T03:44:31Z
MRVL,2007-10-01,13.88,13.91,13.67,13.75,11433171,16.29,16.33,16.05,16.14,9738900,2026-01-13T03:44:31Z
MRVL,2007-10-02,14.35,14.47,13.83,13.92,13361195,16.85,16.99,16.24,16.34,11381200,2026-01-13T03:44:31Z
MRVL,2007-10-03,14.12,14.38,14,14.23,6826057,16.58,16.88,16.44,16.7,5814500,2026-01-13T03:44:31Z
MRVL,2007-10-04,14.28,14.3,14.01,14.1,7344848,16.76,16.79,16.45,16.55,6256400,2026-01-13T03:44:31Z
MRVL,2007-10-05,14.29,14.38,14.13,14.29,9584513,16.78,16.88,16.59,16.77,8164200,2026-01-13T03:44:31Z
MRVL,2007-10-08,14.25,14.28,14.06,14.2,7344820,16.73,16.76,16.51,16.67,6256400,2026-01-13T03:44:31Z
MRVL,2007-10-09,14.08,14.25,13.95,14.18,11352429,16.53,16.73,16.38,16.65,9670100,2026-01-13T03:44:31Z
MRVL,2007-10-10,14.28,14.29,14.01,14.02,16265077,16.77,16.78,16.45,16.46,13854800,2026-01-13T03:44:31Z
MRVL,2007-10-11,14.4,14.77,14.14,14.33,20477907,16.9,17.34,16.6,16.82,17443300,2026-01-13T03:44:31Z
MRVL,2007-10-12,14.59,14.62,14.4,14.46,11049884,17.13,17.16,16.9,16.98,9412400,2026-01-13T03:44:31Z
MRVL,2007-10-15,14.44,14.8,14.26,14.26,13084706,16.95,17.37,16.74,16.74,11145700,2026-01-13T03:44:31Z
MRVL,2007-10-16,14.37,14.55,14.28,14.34,9586081,16.87,17.08,16.76,16.83,8165500,2026-01-13T03:44:31Z
MRVL,2007-10-17,14.89,14.89,14.52,14.61,22735998,17.48,17.48,17.05,17.15,19366700,2026-01-13T03:44:31Z
MRVL,2007-10-18,15.26,15.34,14.73,14.86,18541478,17.91,18.01,17.29,17.44,15793800,2026-01-13T03:44:31Z
MRVL,2007-10-19,14.89,15.42,14.69,15.28,17040229,17.48,18.1,17.25,17.94,14515000,2026-01-13T03:44:31Z
MRVL,2007-10-22,15,15.07,14.58,14.87,10537308,17.61,17.69,17.12,17.46,8975800,2026-01-13T03:44:31Z
MRVL,2007-10-23,15.36,15.36,14.98,15.12,12511034,18.03,18.03,17.59,17.75,10657000,2026-01-13T03:44:31Z
MRVL,2007-10-24,14.67,15.04,14.29,14.95,26157890,17.22,17.66,16.77,17.55,22281600,2026-01-13T03:44:31Z
MRVL,2007-10-25,14.17,14.75,13.87,14.74,24449028,16.64,17.32,16.28,17.3,20825900,2026-01-13T03:44:31Z
MRVL,2007-10-26,14.35,14.48,13.96,14.43,16204199,16.85,17,16.39,16.94,13802900,2026-01-13T03:44:31Z
MRVL,2007-10-29,15.21,15.26,14.4,14.4,15791578,17.86,17.91,16.9,16.9,13451400,2026-01-13T03:44:31Z
MRVL,2007-10-30,15.32,15.41,14.98,15.23,9707058,17.98,18.09,17.58,17.88,8268600,2026-01-13T03:44:31Z
MRVL,2007-10-31,15.36,15.5,14.92,15.34,11625271,18.03,18.2,17.51,18.01,9902500,2026-01-13T03:44:31Z
MRVL,2007-11-01,15.49,15.76,15.12,15.2,15320676,18.18,18.5,17.75,17.84,13050300,2026-01-13T03:44:31Z
MRVL,2007-11-02,15.58,15.8,15.15,15.76,10857824,18.29,18.55,17.78,18.5,9248800,2026-01-13T03:44:31Z
MRVL,2007-11-05,15.55,15.71,15.2,15.39,9184462,18.25,18.44,17.84,18.07,7823400,2026-01-13T03:44:31Z
MRVL,2007-11-06,15.84,16.05,15.46,15.46,15559521,18.59,18.84,18.15,18.15,13253800,2026-01-13T03:44:31Z
MRVL,2007-11-07,15.64,15.82,15.49,15.66,12483560,18.36,18.57,18.19,18.38,10633600,2026-01-13T03:44:31Z
MRVL,2007-11-08,15.17,15.61,14.92,15.53,15807200,17.81,18.33,17.51,18.23,13464700,2026-01-13T03:44:31Z
MRVL,2007-11-09,14.95,15.34,14.69,15.04,11884077,17.55,18.01,17.25,17.66,10123000,2026-01-13T03:44:31Z
MRVL,2007-11-12,14.6,15.16,14.57,14.88,12872491,17.14,17.8,17.1,17.47,10964900,2026-01-13T03:44:31Z
MRVL,2007-11-13,15,15.03,14.58,14.71,11421776,17.61,17.65,17.11,17.27,9729200,2026-01-13T03:44:31Z
MRVL,2007-11-14,14.65,15.07,14.62,14.99,13241362,17.2,17.69,17.16,17.6,11279100,2026-01-13T03:44:31Z
MRVL,2007-11-15,14.8,14.92,14.48,14.48,9591953,17.37,17.51,17,17,8170500,2026-01-13T03:44:31Z
MRVL,2007-11-16,14.92,15,14.7,14.79,13457823,17.52,17.61,17.26,17.36,11463500,2026-01-13T03:44:31Z
MRVL,2007-11-19,14.05,14.96,14,14.75,14039715,16.5,17.56,16.44,17.31,11959200,2026-01-13T03:44:31Z
MRVL,2007-11-20,13.71,14.41,13.45,14.18,16696966,16.1,16.92,15.79,16.65,14222600,2026-01-13T03:44:31Z
MRVL,2007-11-21,13.83,14.27,13.31,13.64,16301867,16.24,16.75,15.63,16.01,13886100,2026-01-13T03:44:31Z
MRVL,2007-11-23,14.07,14.11,13.63,13.88,3482349,16.52,16.57,16,16.29,2966300,2026-01-13T03:44:31Z
MRVL,2007-11-26,13.62,14.39,13.6,13.93,10461871,15.99,16.89,15.97,16.35,8911500,2026-01-13T03:44:31Z
MRVL,2007-11-27,14.18,14.21,13.65,13.69,23431458,16.65,16.68,16.02,16.07,19959100,2026-01-13T03:44:31Z
MRVL,2007-11-28,12.74,13.28,12.35,13.13,49037255,14.96,15.59,14.5,15.41,41770500,2026-01-13T03:44:31Z
MRVL,2007-11-29,12.94,13.02,12.62,12.62,14074962,15.19,15.29,14.82,14.82,11989200,2026-01-13T03:44:31Z
MRVL,2007-11-30,12.73,13.08,12.65,12.97,9004619,14.94,15.35,14.85,15.22,7670200,2026-01-13T03:44:31Z
MRVL,2007-12-03,12.87,13.03,12.62,12.66,9463692,15.11,15.3,14.82,14.86,8061300,2026-01-13T03:44:31Z
MRVL,2007-12-04,12.73,12.99,12.72,12.85,9178778,14.95,15.25,14.93,15.08,7818600,2026-01-13T03:44:31Z
MRVL,2007-12-05,13.12,13.28,12.88,13.02,11141663,15.4,15.59,15.12,15.28,9490600,2026-01-13T03:44:31Z
MRVL,2007-12-06,13.07,13.33,12.96,13.11,7603318,15.34,15.65,15.21,15.39,6476600,2026-01-13T03:44:31Z
MRVL,2007-12-07,13.33,13.33,12.97,12.99,7415048,15.65,15.65,15.22,15.25,6316200,2026-01-13T03:44:31Z
MRVL,2007-12-10,12.98,13.59,12.96,13.23,9182670,15.24,15.95,15.21,15.53,7821900,2026-01-13T03:44:31Z
MRVL,2007-12-11,12.62,13.07,12.53,12.99,15626752,14.82,15.34,14.71,15.25,13311000,2026-01-13T03:44:31Z
MRVL,2007-12-12,12.53,12.9,12.34,12.78,13926725,14.71,15.14,14.49,15,11862900,2026-01-13T03:44:31Z
MRVL,2007-12-13,12.37,12.76,12.13,12.5,11508182,14.52,14.98,14.24,14.67,9802800,2026-01-13T03:44:31Z
MRVL,2007-12-14,12.26,12.35,12.05,12.17,11297071,14.39,14.5,14.15,14.29,9623000,2026-01-13T03:44:31Z
MRVL,2007-12-17,12.16,12.4,12.05,12.05,9445908,14.27,14.56,14.15,14.15,8046100,2026-01-13T03:44:31Z
MRVL,2007-12-18,12.42,12.5,12.19,12.19,7436393,14.58,14.67,14.31,14.31,6334400,2026-01-13T03:44:31Z
MRVL,2007-12-19,12.27,12.51,12.22,12.39,13192692,14.4,14.69,14.35,14.55,11237700,2026-01-13T03:44:31Z
MRVL,2007-12-20,12.25,12.35,12.04,12.33,15806964,14.38,14.5,14.13,14.48,13464500,2026-01-13T03:44:31Z
MRVL,2007-12-21,12.14,12.39,12.05,12.39,11985294,14.25,14.55,14.15,14.54,10209200,2026-01-13T03:44:31Z
MRVL,2007-12-24,12.04,12.12,11.93,12.01,5172277,14.14,14.23,14,14.1,4405800,2026-01-13T03:44:31Z
MRVL,2007-12-26,12.03,12.21,11.93,12.06,6810766,14.12,14.33,14,14.16,5801500,2026-01-13T03:44:31Z
MRVL,2007-12-27,11.7,12.03,11.68,11.96,7588057,13.74,14.12,13.71,14.04,6463600,2026-01-13T03:44:31Z
MRVL,2007-12-28,11.93,12.01,11.49,11.74,10974709,14.01,14.1,13.49,13.78,9348400,2026-01-13T03:44:31Z
MRVL,2007-12-31,11.91,12.01,11.76,11.94,11287144,13.98,14.1,13.81,14.02,9614500,2026-01-13T03:44:31Z
MRVL,2008-01-02,11.35,11.87,11.26,11.84,24048848,13.33,13.94,13.22,13.9,20485000,2026-01-13T03:44:31Z
MRVL,2008-01-03,11.27,11.37,10.9,11.35,18887807,13.23,13.35,12.8,13.32,16088900,2026-01-13T03:44:31Z
MRVL,2008-01-04,10.49,11.07,10.22,11.04,17467479,12.31,12.99,12,12.96,14879000,2026-01-13T03:44:31Z
MRVL,2008-01-07,10.23,10.57,9.98,10.54,19897938,12.01,12.41,11.71,12.37,16949200,2026-01-13T03:44:31Z
MRVL,2008-01-08,9.49,10.35,9.4,10.27,25980930,11.14,12.15,11.04,12.06,22130900,2026-01-13T03:44:31Z
MRVL,2008-01-09,9.86,9.91,9.36,9.54,23682648,11.58,11.64,10.99,11.2,20173200,2026-01-13T03:44:31Z
MRVL,2008-01-10,9.77,9.99,9.53,9.81,15421805,11.47,11.73,11.19,11.52,13136500,2026-01-13T03:44:31Z
MRVL,2008-01-11,9.24,9.76,9.23,9.69,14877090,10.85,11.46,10.83,11.37,12672400,2026-01-13T03:44:31Z
MRVL,2008-01-14,9.57,9.78,9.44,9.59,16934841,11.24,11.48,11.08,11.26,14425200,2026-01-13T03:44:31Z
MRVL,2008-01-15,9.13,9.54,9.09,9.48,10174690,10.72,11.2,10.67,11.13,8666900,2026-01-13T03:44:31Z
MRVL,2008-01-16,9.35,9.67,8.77,8.79,22814883,10.98,11.35,10.3,10.32,19434000,2026-01-13T03:44:31Z
MRVL,2008-01-17,8.97,9.52,8.94,9.39,13190087,10.53,11.18,10.49,11.02,11235500,2026-01-13T03:44:31Z
MRVL,2008-01-18,9.15,9.36,8.75,8.93,23147747,10.74,10.99,10.27,10.48,19717400,2026-01-13T03:44:31Z
MRVL,2008-01-22,8.66,8.92,8.51,8.69,22224459,10.17,10.47,9.99,10.2,18931000,2026-01-13T03:44:31Z
MRVL,2008-01-23,8.94,9.04,8.32,8.54,21469544,10.49,10.61,9.77,10.03,18288000,2026-01-13T03:44:31Z
MRVL,2008-01-24,9.91,10.18,9.29,9.3,28559630,11.63,11.95,10.9,10.92,24327500,2026-01-13T03:44:31Z
MRVL,2008-01-25,9.82,10.38,9.78,10.22,24144159,11.53,12.19,11.48,12,20566300,2026-01-13T03:44:31Z
MRVL,2008-01-28,10.12,10.14,9.68,9.81,12953009,11.88,11.9,11.36,11.52,11033500,2026-01-13T03:44:31Z
MRVL,2008-01-29,10.16,10.26,9.89,10.22,12336194,11.93,12.04,11.61,12,10508100,2026-01-13T03:44:31Z
MRVL,2008-01-30,10.09,10.38,9.49,10.14,11088214,11.85,12.19,11.14,11.9,9445100,2026-01-13T03:44:31Z
MRVL,2008-01-31,10.11,10.23,9.91,10.05,12542449,11.87,12.01,11.63,11.8,10683800,2026-01-13T03:44:31Z
MRVL,2008-02-01,10.87,11.1,10.15,10.26,18818156,12.76,13.03,11.92,12.05,16029500,2026-01-13T03:44:31Z
MRVL,2008-02-04,10.69,11.01,10.58,10.9,8809724,12.55,12.93,12.42,12.8,7504200,2026-01-13T03:44:31Z
MRVL,2008-02-05,10.03,10.56,9.97,10.44,10239377,11.77,12.4,11.7,12.25,8722000,2026-01-13T03:44:31Z
MRVL,2008-02-06,9,10.11,8.95,10.03,24697143,10.57,11.87,10.51,11.78,21037200,2026-01-13T03:44:31Z
MRVL,2008-02-07,9.23,9.36,8.54,8.87,21744174,10.83,10.99,10.02,10.41,18521900,2026-01-13T03:44:31Z
MRVL,2008-02-08,9.4,9.63,9.12,9.15,15630772,11.03,11.3,10.71,10.74,13314500,2026-01-13T03:44:31Z
MRVL,2008-02-11,9.73,9.86,9.29,9.5,9956649,11.42,11.58,10.9,11.15,8481200,2026-01-13T03:44:31Z
MRVL,2008-02-12,9.43,9.8,9.38,9.76,9829108,11.07,11.51,11.01,11.46,8372500,2026-01-13T03:44:31Z
MRVL,2008-02-13,9.56,9.66,9.29,9.58,11874138,11.22,11.34,10.9,11.25,10114500,2026-01-13T03:44:31Z
MRVL,2008-02-14,9.35,9.64,9.24,9.58,9518762,10.98,11.32,10.85,11.25,8108200,2026-01-13T03:44:31Z
MRVL,2008-02-15,9.17,9.4,9.05,9.4,9367106,10.77,11.04,10.62,11.04,7979000,2026-01-13T03:44:31Z
MRVL,2008-02-19,8.92,9.34,8.88,9.32,10602893,10.47,10.96,10.43,10.94,9031700,2026-01-13T03:44:31Z
MRVL,2008-02-20,9.36,9.44,8.87,8.94,19554110,10.99,11.08,10.41,10.49,16656400,2026-01-13T03:44:31Z
MRVL,2008-02-21,9.63,9.88,9.5,9.63,19398165,11.31,11.6,11.15,11.31,16523600,2026-01-13T03:44:31Z
MRVL,2008-02-22,9.47,9.63,9.01,9.58,38354789,11.12,11.31,10.58,11.25,32670900,2026-01-13T03:44:31Z
MRVL,2008-02-25,10.03,10.08,9.64,9.71,19584188,11.77,11.83,11.32,11.4,16682000,2026-01-13T03:44:31Z
MRVL,2008-02-26,10.26,10.37,9.91,10,15974352,12.05,12.17,11.63,11.74,13607100,2026-01-13T03:44:31Z
MRVL,2008-02-27,10.09,10.41,9.91,10.26,22696496,11.85,12.22,11.63,12.05,19333200,2026-01-13T03:44:31Z
MRVL,2008-02-28,9.71,10.04,9.57,10.03,16302635,11.4,11.79,11.24,11.78,13886700,2026-01-13T03:44:31Z
MRVL,2008-02-29,9.63,9.71,9.44,9.58,18013118,11.31,11.4,11.08,11.25,15343800,2026-01-13T03:44:31Z
MRVL,2008-03-03,9.97,10.12,9.63,9.63,19451981,11.71,11.88,11.3,11.3,16569400,2026-01-13T03:44:31Z
MRVL,2008-03-04,10.16,10.19,9.65,9.93,16080689,11.93,11.96,11.33,11.66,13697700,2026-01-13T03:44:31Z
MRVL,2008-03-05,10.01,10.38,9.86,10.19,16204970,11.75,12.18,11.57,11.96,13803600,2026-01-13T03:44:31Z
MRVL,2008-03-06,9.81,10.22,9.78,10.1,28232800,11.52,12,11.48,11.86,24049100,2026-01-13T03:44:31Z
MRVL,2008-03-07,9.32,9.44,8.73,9.16,41076770,10.94,11.08,10.25,10.76,34989600,2026-01-13T03:44:31Z
MRVL,2008-03-10,9.05,9.43,9.05,9.23,13422392,10.62,11.07,10.62,10.83,11433300,2026-01-13T03:44:31Z
MRVL,2008-03-11,9.18,9.37,8.94,9.22,22316624,10.78,11,10.49,10.82,19009500,2026-01-13T03:44:31Z
MRVL,2008-03-12,9.34,9.53,9.11,9.2,8794719,10.96,11.19,10.7,10.8,7491400,2026-01-13T03:44:31Z
MRVL,2008-03-13,9.95,10.05,9.16,9.29,19461228,11.68,11.8,10.76,10.91,16577200,2026-01-13T03:44:31Z
MRVL,2008-03-14,9.6,10.09,9.42,10.03,12170200,11.27,11.85,11.06,11.77,10366700,2026-01-13T03:44:31Z
MRVL,2008-03-17,9.6,9.76,9.11,9.29,14290626,11.27,11.46,10.69,10.91,12172900,2026-01-13T03:44:31Z
MRVL,2008-03-18,9.62,9.96,9.4,9.8,16645790,11.29,11.69,11.04,11.5,14179000,2026-01-13T03:44:31Z
MRVL,2008-03-19,9.16,9.67,9.16,9.67,15659875,10.75,11.35,10.75,11.35,13339300,2026-01-13T03:44:31Z
MRVL,2008-03-20,9.06,9.16,8.88,9.11,15572180,10.64,10.75,10.42,10.69,13264600,2026-01-13T03:44:31Z
MRVL,2008-03-24,9.6,9.69,9.09,9.09,19231516,11.27,11.38,10.67,10.67,16381600,2026-01-13T03:44:31Z
MRVL,2008-03-25,9.63,9.8,9.51,9.67,12727800,11.31,11.5,11.16,11.35,10841700,2026-01-13T03:44:31Z
MRVL,2008-03-26,9.84,10.22,9.35,9.58,24756708,11.55,12,10.98,11.25,21088000,2026-01-13T03:44:31Z
MRVL,2008-03-27,9.55,9.91,9.52,9.76,9198755,11.21,11.64,11.17,11.46,7835600,2026-01-13T03:44:31Z
MRVL,2008-03-28,9.48,9.8,9.44,9.64,7950906,11.13,11.51,11.08,11.32,6772700,2026-01-13T03:44:31Z
MRVL,2008-03-31,9.27,9.58,9.16,9.44,12958982,10.88,11.25,10.76,11.08,11038600,2026-01-13T03:44:31Z
MRVL,2008-04-01,9.46,9.59,9.33,9.46,15997243,11.11,11.26,10.95,11.11,13626600,2026-01-13T03:44:31Z
MRVL,2008-04-02,9.57,9.81,9.48,9.5,18380205,11.23,11.52,11.13,11.15,15656400,2026-01-13T03:44:31Z
MRVL,2008-04-03,9.85,10.02,9.43,9.63,28624997,11.56,11.76,11.07,11.3,24383000,2026-01-13T03:44:31Z
MRVL,2008-04-04,9.85,10.04,9.56,9.9,21887445,11.56,11.79,11.22,11.62,18643900,2026-01-13T03:44:31Z
MRVL,2008-04-07,9.56,9.96,9.47,9.89,15832652,11.22,11.69,11.12,11.61,13486400,2026-01-13T03:44:31Z
MRVL,2008-04-08,9.39,9.52,9.28,9.45,13800651,11.02,11.17,10.89,11.09,11755600,2026-01-13T03:44:31Z
MRVL,2008-04-09,9.29,9.46,9.25,9.4,13165067,10.91,11.1,10.86,11.03,11214200,2026-01-13T03:44:31Z
MRVL,2008-04-10,9.47,9.57,9.02,9.29,15596949,11.12,11.24,10.59,10.9,13285600,2026-01-13T03:44:31Z
MRVL,2008-04-11,9.06,9.35,9.05,9.28,9569460,10.64,10.98,10.62,10.89,8151400,2026-01-13T03:44:31Z
MRVL,2008-04-14,9.04,9.25,8.95,9.03,12672315,10.61,10.86,10.51,10.6,10794400,2026-01-13T03:44:31Z
MRVL,2008-04-15,8.94,9.18,8.82,9.08,13022512,10.5,10.78,10.35,10.66,11092700,2026-01-13T03:44:31Z
MRVL,2008-04-16,9.26,9.33,8.97,9.16,16817905,10.87,10.95,10.53,10.76,14325700,2026-01-13T03:44:31Z
MRVL,2008-04-17,9.15,9.44,9.06,9.17,8126846,10.74,11.08,10.64,10.77,6922500,2026-01-13T03:44:31Z
MRVL,2008-04-18,9.63,9.82,9.34,9.38,20742005,11.31,11.53,10.97,11.01,17668300,2026-01-13T03:44:31Z
MRVL,2008-04-21,10.2,10.2,9.72,9.75,17034375,11.97,11.97,11.41,11.45,14510100,2026-01-13T03:44:31Z
MRVL,2008-04-22,9.86,10.06,9.78,10.01,18937401,11.57,11.81,11.48,11.75,16131000,2026-01-13T03:44:31Z
MRVL,2008-04-23,10.61,10.64,10.05,10.07,31703173,12.46,12.49,11.8,11.82,27005200,2026-01-13T03:44:31Z
MRVL,2008-04-24,11.21,11.24,10.49,10.7,38384331,13.16,13.2,12.31,12.56,32696100,2026-01-13T03:44:31Z
MRVL,2008-04-25,11.19,11.22,10.69,11.16,19331513,13.14,13.17,12.55,13.1,16466800,2026-01-13T03:44:31Z
MRVL,2008-04-28,11.01,11.41,10.99,11.36,14272789,12.93,13.4,12.9,13.34,12157700,2026-01-13T03:44:31Z
MRVL,2008-04-29,11.11,11.13,10.86,10.95,10071379,13.04,13.07,12.75,12.86,8578900,2026-01-13T03:44:31Z
MRVL,2008-04-30,11.03,11.21,10.92,11.13,12113894,12.95,13.16,12.82,13.06,10318700,2026-01-13T03:44:31Z
MRVL,2008-05-01,11.54,11.57,10.9,11,18958730,13.55,13.58,12.8,12.91,16149200,2026-01-13T03:44:31Z
MRVL,2008-05-02,11.35,11.66,11.07,11.65,18527650,13.33,13.69,13,13.68,15782000,2026-01-13T03:44:31Z
MRVL,2008-05-05,11.23,11.4,11.1,11.37,10593283,13.18,13.38,13.03,13.35,9023500,2026-01-13T03:44:31Z
MRVL,2008-05-06,11.24,11.28,10.9,11.17,12215625,13.2,13.24,12.79,13.11,10405400,2026-01-13T03:44:31Z
MRVL,2008-05-07,11.23,11.52,11.11,11.18,11307994,13.18,13.52,13.04,13.12,9632300,2026-01-13T03:44:31Z
MRVL,2008-05-08,11.33,11.45,11.07,11.26,8886350,13.3,13.44,13,13.22,7569500,2026-01-13T03:44:31Z
MRVL,2008-05-09,11.41,11.5,11.13,11.24,8635168,13.39,13.5,13.07,13.19,7355500,2026-01-13T03:44:31Z
MRVL,2008-05-12,11.67,11.73,11.29,11.52,16205135,13.7,13.77,13.25,13.52,13803700,2026-01-13T03:44:31Z
MRVL,2008-05-13,12.18,12.36,11.71,11.82,20660330,14.3,14.51,13.75,13.87,17598700,2026-01-13T03:44:31Z
MRVL,2008-05-14,11.95,12.4,11.87,12.33,17787291,14.03,14.56,13.93,14.48,15151400,2026-01-13T03:44:31Z
MRVL,2008-05-15,12.63,12.79,11.98,12,18982699,14.83,15.01,14.06,14.09,16169600,2026-01-13T03:44:31Z
MRVL,2008-05-16,12.9,12.99,12.48,12.74,20448960,15.15,15.25,14.65,14.95,17418600,2026-01-13T03:44:31Z
MRVL,2008-05-19,12.63,13.15,12.52,12.91,13321911,14.83,15.44,14.7,15.16,11347700,2026-01-13T03:44:31Z
MRVL,2008-05-20,12.26,12.42,11.87,12.35,14728924,14.39,14.58,13.93,14.5,12546300,2026-01-13T03:44:31Z
MRVL,2008-05-21,12.04,12.52,11.91,12.38,12084594,14.13,14.7,13.98,14.53,10293800,2026-01-13T03:44:31Z
MRVL,2008-05-22,12.24,12.39,12.06,12.1,10002590,14.37,14.54,14.16,14.21,8520300,2026-01-13T03:44:31Z
MRVL,2008-05-23,12.3,12.31,12.03,12.1,7960835,14.44,14.45,14.12,14.2,6781100,2026-01-13T03:44:31Z
MRVL,2008-05-27,12.1,12.15,11.59,11.83,17165592,14.21,14.26,13.6,13.89,14621800,2026-01-13T03:44:31Z
MRVL,2008-05-28,12.22,12.22,11.87,12.14,11416823,14.34,14.34,13.94,14.25,9725000,2026-01-13T03:44:31Z
MRVL,2008-05-29,11.99,12.22,11.88,12.22,26665655,14.08,14.35,13.95,14.35,22714100,2026-01-13T03:44:31Z
MRVL,2008-05-30,14.79,15.21,14.33,14.44,86648789,17.36,17.86,16.82,16.95,73808200,2026-01-13T03:44:31Z
MRVL,2008-06-02,14.72,15.07,14.51,14.76,23454136,17.28,17.69,17.03,17.33,19978500,2026-01-13T03:44:31Z
MRVL,2008-06-03,14.74,14.86,14.52,14.81,18832384,17.3,17.45,17.05,17.39,16041600,2026-01-13T03:44:31Z
MRVL,2008-06-04,14.49,14.9,14.37,14.78,25087734,17.01,17.49,16.87,17.35,21370000,2026-01-13T03:44:31Z
MRVL,2008-06-05,14.99,15.08,14.47,14.54,16862630,17.6,17.7,16.99,17.07,14363800,2026-01-13T03:44:31Z
MRVL,2008-06-06,14.52,14.95,14.43,14.84,11403450,17.05,17.55,16.94,17.42,9713600,2026-01-13T03:44:31Z
MRVL,2008-06-09,14.46,14.59,14.07,14.55,11100153,16.98,17.13,16.52,17.08,9455200,2026-01-13T03:44:31Z
MRVL,2008-06-10,13.71,14.35,13.65,14.31,22442397,16.1,16.85,16.02,16.8,19116600,2026-01-13T03:44:31Z
MRVL,2008-06-11,13.42,13.77,13.4,13.64,13908291,15.76,16.17,15.73,16.01,11847200,2026-01-13T03:44:31Z
MRVL,2008-06-12,13.6,14.01,13.47,13.67,14148466,15.97,16.45,15.81,16.05,12051800,2026-01-13T03:44:31Z
MRVL,2008-06-13,14.38,14.83,13.71,13.79,20175676,16.88,17.41,16.09,16.19,17185900,2026-01-13T03:44:31Z
MRVL,2008-06-16,14.27,14.63,14.16,14.34,16568855,16.75,17.17,16.62,16.83,14113500,2026-01-13T03:44:31Z
MRVL,2008-06-17,14.15,14.47,14.12,14.29,13538196,16.61,16.99,16.58,16.77,11532000,2026-01-13T03:44:31Z
MRVL,2008-06-18,13.93,14.3,13.77,14.06,12179471,16.35,16.79,16.16,16.5,10374600,2026-01-13T03:44:31Z
MRVL,2008-06-19,14.91,14.92,13.72,13.81,19872472,17.5,17.52,16.11,16.21,16927600,2026-01-13T03:44:31Z
MRVL,2008-06-20,14.88,14.95,14.56,14.71,20241749,17.47,17.55,17.09,17.27,17242100,2026-01-13T03:44:31Z
MRVL,2008-06-23,15.01,15.38,14.94,15.07,17583960,17.62,18.06,17.54,17.69,14978200,2026-01-13T03:44:31Z
MRVL,2008-06-24,14.8,15.15,14.63,14.84,12295899,17.38,17.78,17.17,17.42,10473800,2026-01-13T03:44:31Z
MRVL,2008-06-25,15.38,15.6,14.99,15.05,15784258,18.06,18.31,17.6,17.67,13445200,2026-01-13T03:44:31Z
MRVL,2008-06-26,14.68,15.12,14.39,14.91,22663602,17.23,17.75,16.89,17.5,19305100,2026-01-13T03:44:31Z
MRVL,2008-06-27,15.06,15.16,14.36,14.58,17567181,17.68,17.8,16.86,17.12,14963900,2026-01-13T03:44:31Z
MRVL,2008-06-30,15.04,15.5,14.86,15.14,12601254,17.66,18.2,17.44,17.77,10733900,2026-01-13T03:44:31Z
MRVL,2008-07-01,15.15,15.27,14.72,14.77,17383219,17.79,17.93,17.28,17.34,14807200,2026-01-13T03:44:31Z
MRVL,2008-07-02,14.46,15.2,14.44,15.2,11704031,16.97,17.84,16.95,17.84,9969600,2026-01-13T03:44:31Z
MRVL,2008-07-03,14.41,14.54,13.88,14.34,15480123,16.92,17.07,16.29,16.84,13186100,2026-01-13T03:44:31Z
MRVL,2008-07-07,14.5,15.05,14.22,14.49,13129460,17.02,17.67,16.69,17.01,11183800,2026-01-13T03:44:31Z
MRVL,2008-07-08,14.3,14.56,13.82,14.49,18334123,16.79,17.09,16.22,17.01,15617200,2026-01-13T03:44:31Z
MRVL,2008-07-09,13.2,14.29,13.12,14.22,27641866,15.5,16.77,15.4,16.69,23545700,2026-01-13T03:44:31Z
MRVL,2008-07-10,13.34,13.54,12.85,13.26,23514299,15.66,15.89,15.09,15.57,20029800,2026-01-13T03:44:31Z
MRVL,2008-07-11,13.08,13.19,12.23,13.04,30444468,15.36,15.48,14.36,15.31,25932900,2026-01-13T03:44:31Z
MRVL,2008-07-14,12.85,13.43,12.58,13.33,14165263,15.09,15.77,14.77,15.65,12066100,2026-01-13T03:44:31Z
MRVL,2008-07-15,12.82,13.19,12.39,12.71,17595763,15.05,15.49,14.55,14.92,14988200,2026-01-13T03:44:31Z
MRVL,2008-07-16,13.21,13.22,12.58,12.89,14429479,15.51,15.52,14.77,15.13,12291200,2026-01-13T03:44:31Z
MRVL,2008-07-17,13.63,13.81,13.27,13.43,16150033,16,16.21,15.58,15.76,13756800,2026-01-13T03:44:31Z
MRVL,2008-07-18,13.25,13.62,12.97,13.42,13656979,15.55,15.99,15.22,15.75,11633200,2026-01-13T03:44:31Z
MRVL,2008-07-21,12.85,13.33,12.67,13.26,12506540,15.08,15.65,14.87,15.57,10653200,2026-01-13T03:44:31Z
MRVL,2008-07-22,12.98,13.01,12.34,12.68,15673546,15.24,15.27,14.49,14.89,13350900,2026-01-13T03:44:31Z
MRVL,2008-07-23,12.85,13.37,12.69,13.1,14273384,15.09,15.7,14.9,15.38,12158200,2026-01-13T03:44:31Z
MRVL,2008-07-24,12.33,12.61,12.22,12.52,19342562,14.47,14.8,14.35,14.7,16476200,2026-01-13T03:44:31Z
MRVL,2008-07-25,12.6,12.71,11.92,11.99,21629653,14.79,14.92,13.99,14.08,18424400,2026-01-13T03:44:31Z
MRVL,2008-07-28,12.33,12.62,12.29,12.51,9652394,14.48,14.82,14.43,14.69,8222000,2026-01-13T03:44:31Z
MRVL,2008-07-29,12.59,12.71,12.33,12.43,13059787,14.78,14.92,14.48,14.59,11124500,2026-01-13T03:44:31Z
MRVL,2008-07-30,12.53,12.78,12.27,12.64,11644169,14.71,15,14.4,14.84,9918600,2026-01-13T03:44:31Z
MRVL,2008-07-31,12.6,12.9,12.28,12.33,16638882,14.79,15.14,14.42,14.47,14173200,2026-01-13T03:44:31Z
MRVL,2008-08-01,12.51,12.79,12.39,12.58,11002325,14.69,15.01,14.55,14.77,9371900,2026-01-13T03:44:31Z
MRVL,2008-08-04,12.12,12.51,12.06,12.41,15042384,14.23,14.68,14.16,14.57,12813300,2026-01-13T03:44:31Z
MRVL,2008-08-05,12.43,12.54,12,12.23,15476113,14.59,14.72,14.09,14.36,13182700,2026-01-13T03:44:31Z
MRVL,2008-08-06,12.67,12.88,12.07,12.47,17943954,14.88,15.12,14.17,14.64,15284800,2026-01-13T03:44:31Z
MRVL,2008-08-07,13.03,13.39,12.45,12.71,19976745,15.3,15.72,14.61,14.92,17016400,2026-01-13T03:44:31Z
MRVL,2008-08-08,13.25,13.48,12.96,13.11,11448749,15.55,15.82,15.21,15.39,9752200,2026-01-13T03:44:31Z
MRVL,2008-08-11,13.48,13.81,13.45,13.54,18681912,15.82,16.21,15.79,15.9,15913400,2026-01-13T03:44:31Z
MRVL,2008-08-12,13.57,13.62,12.98,13.61,22945785,15.93,15.99,15.24,15.98,19545400,2026-01-13T03:44:31Z
MRVL,2008-08-13,13.65,13.8,13.34,13.53,12957346,16.02,16.2,15.66,15.88,11037200,2026-01-13T03:44:31Z
MRVL,2008-08-14,13.9,14.02,13.44,13.55,10077745,16.32,16.46,15.78,15.91,8584300,2026-01-13T03:44:31Z
MRVL,2008-08-15,13.53,14.17,13.5,13.97,22681839,15.88,16.63,15.85,16.4,19320700,2026-01-13T03:44:31Z
MRVL,2008-08-18,13.51,13.71,13.24,13.63,13452889,15.86,16.1,15.54,16,11459300,2026-01-13T03:44:31Z
MRVL,2008-08-19,13.52,13.66,13.24,13.41,15294400,15.87,16.04,15.54,15.74,13027900,2026-01-13T03:44:31Z
MRVL,2008-08-20,13.67,13.89,13.51,13.63,10820800,16.05,16.31,15.86,16,9217300,2026-01-13T03:44:31Z
MRVL,2008-08-21,13.49,13.84,13.38,13.7,7913719,15.84,16.25,15.71,16.08,6741000,2026-01-13T03:44:31Z
MRVL,2008-08-22,13.62,13.79,13.53,13.67,7574482,15.99,16.19,15.88,16.05,6452000,2026-01-13T03:44:31Z
MRVL,2008-08-25,13.35,13.77,13.31,13.77,12729445,15.67,16.17,15.62,16.17,10843100,2026-01-13T03:44:31Z
MRVL,2008-08-26,12.46,12.88,12.17,12.68,45332691,14.63,15.12,14.29,14.88,38614900,2026-01-13T03:44:31Z
MRVL,2008-08-27,12.3,12.65,12.15,12.56,24786584,14.44,14.85,14.26,14.74,21113400,2026-01-13T03:44:31Z
MRVL,2008-08-28,12.57,12.68,12.27,12.53,27358953,14.76,14.89,14.4,14.71,23304600,2026-01-13T03:44:31Z
MRVL,2008-08-29,12.02,12.3,11.76,12.08,35312331,14.11,14.44,13.8,14.18,30079300,2026-01-13T03:44:31Z
MRVL,2008-09-02,12.07,12.28,11.82,12.22,14922512,14.17,14.41,13.87,14.35,12711200,2026-01-13T03:44:31Z
MRVL,2008-09-03,10.76,11.91,10.69,11.91,37592986,12.63,13.98,12.55,13.98,32022200,2026-01-13T03:44:31Z
MRVL,2008-09-04,10.17,10.47,9.98,10.45,38600433,11.94,12.29,11.71,12.27,32880200,2026-01-13T03:44:31Z
MRVL,2008-09-05,10.55,10.64,9.98,10.03,21746453,12.39,12.49,11.72,11.77,18523800,2026-01-13T03:44:31Z
MRVL,2008-09-08,10.32,10.95,10.19,10.84,15925997,12.11,12.85,11.96,12.72,13565900,2026-01-13T03:44:31Z
MRVL,2008-09-09,9.9,10.35,9.76,10.34,17638733,11.62,12.15,11.46,12.14,15024800,2026-01-13T03:44:31Z
MRVL,2008-09-10,9.7,10.1,9.64,10.05,13991758,11.39,11.86,11.32,11.8,11918300,2026-01-13T03:44:31Z
MRVL,2008-09-11,9.95,10.17,9.41,9.52,19314011,11.68,11.94,11.05,11.17,16451800,2026-01-13T03:44:31Z
MRVL,2008-09-12,9.88,9.95,9.64,9.78,13564171,11.6,11.68,11.32,11.48,11554100,2026-01-13T03:44:31Z
MRVL,2008-09-15,9.2,9.57,9.01,9.51,21324001,10.8,11.24,10.58,11.16,18164100,2026-01-13T03:44:31Z
MRVL,2008-09-16,9.11,9.34,8.78,8.86,26553659,10.69,10.97,10.31,10.4,22618800,2026-01-13T03:44:31Z
MRVL,2008-09-17,8.62,9.04,8.6,8.77,21943434,10.12,10.61,10.09,10.29,18691600,2026-01-13T03:44:31Z
MRVL,2008-09-18,9.02,9.35,8.61,8.95,23055880,10.59,10.98,10.11,10.51,19639300,2026-01-13T03:44:31Z
MRVL,2008-09-19,9.42,10.08,9.31,9.49,24771537,11.06,11.83,10.93,11.14,21100600,2026-01-13T03:44:31Z
MRVL,2008-09-22,8.92,9.41,8.89,9.35,6366408,10.47,11.05,10.44,10.98,5423000,2026-01-13T03:44:31Z
MRVL,2008-09-23,8.72,9.03,8.59,8.88,9618497,10.24,10.6,10.08,10.43,8193100,2026-01-13T03:44:31Z
MRVL,2008-09-24,8.93,9.1,8.71,8.85,10679573,10.48,10.68,10.22,10.39,9097000,2026-01-13T03:44:31Z
MRVL,2008-09-25,9.17,9.34,8.79,9.02,14726836,10.76,10.97,10.32,10.59,12544500,2026-01-13T03:44:31Z
MRVL,2008-09-26,8.26,8.78,8.15,8.78,36314481,9.7,10.31,9.57,10.31,30933200,2026-01-13T03:44:31Z
MRVL,2008-09-29,7.35,8.15,7.2,8.09,28094370,8.63,9.57,8.45,9.5,23931000,2026-01-13T03:44:31Z
MRVL,2008-09-30,7.92,7.92,7.29,7.5,15474289,9.3,9.3,8.56,8.8,13181100,2026-01-13T03:44:31Z
MRVL,2008-10-01,7.77,7.94,7.57,7.85,9545212,9.12,9.32,8.89,9.22,8130700,2026-01-13T03:44:31Z
MRVL,2008-10-02,7.27,7.71,7.23,7.68,13885878,8.54,9.05,8.49,9.01,11828200,2026-01-13T03:44:31Z
MRVL,2008-10-03,7.25,7.79,7.17,7.4,16396386,8.51,9.15,8.42,8.69,13966600,2026-01-13T03:44:31Z
MRVL,2008-10-06,6.91,7.16,6.53,7.03,22692902,8.11,8.4,7.66,8.25,19330100,2026-01-13T03:44:31Z
MRVL,2008-10-07,6.46,7.16,6.44,7.16,15399374,7.58,8.41,7.56,8.4,13117300,2026-01-13T03:44:31Z
MRVL,2008-10-08,6.41,6.84,6.13,6.22,23400329,7.52,8.03,7.2,7.3,19932600,2026-01-13T03:44:31Z
MRVL,2008-10-09,6.22,6.78,6.09,6.59,13261318,7.3,7.96,7.15,7.73,11296100,2026-01-13T03:44:31Z
MRVL,2008-10-10,5.96,6.46,5.65,6.01,19151123,7,7.58,6.63,7.06,16313200,2026-01-13T03:44:31Z
MRVL,2008-10-13,6.68,6.72,6.19,6.39,12568747,7.84,7.89,7.27,7.5,10706200,2026-01-13T03:44:31Z
MRVL,2008-10-14,6.54,7.06,6.49,6.93,17401769,7.68,8.29,7.62,8.13,14823000,2026-01-13T03:44:31Z
MRVL,2008-10-15,6.08,6.76,6.03,6.64,14393639,7.14,7.93,7.08,7.79,12260600,2026-01-13T03:44:31Z
MRVL,2008-10-16,6.29,6.33,5.77,6.08,16086859,7.39,7.43,6.77,7.14,13703000,2026-01-13T03:44:31Z
MRVL,2008-10-17,6.28,6.59,6.03,6.19,12153138,7.37,7.73,7.08,7.27,10352100,2026-01-13T03:44:31Z
MRVL,2008-10-20,6.19,6.45,5.92,6.45,12210035,7.27,7.57,6.95,7.57,10400700,2026-01-13T03:44:31Z
MRVL,2008-10-21,5.74,6.13,5.73,6.09,15484084,6.74,7.19,6.73,7.15,13189500,2026-01-13T03:44:31Z
MRVL,2008-10-22,5.6,5.96,5.45,5.78,17662599,6.57,7,6.4,6.79,15045200,2026-01-13T03:44:31Z
MRVL,2008-10-23,5.37,5.61,5.18,5.55,15934367,6.31,6.58,6.08,6.52,13573000,2026-01-13T03:44:31Z
MRVL,2008-10-24,5.19,5.4,4.78,4.87,21797915,6.09,6.34,5.61,5.72,18567600,2026-01-13T03:44:31Z
MRVL,2008-10-27,5.16,5.45,5.05,5.06,13162361,6.06,6.4,5.93,5.94,11211900,2026-01-13T03:44:31Z
MRVL,2008-10-28,5.53,5.56,4.9,5.38,19394277,6.49,6.53,5.75,6.31,16520100,2026-01-13T03:44:31Z
MRVL,2008-10-29,5.91,6.09,5.32,5.52,18539576,6.94,7.15,6.25,6.48,15792300,2026-01-13T03:44:31Z
MRVL,2008-10-30,6.12,6.46,6.01,6.04,17008945,7.18,7.58,7.06,7.09,14488400,2026-01-13T03:44:31Z
MRVL,2008-10-31,5.93,6.12,5.67,5.96,11302164,6.96,7.18,6.66,7,9627300,2026-01-13T03:44:31Z
MRVL,2008-11-03,5.71,5.95,5.58,5.93,11350002,6.7,6.99,6.55,6.96,9668000,2026-01-13T03:44:31Z
MRVL,2008-11-04,6.27,6.55,6.06,6.09,25928289,7.36,7.69,7.11,7.15,22085900,2026-01-13T03:44:31Z
MRVL,2008-11-05,6.06,6.45,6.06,6.24,11392036,7.11,7.57,7.11,7.33,9703900,2026-01-13T03:44:31Z
MRVL,2008-11-06,5.64,6.11,5.6,6,13525508,6.62,7.17,6.57,7.04,11521200,2026-01-13T03:44:31Z
MRVL,2008-11-07,5.53,5.72,5.37,5.69,12334661,6.49,6.71,6.3,6.68,10506700,2026-01-13T03:44:31Z
MRVL,2008-11-10,5.26,5.75,5.21,5.71,9326670,6.17,6.75,6.11,6.7,7944600,2026-01-13T03:44:31Z
MRVL,2008-11-11,5.2,5.29,4.94,5.23,10507942,6.1,6.21,5.8,6.14,8950700,2026-01-13T03:44:31Z
MRVL,2008-11-12,4.88,5.21,4.85,5.21,10167348,5.73,6.11,5.69,6.11,8660700,2026-01-13T03:44:31Z
MRVL,2008-11-13,5.25,5.26,4.5,4.86,15088783,6.16,6.17,5.28,5.7,12852900,2026-01-13T03:44:31Z
MRVL,2008-11-14,4.95,5.23,4.76,5.23,12594163,5.81,6.14,5.59,6.14,10727800,2026-01-13T03:44:31Z
MRVL,2008-11-17,4.84,5.03,4.69,4.85,11054650,5.68,5.91,5.51,5.69,9416500,2026-01-13T03:44:31Z
MRVL,2008-11-18,4.73,5,4.62,4.88,12689924,5.55,5.87,5.42,5.73,10809300,2026-01-13T03:44:31Z
MRVL,2008-11-19,4.29,4.79,4.29,4.72,11258790,5.04,5.62,5.04,5.54,9590300,2026-01-13T03:44:31Z
MRVL,2008-11-20,4.07,4.47,4.01,4.22,21338777,4.78,5.25,4.71,4.95,18176800,2026-01-13T03:44:31Z
MRVL,2008-11-21,4.35,4.36,3.82,4.16,20033224,5.11,5.12,4.48,4.88,17064700,2026-01-13T03:44:31Z
MRVL,2008-11-24,4.71,4.72,4.33,4.51,13955488,5.53,5.54,5.08,5.29,11887400,2026-01-13T03:44:31Z
MRVL,2008-11-25,4.55,4.81,4.5,4.77,11188325,5.34,5.65,5.28,5.6,9530400,2026-01-13T03:44:31Z
MRVL,2008-11-26,4.94,4.94,4.42,4.46,11044008,5.8,5.8,5.19,5.24,9407400,2026-01-13T03:44:31Z
MRVL,2008-11-28,4.94,4.98,4.77,4.87,3040465,5.8,5.85,5.6,5.72,2589900,2026-01-13T03:44:31Z
MRVL,2008-12-01,4.44,4.84,4.44,4.75,10279240,5.21,5.68,5.21,5.57,8755900,2026-01-13T03:44:31Z
MRVL,2008-12-02,4.34,4.55,4.2,4.51,18626744,5.09,5.34,4.93,5.29,15866400,2026-01-13T03:44:31Z
MRVL,2008-12-03,5.22,5.26,4.68,4.76,32011101,6.13,6.18,5.5,5.59,27267400,2026-01-13T03:44:31Z
MRVL,2008-12-04,4.86,5.16,4.73,5.07,13385895,5.7,6.06,5.55,5.95,11402200,2026-01-13T03:44:31Z
MRVL,2008-12-05,4.91,4.92,4.51,4.92,14437566,5.76,5.78,5.3,5.78,12298000,2026-01-13T03:44:31Z
MRVL,2008-12-08,4.88,5.07,4.71,5.07,15818340,5.73,5.95,5.53,5.95,13474300,2026-01-13T03:44:31Z
MRVL,2008-12-09,5.45,5.61,4.7,4.82,27868573,6.4,6.58,5.52,5.66,23738800,2026-01-13T03:44:31Z
MRVL,2008-12-10,5.54,5.96,5.37,5.49,23665574,6.5,7,6.3,6.45,20158700,2026-01-13T03:44:31Z
MRVL,2008-12-11,5.27,5.67,5.23,5.46,12249571,6.19,6.65,6.14,6.41,10434300,2026-01-13T03:44:31Z
MRVL,2008-12-12,5.6,5.68,5.11,5.17,19466520,6.57,6.67,6,6.07,16581800,2026-01-13T03:44:31Z
MRVL,2008-12-15,5.66,5.72,5.37,5.61,12751241,6.64,6.71,6.3,6.59,10861600,2026-01-13T03:44:31Z
MRVL,2008-12-16,6.21,6.25,5.73,5.76,27048850,7.29,7.34,6.73,6.76,23040500,2026-01-13T03:44:31Z
MRVL,2008-12-17,6.12,6.45,5.94,6.01,32897804,7.18,7.57,6.97,7.06,28022700,2026-01-13T03:44:31Z
MRVL,2008-12-18,5.83,6.19,5.72,6.16,23878251,6.84,7.27,6.71,7.23,20339800,2026-01-13T03:44:31Z
MRVL,2008-12-19,6.07,6.18,5.89,5.94,21279177,7.13,7.26,6.92,6.97,18125800,2026-01-13T03:44:31Z
MRVL,2008-12-22,5.87,6.2,5.7,5.98,18199156,6.89,7.28,6.69,7.02,15502300,2026-01-13T03:44:31Z
MRVL,2008-12-23,5.61,5.95,5.54,5.83,11876651,6.59,6.99,6.5,6.84,10116600,2026-01-13T03:44:31Z
MRVL,2008-12-24,5.59,5.67,5.55,5.56,3629665,6.56,6.66,6.51,6.53,3091800,2026-01-13T03:44:31Z
MRVL,2008-12-26,5.49,5.66,5.37,5.62,5558607,6.45,6.64,6.3,6.6,4734900,2026-01-13T03:44:31Z
MRVL,2008-12-29,5.34,5.54,5.15,5.5,18799669,6.27,6.5,6.05,6.46,16013900,2026-01-13T03:44:31Z
MRVL,2008-12-30,5.66,5.67,5.29,5.44,12602029,6.64,6.65,6.21,6.39,10734500,2026-01-13T03:44:31Z
MRVL,2008-12-31,5.68,5.75,5.51,5.57,8189697,6.67,6.75,6.47,6.54,6976100,2026-01-13T03:44:31Z
MRVL,2009-01-02,6.06,6.18,5.58,5.68,12880623,7.11,7.25,6.55,6.67,10971900,2026-01-13T03:44:31Z
MRVL,2009-01-05,5.98,6.22,5.94,5.96,14474252,7.02,7.3,6.97,7,12329300,2026-01-13T03:44:31Z
MRVL,2009-01-06,6.51,6.59,5.98,5.98,20954529,7.64,7.73,7.02,7.02,17849200,2026-01-13T03:44:31Z
MRVL,2009-01-07,6.23,6.37,5.96,6.26,16790096,7.31,7.48,7,7.35,14301900,2026-01-13T03:44:31Z
MRVL,2009-01-08,6.2,6.26,6,6.16,12283092,7.28,7.35,7.04,7.23,10462900,2026-01-13T03:44:31Z
MRVL,2009-01-09,5.84,6.26,5.8,6.2,18188614,6.86,7.35,6.81,7.28,15493200,2026-01-13T03:44:31Z
MRVL,2009-01-12,5.55,5.82,5.43,5.77,12955825,6.52,6.83,6.37,6.77,11035900,2026-01-13T03:44:31Z
MRVL,2009-01-13,5.43,5.8,5.24,5.49,21656265,6.38,6.81,6.15,6.44,18447200,2026-01-13T03:44:31Z
MRVL,2009-01-14,5.37,5.45,5.22,5.37,13033240,6.31,6.4,6.13,6.3,11101800,2026-01-13T03:44:31Z
MRVL,2009-01-15,5.54,5.67,5.29,5.38,13021835,6.5,6.65,6.21,6.31,11092200,2026-01-13T03:44:31Z
MRVL,2009-01-16,5.37,5.85,5.3,5.65,30723992,6.31,6.87,6.22,6.63,26170900,2026-01-13T03:44:31Z
MRVL,2009-01-20,4.94,5.36,4.82,5.32,24664764,5.8,6.29,5.66,6.25,21009700,2026-01-13T03:44:31Z
MRVL,2009-01-21,5.25,5.26,4.98,5.01,16632187,6.16,6.17,5.85,5.88,14167600,2026-01-13T03:44:31Z
MRVL,2009-01-22,5.29,5.38,4.95,5.09,23491096,6.21,6.32,5.81,5.98,20009800,2026-01-13T03:44:31Z
MRVL,2009-01-23,5.75,5.84,5.11,5.19,24958574,6.75,6.86,6,6.09,21259900,2026-01-13T03:44:31Z
MRVL,2009-01-26,5.83,6.03,5.61,5.76,17174782,6.84,7.08,6.58,6.76,14629700,2026-01-13T03:44:31Z
MRVL,2009-01-27,6.13,6.23,5.9,5.91,14427940,7.2,7.31,6.93,6.94,12289800,2026-01-13T03:44:31Z
MRVL,2009-01-28,6.41,6.44,6.17,6.25,17081068,7.52,7.56,7.24,7.34,14549800,2026-01-13T03:44:31Z
MRVL,2009-01-29,6.16,6.33,6.08,6.28,12425865,7.23,7.43,7.14,7.37,10584500,2026-01-13T03:44:31Z
MRVL,2009-01-30,6.21,6.33,6.05,6.13,17317931,7.29,7.43,7.1,7.2,14751600,2026-01-13T03:44:31Z
MRVL,2009-02-02,6.25,6.35,6.05,6.09,10061493,7.34,7.46,7.1,7.15,8570500,2026-01-13T03:44:31Z
MRVL,2009-02-03,6.38,6.41,6.11,6.25,13380827,7.49,7.53,7.17,7.34,11398000,2026-01-13T03:44:31Z
MRVL,2009-02-04,6.54,6.77,6.21,6.37,21557626,7.68,7.95,7.29,7.48,18363000,2026-01-13T03:44:31Z
MRVL,2009-02-05,6.88,6.99,6.64,6.76,30549176,8.08,8.21,7.8,7.93,26022000,2026-01-13T03:44:31Z
MRVL,2009-02-06,7.05,7.19,6.85,6.88,17633475,8.28,8.44,8.04,8.08,15020400,2026-01-13T03:44:31Z
MRVL,2009-02-09,6.95,7.16,6.87,7.13,14119636,8.16,8.4,8.07,8.37,12027300,2026-01-13T03:44:31Z
MRVL,2009-02-10,6.68,7.05,6.55,6.95,18499874,7.84,8.28,7.69,8.16,15758400,2026-01-13T03:44:31Z
MRVL,2009-02-11,6.67,6.86,6.53,6.79,13816873,7.83,8.05,7.66,7.97,11769400,2026-01-13T03:44:31Z
MRVL,2009-02-12,6.75,6.76,6.41,6.63,21371636,7.93,7.94,7.52,7.78,18204700,2026-01-13T03:44:31Z
MRVL,2009-02-13,6.98,7.06,6.75,6.83,14254753,8.19,8.29,7.92,8.02,12142300,2026-01-13T03:44:31Z
MRVL,2009-02-17,6.34,6.76,6.26,6.73,24614631,7.44,7.94,7.35,7.9,20967100,2026-01-13T03:44:31Z
MRVL,2009-02-18,6.38,6.59,6.17,6.5,13613507,7.49,7.73,7.24,7.63,11596200,2026-01-13T03:44:31Z
MRVL,2009-02-19,5.96,6.59,5.93,6.44,14574069,7,7.73,6.96,7.56,12414400,2026-01-13T03:44:31Z
MRVL,2009-02-20,5.98,6.1,5.6,5.88,26795674,7.02,7.16,6.57,6.9,22824800,2026-01-13T03:44:31Z
MRVL,2009-02-23,5.63,6.05,5.59,6.05,12128683,6.61,7.1,6.56,7.1,10331400,2026-01-13T03:44:31Z
MRVL,2009-02-24,6.37,6.4,5.92,5.98,25634629,7.48,7.51,6.95,7.02,21835700,2026-01-13T03:44:31Z
MRVL,2009-02-25,6.51,6.67,6.21,6.35,23259866,7.64,7.83,7.29,7.45,19812900,2026-01-13T03:44:31Z
MRVL,2009-02-26,6.4,6.78,6.38,6.54,12818455,7.51,7.96,7.49,7.68,10918900,2026-01-13T03:44:31Z
MRVL,2009-02-27,6.4,6.53,6.16,6.33,15774392,7.51,7.66,7.23,7.43,13436800,2026-01-13T03:44:31Z
MRVL,2009-03-02,6.07,6.49,6.02,6.24,16887701,7.13,7.62,7.07,7.32,14385100,2026-01-13T03:44:31Z
MRVL,2009-03-03,6.12,6.31,5.95,6.18,12865652,7.18,7.41,6.99,7.26,10959100,2026-01-13T03:44:31Z
MRVL,2009-03-04,6.46,6.64,6.15,6.25,16266001,7.58,7.79,7.22,7.34,13855500,2026-01-13T03:44:31Z
MRVL,2009-03-05,6.41,6.7,6.31,6.34,28836645,7.52,7.87,7.41,7.44,24563300,2026-01-13T03:44:31Z
MRVL,2009-03-06,6.87,7.07,6.77,7.07,45880460,8.06,8.3,7.95,8.3,39081500,2026-01-13T03:44:31Z
MRVL,2009-03-09,6.53,7.24,6.5,6.83,24771067,7.67,8.5,7.63,8.02,21100300,2026-01-13T03:44:31Z
MRVL,2009-03-10,7.07,7.16,6.76,6.8,22623662,8.3,8.4,7.93,7.98,19271000,2026-01-13T03:44:31Z
MRVL,2009-03-11,7.36,7.47,7.13,7.17,22210467,8.64,8.77,8.37,8.42,18919000,2026-01-13T03:44:31Z
MRVL,2009-03-12,7.55,7.62,7.33,7.33,16953744,8.86,8.94,8.6,8.61,14441300,2026-01-13T03:44:31Z
MRVL,2009-03-13,7.65,7.79,7.39,7.54,18485230,8.98,9.14,8.67,8.85,15746000,2026-01-13T03:44:31Z
MRVL,2009-03-16,7.15,7.67,7.08,7.59,14791064,8.39,9,8.31,8.91,12599200,2026-01-13T03:44:31Z
MRVL,2009-03-17,7.56,7.57,7.11,7.22,22391651,8.88,8.89,8.35,8.47,19073500,2026-01-13T03:44:31Z
MRVL,2009-03-18,8.06,8.09,7.52,7.55,32224649,9.46,9.5,8.83,8.86,27449200,2026-01-13T03:44:31Z
MRVL,2009-03-19,7.56,8.09,7.5,8.08,24450727,8.87,9.5,8.8,9.49,20827500,2026-01-13T03:44:31Z
MRVL,2009-03-20,7.45,7.8,7.27,7.68,15446949,8.75,9.16,8.54,9.01,13157800,2026-01-13T03:44:31Z
MRVL,2009-03-23,7.9,7.91,7.48,7.65,13223600,9.28,9.28,8.78,8.98,11264000,2026-01-13T03:44:31Z
MRVL,2009-03-24,7.8,7.97,7.68,7.96,15000606,9.16,9.36,9.02,9.34,12777700,2026-01-13T03:44:31Z
MRVL,2009-03-25,7.82,8.25,7.55,7.95,19280161,9.18,9.69,8.86,9.33,16423000,2026-01-13T03:44:31Z
MRVL,2009-03-26,8.22,8.24,7.82,7.89,16168209,9.65,9.68,9.18,9.26,13772300,2026-01-13T03:44:31Z
MRVL,2009-03-27,7.9,8.15,7.85,8.09,8322256,9.27,9.57,9.21,9.5,7089000,2026-01-13T03:44:31Z
MRVL,2009-03-30,7.7,7.88,7.56,7.86,10805643,9.04,9.25,8.87,9.23,9204400,2026-01-13T03:44:31Z
MRVL,2009-03-31,7.8,8,7.7,7.78,10774557,9.16,9.39,9.04,9.13,9177900,2026-01-13T03:44:31Z
MRVL,2009-04-01,8.07,8.17,7.56,7.67,15722013,9.47,9.59,8.88,9,13392100,2026-01-13T03:44:31Z
MRVL,2009-04-02,8.41,8.6,8.12,8.21,18360120,9.87,10.09,9.53,9.64,15639400,2026-01-13T03:44:31Z
MRVL,2009-04-03,8.57,8.68,8.27,8.59,22184666,10.06,10.19,9.71,10.08,18897100,2026-01-13T03:44:31Z
MRVL,2009-04-06,8.29,8.33,8.01,8.31,15649284,9.73,9.78,9.4,9.75,13330200,2026-01-13T03:44:31Z
MRVL,2009-04-07,8.07,8.18,7.92,8.14,10078472,9.47,9.6,9.3,9.55,8584900,2026-01-13T03:44:31Z
MRVL,2009-04-08,8.56,8.57,8.09,8.09,18049779,10.05,10.06,9.5,9.5,15375000,2026-01-13T03:44:31Z
MRVL,2009-04-09,8.92,9.11,8.73,8.79,18229081,10.47,10.7,10.25,10.32,15527800,2026-01-13T03:44:31Z
MRVL,2009-04-13,8.71,8.94,8.48,8.94,14914621,10.23,10.5,9.95,10.5,12704400,2026-01-13T03:44:31Z
MRVL,2009-04-14,8.77,9.16,8.58,8.65,17759096,10.3,10.76,10.07,10.16,15127300,2026-01-13T03:44:31Z
MRVL,2009-04-15,8.78,9,8.49,8.71,27030792,10.31,10.57,9.97,10.23,23025200,2026-01-13T03:44:31Z
MRVL,2009-04-16,9.05,9.1,8.75,8.96,13028759,10.62,10.68,10.27,10.52,11098000,2026-01-13T03:44:31Z
MRVL,2009-04-17,8.88,8.99,8.77,8.93,8131119,10.42,10.56,10.3,10.48,6926200,2026-01-13T03:44:31Z
MRVL,2009-04-20,8.34,8.66,8.31,8.6,11474651,9.79,10.17,9.75,10.1,9774200,2026-01-13T03:44:31Z
MRVL,2009-04-21,8.42,8.56,8.18,8.37,16426282,9.88,10.05,9.6,9.83,13992100,2026-01-13T03:44:31Z
MRVL,2009-04-22,8.62,8.88,8.14,8.19,15727012,10.12,10.43,9.55,9.61,13396400,2026-01-13T03:44:31Z
MRVL,2009-04-23,8.66,8.7,8.26,8.69,13257898,10.17,10.21,9.7,10.2,11293200,2026-01-13T03:44:31Z
MRVL,2009-04-24,8.87,8.94,8.44,8.6,12573051,10.41,10.49,9.91,10.09,10709800,2026-01-13T03:44:31Z
MRVL,2009-04-27,8.93,9.19,8.71,8.78,12984422,10.48,10.79,10.23,10.31,11060300,2026-01-13T03:44:31Z
MRVL,2009-04-28,8.65,8.83,8.56,8.82,12657827,10.15,10.37,10.05,10.35,10782100,2026-01-13T03:44:31Z
MRVL,2009-04-29,8.79,9.06,8.62,8.74,15167196,10.32,10.64,10.12,10.26,12919600,2026-01-13T03:44:31Z
MRVL,2009-04-30,9.35,9.58,8.8,8.81,29142449,10.98,11.25,10.33,10.34,24823900,2026-01-13T03:44:31Z
MRVL,2009-05-01,9.58,9.72,9.32,9.52,18729807,11.25,11.41,10.94,11.17,15954300,2026-01-13T03:44:31Z
MRVL,2009-05-04,9.87,10.16,9.71,9.71,18970971,11.59,11.93,11.4,11.4,16159700,2026-01-13T03:44:31Z
MRVL,2009-05-05,9.62,9.85,9.42,9.8,15561742,11.29,11.56,11.06,11.5,13255600,2026-01-13T03:44:31Z
MRVL,2009-05-06,9.89,9.98,9.42,9.73,24144033,11.61,11.72,11.06,11.42,20566100,2026-01-13T03:44:31Z
MRVL,2009-05-07,9.29,10.03,9.03,10,18636093,10.91,11.78,10.6,11.74,15874500,2026-01-13T03:44:31Z
MRVL,2009-05-08,9,9.26,8.57,9.24,25602864,10.57,10.87,10.06,10.85,21808700,2026-01-13T03:44:31Z
MRVL,2009-05-11,9.13,9.34,8.77,8.82,15628960,10.72,10.96,10.3,10.35,13312900,2026-01-13T03:44:31Z
MRVL,2009-05-12,8.82,9.24,8.69,9.21,11729547,10.36,10.85,10.2,10.81,9991400,2026-01-13T03:44:31Z
MRVL,2009-05-13,8.68,8.83,8.5,8.77,12947552,10.19,10.37,9.98,10.3,11028800,2026-01-13T03:44:31Z
MRVL,2009-05-14,9.1,9.22,8.63,8.7,12055194,10.68,10.82,10.13,10.21,10268700,2026-01-13T03:44:31Z
MRVL,2009-05-15,9.11,9.29,8.94,9.1,11127184,10.69,10.91,10.5,10.68,9478300,2026-01-13T03:44:31Z
MRVL,2009-05-18,9.61,9.67,9.3,9.5,19377006,11.28,11.35,10.92,11.15,16505500,2026-01-13T03:44:31Z
MRVL,2009-05-19,9.7,9.94,9.46,9.54,16640945,11.39,11.67,11.11,11.2,14174900,2026-01-13T03:44:31Z
MRVL,2009-05-20,9.61,9.9,9.48,9.8,14026860,11.28,11.62,11.13,11.5,11948200,2026-01-13T03:44:31Z
MRVL,2009-05-21,9.45,9.67,9.32,9.52,14539468,11.09,11.35,10.94,11.18,12384900,2026-01-13T03:44:31Z
MRVL,2009-05-22,9.34,9.5,9.16,9.42,11671663,10.96,11.15,10.76,11.06,9942000,2026-01-13T03:44:31Z
MRVL,2009-05-26,9.9,9.92,9.16,9.18,19241325,11.62,11.65,10.76,10.78,16389900,2026-01-13T03:44:31Z
MRVL,2009-05-27,9.8,10.15,9.74,9.97,28249650,11.5,11.91,11.43,11.7,24063300,2026-01-13T03:44:31Z
MRVL,2009-05-28,9.96,10.02,9.51,9.99,25116529,11.69,11.76,11.16,11.73,21394600,2026-01-13T03:44:31Z
MRVL,2009-05-29,9.74,10.09,9.38,9.93,32341211,11.43,11.84,11.01,11.66,27548600,2026-01-13T03:44:31Z
MRVL,2009-06-01,10.33,10.41,9.81,10.1,23967094,12.13,12.22,11.52,11.86,20415500,2026-01-13T03:44:31Z
MRVL,2009-06-02,9.51,9.94,9.34,9.85,29729280,11.16,11.67,10.96,11.56,25323700,2026-01-13T03:44:31Z
MRVL,2009-06-03,9.18,9.4,9.05,9.2,21029717,10.78,11.03,10.62,10.8,17913300,2026-01-13T03:44:31Z
MRVL,2009-06-04,9.66,9.69,9.23,9.27,14464649,11.34,11.38,10.83,10.88,12321100,2026-01-13T03:44:31Z
MRVL,2009-06-05,9.69,9.85,9.46,9.71,14259018,11.37,11.56,11.1,11.4,12146000,2026-01-13T03:44:31Z
MRVL,2009-06-08,9.55,9.63,9.29,9.49,9934833,11.21,11.3,10.91,11.14,8462600,2026-01-13T03:44:31Z
MRVL,2009-06-09,10.94,11.02,10.01,10.04,56489101,12.84,12.94,11.75,11.79,48117800,2026-01-13T03:44:31Z
MRVL,2009-06-10,11.01,11.01,10.49,10.9,24554855,12.92,12.93,12.31,12.8,20916100,2026-01-13T03:44:31Z
MRVL,2009-06-11,10.66,10.95,10.55,10.84,17111748,12.51,12.85,12.39,12.72,14575900,2026-01-13T03:44:31Z
MRVL,2009-06-12,10.5,10.69,10.31,10.67,11554121,12.33,12.55,12.1,12.53,9841900,2026-01-13T03:44:31Z
MRVL,2009-06-15,10.62,10.67,10.26,10.41,12903663,12.47,12.53,12.04,12.22,10991500,2026-01-13T03:44:31Z
MRVL,2009-06-16,10.18,10.73,10.17,10.66,15533437,11.95,12.6,11.94,12.51,13231500,2026-01-13T03:44:31Z
MRVL,2009-06-17,9.93,10.3,9.75,10.18,33007373,11.66,12.09,11.45,11.95,28116000,2026-01-13T03:44:31Z
MRVL,2009-06-18,9.6,10.03,9.52,10.01,21887859,11.27,11.77,11.17,11.75,18644300,2026-01-13T03:44:31Z
MRVL,2009-06-19,10.23,10.25,9.77,9.8,26170840,12.01,12.03,11.47,11.5,22292500,2026-01-13T03:44:31Z
MRVL,2009-06-22,9.78,10.55,9.75,10.52,35045648,11.48,12.38,11.45,12.35,29852300,2026-01-13T03:44:31Z
MRVL,2009-06-23,9.81,9.9,9.41,9.7,22321183,11.52,11.62,11.05,11.39,19013500,2026-01-13T03:44:31Z
MRVL,2009-06-24,10.03,10.14,9.89,9.97,13409451,11.77,11.9,11.61,11.7,11422300,2026-01-13T03:44:31Z
MRVL,2009-06-25,10.22,10.29,9.85,9.97,14035552,12,12.08,11.56,11.7,11955600,2026-01-13T03:44:31Z
MRVL,2009-06-26,10.05,10.39,10.02,10.2,19519060,11.8,12.2,11.76,11.97,16626600,2026-01-13T03:44:31Z
MRVL,2009-06-29,9.94,10.16,9.88,10.09,11981454,11.67,11.93,11.6,11.84,10205900,2026-01-13T03:44:31Z
MRVL,2009-06-30,9.92,10.12,9.75,10.04,10464859,11.64,11.88,11.45,11.79,8914100,2026-01-13T03:44:31Z
MRVL,2009-07-01,10,10.26,9.89,9.98,9280543,11.74,12.05,11.61,11.71,7905300,2026-01-13T03:44:31Z
MRVL,2009-07-02,9.94,10.01,9.74,9.88,10779188,11.67,11.75,11.43,11.6,9181800,2026-01-13T03:44:31Z
MRVL,2009-07-06,9.71,9.99,9.49,9.8,8042432,11.4,11.73,11.14,11.51,6850600,2026-01-13T03:44:31Z
MRVL,2009-07-07,9.8,10.26,9.76,10.09,22085944,11.5,12.05,11.46,11.85,18813000,2026-01-13T03:44:31Z
MRVL,2009-07-08,9.61,9.91,9.4,9.9,14899943,11.28,11.63,11.03,11.62,12691900,2026-01-13T03:44:31Z
MRVL,2009-07-09,9.92,10.08,9.65,9.76,13793642,11.64,11.83,11.33,11.46,11749600,2026-01-13T03:44:31Z
MRVL,2009-07-10,9.95,10.07,9.77,9.86,10646080,11.68,11.82,11.47,11.58,9068400,2026-01-13T03:44:31Z
MRVL,2009-07-13,10.13,10.15,9.66,9.96,12896916,11.89,11.91,11.34,11.69,10985700,2026-01-13T03:44:31Z
MRVL,2009-07-14,10.42,10.51,10.05,10.11,20624858,12.23,12.34,11.8,11.87,17568400,2026-01-13T03:44:31Z
MRVL,2009-07-15,10.85,10.99,10.72,10.84,19452620,12.74,12.9,12.59,12.73,16570000,2026-01-13T03:44:31Z
MRVL,2009-07-16,11.17,11.33,10.75,10.81,20808801,13.11,13.3,12.62,12.69,17725100,2026-01-13T03:44:31Z
MRVL,2009-07-17,11.22,11.23,10.92,11.2,8477270,13.17,13.18,12.82,13.15,7221000,2026-01-13T03:44:31Z
MRVL,2009-07-20,11.45,11.48,11.07,11.37,9812539,13.44,13.48,13,13.35,8358400,2026-01-13T03:44:31Z
MRVL,2009-07-21,11.59,11.63,11.07,11.45,19671816,13.61,13.65,12.99,13.44,16756600,2026-01-13T03:44:31Z
MRVL,2009-07-22,11.91,11.99,11.5,11.58,16847306,13.98,14.08,13.5,13.59,14350700,2026-01-13T03:44:31Z
MRVL,2009-07-23,11.91,11.99,11.75,11.93,14378092,13.98,14.07,13.79,14.01,12247400,2026-01-13T03:44:31Z
MRVL,2009-07-24,11.57,11.76,11.38,11.63,14559324,13.58,13.81,13.36,13.65,12401800,2026-01-13T03:44:31Z
MRVL,2009-07-27,11.68,11.75,11.42,11.54,8950364,13.71,13.79,13.41,13.55,7624000,2026-01-13T03:44:31Z
MRVL,2009-07-28,12.02,12.05,11.63,11.64,12573971,14.11,14.15,13.65,13.67,10710600,2026-01-13T03:44:31Z
MRVL,2009-07-29,11.71,11.91,11.59,11.87,11516405,13.75,13.98,13.61,13.93,9809800,2026-01-13T03:44:31Z
MRVL,2009-07-30,11.58,11.93,11.49,11.92,25869495,13.59,14,13.49,13.99,22035900,2026-01-13T03:44:31Z
MRVL,2009-07-31,11.36,11.7,11.28,11.47,14488842,13.34,13.74,13.24,13.47,12341800,2026-01-13T03:44:31Z
MRVL,2009-08-03,11.76,11.87,11.47,11.47,12936310,13.8,13.93,13.47,13.47,11019300,2026-01-13T03:44:31Z
MRVL,2009-08-04,12.04,12.33,11.68,11.82,16789859,14.13,14.47,13.71,13.87,14301800,2026-01-13T03:44:31Z
MRVL,2009-08-05,11.96,12.13,11.7,12.04,13571349,14.04,14.24,13.73,14.13,11560200,2026-01-13T03:44:31Z
MRVL,2009-08-06,11.58,12.03,11.53,11.83,11280329,13.59,14.12,13.54,13.89,9608700,2026-01-13T03:44:31Z
MRVL,2009-08-07,11.53,11.93,11.4,11.93,12953718,13.54,14.01,13.38,14,11034100,2026-01-13T03:44:31Z
MRVL,2009-08-10,11.35,11.64,11.3,11.53,8160277,13.32,13.67,13.26,13.54,6951000,2026-01-13T03:44:31Z
MRVL,2009-08-11,11.34,11.53,11.18,11.31,11516644,13.31,13.54,13.13,13.28,9810000,2026-01-13T03:44:31Z
MRVL,2009-08-12,11.74,11.84,11.32,11.34,9670500,13.78,13.9,13.29,13.31,8237400,2026-01-13T03:44:31Z
MRVL,2009-08-13,12.14,12.15,11.67,11.81,13317046,14.25,14.26,13.7,13.86,11343600,2026-01-13T03:44:31Z
MRVL,2009-08-14,11.66,12.08,11.59,11.99,8815095,13.69,14.18,13.61,14.07,7508800,2026-01-13T03:44:31Z
MRVL,2009-08-17,11.3,11.49,11.25,11.44,9001553,13.27,13.49,13.21,13.43,7667600,2026-01-13T03:44:31Z
MRVL,2009-08-18,11.65,11.72,11.42,11.42,10893238,13.68,13.76,13.41,13.41,9279000,2026-01-13T03:44:31Z
MRVL,2009-08-19,11.86,11.91,11.33,11.48,12445611,13.92,13.98,13.3,13.48,10601300,2026-01-13T03:44:31Z
MRVL,2009-08-20,11.93,12.05,11.76,11.89,10899927,14.01,14.15,13.8,13.96,9284700,2026-01-13T03:44:31Z
MRVL,2009-08-21,12.12,12.17,11.79,12.06,9514528,14.23,14.29,13.84,14.16,8104600,2026-01-13T03:44:31Z
MRVL,2009-08-24,11.85,12.27,11.8,12.21,12732392,13.91,14.4,13.85,14.33,10845600,2026-01-13T03:44:31Z
MRVL,2009-08-25,12,12.03,11.72,11.84,10354189,14.09,14.12,13.76,13.9,8819800,2026-01-13T03:44:31Z
MRVL,2009-08-26,12.27,12.3,11.93,12.04,13503676,14.4,14.44,14,14.13,11502600,2026-01-13T03:44:31Z
MRVL,2009-08-27,12.46,12.48,11.93,12.23,24178593,14.63,14.65,14.01,14.36,20595600,2026-01-13T03:44:31Z
MRVL,2009-08-28,13.08,13.5,12.94,13.34,30936362,15.36,15.85,15.19,15.66,26351900,2026-01-13T03:44:31Z
MRVL,2009-08-31,12.99,13.07,12.86,12.97,12562897,15.25,15.34,15.1,15.23,10701200,2026-01-13T03:44:31Z
MRVL,2009-09-01,12.79,13.37,12.71,12.95,15588084,15.02,15.7,14.92,15.2,13278100,2026-01-13T03:44:31Z
MRVL,2009-09-02,12.69,12.9,12.63,12.74,10814591,14.9,15.14,14.83,14.95,9212000,2026-01-13T03:44:31Z
MRVL,2009-09-03,12.75,12.89,12.68,12.71,12097764,14.97,15.13,14.89,14.92,10305000,2026-01-13T03:44:31Z
MRVL,2009-09-04,13.37,13.37,12.7,12.78,10819445,15.7,15.7,14.91,15,9216100,2026-01-13T03:44:31Z
MRVL,2009-09-08,13.84,13.88,13.44,13.5,14383385,16.25,16.3,15.78,15.85,12251900,2026-01-13T03:44:31Z
MRVL,2009-09-09,13.9,13.94,13.62,13.77,11731640,16.32,16.37,15.99,16.16,9993100,2026-01-13T03:44:31Z
MRVL,2009-09-10,13.98,14.23,13.83,13.95,12689568,16.41,16.71,16.24,16.38,10809100,2026-01-13T03:44:31Z
MRVL,2009-09-11,13.9,14.24,13.65,14.24,12034173,16.32,16.72,16.02,16.72,10250800,2026-01-13T03:44:31Z
MRVL,2009-09-14,13.77,13.97,13.71,13.77,8378140,16.17,16.4,16.09,16.16,7136600,2026-01-13T03:44:31Z
MRVL,2009-09-15,13.81,13.94,13.71,13.79,12063169,16.21,16.36,16.09,16.19,10275500,2026-01-13T03:44:31Z
MRVL,2009-09-16,14,14.05,13.58,13.9,16268696,16.43,16.49,15.94,16.32,13857800,2026-01-13T03:44:31Z
MRVL,2009-09-17,13.57,14.14,13.56,13.91,13568787,15.93,16.6,15.92,16.33,11558000,2026-01-13T03:44:31Z
MRVL,2009-09-18,13.69,13.83,13.53,13.71,12946067,16.07,16.24,15.88,16.1,11027600,2026-01-13T03:44:31Z
MRVL,2009-09-21,13.42,13.63,13.31,13.63,11653207,15.76,16,15.62,16,9926300,2026-01-13T03:44:31Z
MRVL,2009-09-22,13.61,13.72,13.39,13.5,8504258,15.98,16.11,15.72,15.85,7244000,2026-01-13T03:44:31Z
MRVL,2009-09-23,13.82,14.09,13.79,13.87,12444991,16.22,16.54,16.19,16.28,10600800,2026-01-13T03:44:31Z
MRVL,2009-09-24,13.37,13.88,13.25,13.88,12109992,15.7,16.3,15.55,16.3,10315400,2026-01-13T03:44:31Z
MRVL,2009-09-25,13.39,13.55,13.05,13.14,14139019,15.72,15.91,15.32,15.43,12043800,2026-01-13T03:44:31Z
MRVL,2009-09-28,13.82,14.04,13.43,13.43,10170899,16.22,16.48,15.77,15.77,8663700,2026-01-13T03:44:31Z
MRVL,2009-09-29,13.56,13.92,13.46,13.8,10452812,15.92,16.34,15.8,16.2,8903800,2026-01-13T03:44:31Z
MRVL,2009-09-30,13.79,13.88,13.38,13.61,12681939,16.19,16.3,15.71,15.98,10802600,2026-01-13T03:44:31Z
MRVL,2009-10-01,12.74,13.79,12.74,13.75,15325574,14.96,16.19,14.95,16.14,13054500,2026-01-13T03:44:31Z
MRVL,2009-10-02,12.85,13.25,12.57,12.58,13543175,15.09,15.56,14.76,14.77,11536200,2026-01-13T03:44:31Z
MRVL,2009-10-05,12.99,13.15,12.76,12.95,9246195,15.25,15.44,14.98,15.2,7876000,2026-01-13T03:44:31Z
MRVL,2009-10-06,13.19,13.38,13.03,13.09,9710630,15.48,15.71,15.3,15.37,8271600,2026-01-13T03:44:31Z
MRVL,2009-10-07,12.88,13.19,12.77,13.19,13118854,15.12,15.49,14.99,15.49,11174800,2026-01-13T03:44:31Z
MRVL,2009-10-08,12.69,13.01,12.55,13,16781165,14.9,15.27,14.73,15.26,14294400,2026-01-13T03:44:31Z
MRVL,2009-10-09,13.31,13.33,12.63,12.74,12639881,15.62,15.65,14.83,14.95,10766800,2026-01-13T03:44:31Z
MRVL,2009-10-12,13.6,13.71,13.18,13.49,14212447,15.97,16.1,15.47,15.84,12106300,2026-01-13T03:44:31Z
MRVL,2009-10-13,13.63,13.83,13.46,13.53,15154626,16,16.23,15.8,15.88,12908900,2026-01-13T03:44:31Z
MRVL,2009-10-14,13.98,14.04,13.8,13.97,14516971,16.41,16.48,16.2,16.4,12365700,2026-01-13T03:44:31Z
MRVL,2009-10-15,13.49,13.9,13.4,13.85,13596899,15.84,16.32,15.73,16.26,11582000,2026-01-13T03:44:31Z
MRVL,2009-10-16,13.2,13.38,12.74,13.31,22989555,15.5,15.71,14.95,15.63,19582800,2026-01-13T03:44:31Z
MRVL,2009-10-19,13.26,13.49,13.02,13.34,13893454,15.57,15.84,15.28,15.66,11834600,2026-01-13T03:44:31Z
MRVL,2009-10-20,12.98,13.39,12.91,13.33,22333005,15.24,15.72,15.15,15.65,19023500,2026-01-13T03:44:31Z
MRVL,2009-10-21,12.77,13.07,12.68,12.97,16225371,14.99,15.34,14.89,15.22,13820900,2026-01-13T03:44:31Z
MRVL,2009-10-22,12.67,12.79,12.33,12.73,14867086,14.88,15.02,14.48,14.94,12663900,2026-01-13T03:44:31Z
MRVL,2009-10-23,12.42,12.77,12.26,12.68,14512966,14.58,14.99,14.39,14.89,12362300,2026-01-13T03:44:31Z
MRVL,2009-10-26,12.77,13.11,12.63,12.89,24877792,14.99,15.39,14.83,15.13,21191100,2026-01-13T03:44:31Z
MRVL,2009-10-27,12.3,13.07,12.28,12.8,19487971,14.44,15.34,14.42,15.03,16600000,2026-01-13T03:44:31Z
MRVL,2009-10-28,11.7,12.36,11.64,12.12,23239355,13.73,14.51,13.67,14.23,19795600,2026-01-13T03:44:31Z
MRVL,2009-10-29,12.13,12.2,11.82,11.82,11857783,14.24,14.32,13.87,13.87,10100600,2026-01-13T03:44:31Z
MRVL,2009-10-30,11.7,12.11,11.66,12.1,11272419,13.73,14.22,13.69,14.21,9602000,2026-01-13T03:44:31Z
MRVL,2009-11-02,11.78,11.9,11.5,11.73,9568356,13.83,13.97,13.5,13.77,8150400,2026-01-13T03:44:31Z
MRVL,2009-11-03,11.87,11.91,11.38,11.68,8939927,13.94,13.98,13.36,13.71,7615100,2026-01-13T03:44:31Z
MRVL,2009-11-04,12.12,12.46,11.9,12.05,14828135,14.23,14.63,13.97,14.14,12630800,2026-01-13T03:44:31Z
MRVL,2009-11-05,12.52,12.66,12.28,12.34,11557396,14.7,14.86,14.41,14.49,9844700,2026-01-13T03:44:31Z
MRVL,2009-11-06,12.55,12.69,12.35,12.44,8927902,14.73,14.9,14.5,14.6,7604900,2026-01-13T03:44:31Z
MRVL,2009-11-09,12.98,13.07,12.74,12.78,10341964,15.24,15.34,14.96,15,8809400,2026-01-13T03:44:31Z
MRVL,2009-11-10,13.17,13.25,12.87,13.01,12913426,15.46,15.55,15.11,15.27,10999800,2026-01-13T03:44:31Z
MRVL,2009-11-11,13.24,13.48,13.11,13.29,9795514,15.54,15.82,15.39,15.6,8343900,2026-01-13T03:44:31Z
MRVL,2009-11-12,13.02,13.46,12.98,13.27,11760916,15.28,15.8,15.24,15.58,10018100,2026-01-13T03:44:31Z
MRVL,2009-11-13,13.49,13.54,13.01,13.04,10017705,15.84,15.89,15.27,15.31,8533200,2026-01-13T03:44:31Z
MRVL,2009-11-16,13.83,13.88,13.59,13.62,12599048,16.24,16.3,15.95,15.99,10732000,2026-01-13T03:44:31Z
MRVL,2009-11-17,13.99,14.03,13.76,13.97,9364308,16.42,16.47,16.15,16.4,7976600,2026-01-13T03:44:31Z
MRVL,2009-11-18,13.71,13.97,13.7,13.91,10606608,16.09,16.4,16.08,16.33,9034800,2026-01-13T03:44:31Z
MRVL,2009-11-19,13.01,13.28,12.66,13.28,24161329,15.27,15.59,14.86,15.59,20580800,2026-01-13T03:44:31Z
MRVL,2009-11-20,13.02,13.06,12.74,12.85,11056654,15.28,15.33,14.95,15.08,9418200,2026-01-13T03:44:31Z
MRVL,2009-11-23,13.3,13.35,13.15,13.2,10975649,15.61,15.67,15.44,15.5,9349200,2026-01-13T03:44:31Z
MRVL,2009-11-24,13.34,13.43,13.14,13.33,10365062,15.66,15.76,15.42,15.65,8829100,2026-01-13T03:44:31Z
MRVL,2009-11-25,13.54,13.58,13.34,13.39,8191132,15.9,15.94,15.66,15.72,6977300,2026-01-13T03:44:31Z
MRVL,2009-11-27,13.31,13.45,13.09,13.17,3706692,15.63,15.79,15.37,15.46,3157400,2026-01-13T03:44:31Z
MRVL,2009-11-30,13.13,13.36,12.88,13.32,15041863,15.42,15.68,15.12,15.64,12812800,2026-01-13T03:44:31Z
MRVL,2009-12-01,13.65,13.71,13.36,13.38,9826263,16.03,16.09,15.68,15.71,8370100,2026-01-13T03:44:31Z
MRVL,2009-12-02,14.08,14.11,13.63,13.66,11586402,16.53,16.57,16,16.04,9869400,2026-01-13T03:44:31Z
MRVL,2009-12-03,14.08,14.35,14.07,14.22,15115715,16.53,16.85,16.52,16.69,12875700,2026-01-13T03:44:31Z
MRVL,2009-12-04,15.38,15.5,14.86,15.25,32572497,18.06,18.2,17.44,17.9,27745600,2026-01-13T03:44:31Z
MRVL,2009-12-07,15.26,15.66,15.17,15.33,15257526,17.91,18.38,17.81,18,12996500,2026-01-13T03:44:31Z
MRVL,2009-12-08,15.21,15.4,14.98,14.98,16136491,17.86,18.08,17.58,17.59,13745200,2026-01-13T03:44:31Z
MRVL,2009-12-09,15.56,15.56,15.12,15.19,10929176,18.27,18.27,17.75,17.83,9309600,2026-01-13T03:44:31Z
