ticker,tradeDate,clsPx,hiPx,loPx,open,stockVolume,unadjClsPx,unadjHiPx,unadjLoPx,unadjOpen,unadjStockVolume,updatedAt
MS,2006-01-03,31.35,31.45,30.51,30.74,10001016,58.31,58.49,56.74,57.17,5377000,2026-02-03T03:45:46Z
MS,2006-01-04,31.37,31.87,31.37,31.56,14838408,58.35,59.28,58.35,58.7,7977800,2026-02-03T03:45:46Z
MS,2006-01-05,31.46,31.5,31.19,31.48,10746871,58.51,58.59,58.02,58.55,5778000,2026-02-03T03:45:46Z
MS,2006-01-06,31.49,31.64,31.21,31.6,12814762,58.57,58.85,58.05,58.77,6889800,2026-02-03T03:45:46Z
MS,2006-01-09,31.82,31.88,31.52,31.52,7708619,59.19,59.29,58.62,58.63,4144500,2026-02-03T03:45:46Z
MS,2006-01-10,31.84,31.84,31.5,31.64,8767133,59.22,59.22,58.58,58.85,4713600,2026-02-03T03:45:46Z
MS,2006-01-11,32.17,32.34,31.78,31.95,10808776,59.57,59.88,58.84,59.15,5837900,2026-02-03T03:45:46Z
MS,2006-01-12,32.12,32.29,32.01,32.21,7068406,59.47,59.78,59.27,59.63,3817700,2026-02-03T03:45:46Z
MS,2006-01-13,32.07,32.23,31.9,32.17,6352250,59.38,59.67,59.06,59.57,3430900,2026-02-03T03:45:46Z
MS,2006-01-17,31.76,32.12,31.69,32.11,4859591,58.81,59.46,58.68,59.45,2624700,2026-02-03T03:45:46Z
MS,2006-01-18,31.57,31.81,31.35,31.62,5374853,58.45,58.9,58.05,58.55,2903000,2026-02-03T03:45:46Z
MS,2006-01-19,32.06,32.4,31.71,31.73,7059701,59.35,59.98,58.71,58.75,3813000,2026-02-03T03:45:46Z
MS,2006-01-20,31.25,32.16,31.01,32.03,10082998,57.85,59.55,57.41,59.3,5445900,2026-02-03T03:45:46Z
MS,2006-01-23,31.59,31.7,31.16,31.16,6974534,58.48,58.69,57.7,57.7,3767000,2026-02-03T03:45:46Z
MS,2006-01-24,31.7,32.11,31.66,31.77,7060818,58.69,59.45,58.62,58.82,3813600,2026-02-03T03:45:46Z
MS,2006-01-25,31.96,32.09,31.62,31.87,7427609,59.17,59.42,58.55,59,4011700,2026-02-03T03:45:46Z
MS,2006-01-26,32.39,32.68,32.13,32.67,10720844,59.97,60.5,59.49,60.49,5790400,2026-02-03T03:45:46Z
MS,2006-01-27,32.83,32.95,32.29,32.41,6850680,60.78,61,59.79,60,3700100,2026-02-03T03:45:46Z
MS,2006-01-30,32.77,33.41,32.75,33.19,7862514,60.67,61.85,60.64,61.45,4246600,2026-02-03T03:45:46Z
MS,2006-01-31,33.19,33.44,32.67,32.68,9587721,61.45,61.91,60.49,60.5,5178400,2026-02-03T03:45:46Z
MS,2006-02-01,33.39,33.47,32.89,33,6472794,61.83,61.96,60.89,61.1,3496000,2026-02-03T03:45:46Z
MS,2006-02-02,33.09,33.56,32.87,33.3,6424273,61.27,62.14,60.85,61.65,3469800,2026-02-03T03:45:46Z
MS,2006-02-03,33.18,33.57,32.6,32.73,7205233,61.44,62.15,60.36,60.6,3891600,2026-02-03T03:45:46Z
MS,2006-02-06,33.34,33.44,33.07,33.09,4868480,61.73,61.91,61.23,61.26,2629500,2026-02-03T03:45:46Z
MS,2006-02-07,32.69,33.24,32.55,33.14,7056559,60.53,61.54,60.27,61.35,3811300,2026-02-03T03:45:46Z
MS,2006-02-08,33.09,33.14,32.84,33.03,5032329,61.27,61.36,60.8,61.15,2718000,2026-02-03T03:45:46Z
MS,2006-02-09,33.04,33.43,33,33.09,5024922,61.18,61.9,61.1,61.27,2714000,2026-02-03T03:45:46Z
MS,2006-02-10,32.57,33.02,32.09,32.95,8301306,60.31,61.14,59.41,61,4483600,2026-02-03T03:45:46Z
MS,2006-02-13,32.3,32.72,32.08,32.51,7600161,59.81,60.58,59.39,60.2,4104900,2026-02-03T03:45:46Z
MS,2006-02-14,32.44,32.66,31.98,32.3,6878457,60.07,60.46,59.21,59.81,3715100,2026-02-03T03:45:46Z
MS,2006-02-15,32.87,32.98,32.22,32.44,5435221,60.86,61.06,59.65,60.06,2935600,2026-02-03T03:45:46Z
MS,2006-02-16,33.11,33.14,32.68,32.85,4897356,61.3,61.35,60.5,60.83,2645100,2026-02-03T03:45:46Z
MS,2006-02-17,32.84,33.14,32.68,33.08,6142673,60.81,61.35,60.51,61.25,3317700,2026-02-03T03:45:46Z
MS,2006-02-21,32.82,33.1,32.68,32.89,5132316,60.77,61.28,60.51,60.9,2772000,2026-02-03T03:45:46Z
MS,2006-02-22,33.26,33.37,32.91,32.92,6479269,61.58,61.78,60.94,60.95,3499500,2026-02-03T03:45:46Z
MS,2006-02-23,32.87,33.22,32.85,33.22,5466881,60.85,61.5,60.83,61.5,2952700,2026-02-03T03:45:46Z
MS,2006-02-24,32.85,33.15,32.68,32.76,5690355,60.83,61.38,60.5,60.65,3073400,2026-02-03T03:45:46Z
MS,2006-02-27,32.81,33.03,32.69,32.89,5577969,60.74,61.15,60.53,60.9,3012700,2026-02-03T03:45:46Z
MS,2006-02-28,32.22,32.81,32.02,32.57,7666439,59.66,60.75,59.29,60.3,4140700,2026-02-03T03:45:46Z
MS,2006-03-01,32.48,32.62,32.24,32.24,4590206,60.13,60.4,59.69,59.7,2479200,2026-02-03T03:45:46Z
MS,2006-03-02,32.29,32.45,32.21,32.3,4587794,59.79,60.08,59.64,59.8,2477900,2026-02-03T03:45:46Z
MS,2006-03-03,32.26,32.54,32.04,32.16,4857554,59.72,60.25,59.32,59.55,2623600,2026-02-03T03:45:46Z
MS,2006-03-06,32.36,32.61,32.06,32.33,5300432,59.92,60.37,59.35,59.85,2862800,2026-02-03T03:45:46Z
MS,2006-03-07,32.22,32.34,31.93,32.2,5829952,59.66,59.88,59.11,59.61,3148800,2026-02-03T03:45:46Z
MS,2006-03-08,31.9,32.25,31.6,32.22,7285782,59.07,59.71,58.5,59.65,3935100,2026-02-03T03:45:46Z
MS,2006-03-09,31.68,32.11,31.55,31.85,5331532,58.66,59.45,58.41,58.97,2879600,2026-02-03T03:45:46Z
MS,2006-03-10,31.93,32.26,31.68,31.68,7656821,59.12,59.73,58.65,58.65,4135500,2026-02-03T03:45:46Z
MS,2006-03-13,31.75,32.24,31.65,32,7572571,58.79,59.7,58.6,59.25,4090000,2026-02-03T03:45:46Z
MS,2006-03-14,32.42,32.87,32.15,32.29,12890047,60.03,60.85,59.52,59.79,6962000,2026-02-03T03:45:46Z
MS,2006-03-15,32.21,32.79,32.17,32.49,9106893,59.64,60.71,59.57,60.15,4918700,2026-02-03T03:45:46Z
MS,2006-03-16,32.37,32.75,32.32,32.67,11507539,59.94,60.63,59.83,60.48,6215300,2026-02-03T03:45:46Z
MS,2006-03-17,32.55,32.7,32.43,32.54,10597882,60.26,60.55,60.05,60.24,5724000,2026-02-03T03:45:46Z
MS,2006-03-20,32.61,32.86,32.49,32.57,7788446,60.37,60.84,60.16,60.31,4206600,2026-02-03T03:45:46Z
MS,2006-03-21,32.63,32.9,32.34,32.66,10550676,60.41,60.92,59.88,60.47,5698500,2026-02-03T03:45:46Z
MS,2006-03-22,33.45,33.52,32.68,32.75,15808175,61.94,62.06,60.5,60.63,8538100,2026-02-03T03:45:46Z
MS,2006-03-23,33.25,33.52,33.09,33.52,7973973,61.57,62.06,61.26,62.06,4306800,2026-02-03T03:45:46Z
MS,2006-03-24,33.2,33.69,33.08,33.22,6961208,61.47,62.38,61.25,61.5,3759800,2026-02-03T03:45:46Z
MS,2006-03-27,33.55,33.65,33.19,33.19,6563689,62.12,62.31,61.45,61.45,3545100,2026-02-03T03:45:46Z
MS,2006-03-28,33.52,34.15,33.17,33.62,12749303,62.06,63.22,61.41,62.25,6886000,2026-02-03T03:45:46Z
MS,2006-03-29,33.97,34.1,33.49,33.51,6975291,62.9,63.14,62.01,62.05,3767400,2026-02-03T03:45:46Z
MS,2006-03-30,34.36,34.53,33.75,33.75,10309996,63.62,63.94,62.49,62.49,5568500,2026-02-03T03:45:46Z
MS,2006-03-31,33.93,34.69,33.87,34.22,9314456,62.82,64.23,62.71,63.35,5030800,2026-02-03T03:45:46Z
MS,2006-04-03,34.16,34.56,33.78,33.93,9090782,63.25,63.98,62.55,62.82,4910000,2026-02-03T03:45:46Z
MS,2006-04-04,34.71,34.83,33.94,34.06,7120621,64.27,64.48,62.83,63.06,3845900,2026-02-03T03:45:46Z
MS,2006-04-05,34.73,35.11,34.59,34.82,9614571,64.31,65,64.05,64.47,5192900,2026-02-03T03:45:46Z
MS,2006-04-06,34.84,35.01,34.48,34.77,7118219,64.5,64.82,63.83,64.38,3844600,2026-02-03T03:45:46Z
MS,2006-04-07,34.44,35.04,34.31,34.73,6226362,63.77,64.88,63.52,64.31,3362900,2026-02-03T03:45:46Z
MS,2006-04-10,34.67,35.11,34.3,34.44,6267641,64.19,65,63.5,63.76,3385200,2026-02-03T03:45:46Z
MS,2006-04-11,34.02,34.79,33.87,34.67,7430474,62.73,64.15,62.45,63.93,4030200,2026-02-03T03:45:46Z
MS,2006-04-12,34.21,34.32,34.02,34.03,4373613,63.08,63.28,62.73,62.75,2372200,2026-02-03T03:45:46Z
MS,2006-04-13,34.16,34.3,34.01,34.28,4649254,62.98,63.24,62.7,63.2,2521700,2026-02-03T03:45:46Z
MS,2006-04-17,34.5,34.67,34.17,34.17,6001607,63.61,63.93,63,63,3255200,2026-02-03T03:45:46Z
MS,2006-04-18,35.6,35.68,34.83,34.83,12245090,65.64,65.79,64.22,64.22,6641600,2026-02-03T03:45:46Z
MS,2006-04-19,35.34,35.66,35.2,35.64,5246429,65.16,65.74,64.9,65.7,2845600,2026-02-03T03:45:46Z
MS,2006-04-20,35.24,35.62,35.24,35.31,4520561,64.98,65.68,64.98,65.1,2451900,2026-02-03T03:45:46Z
MS,2006-04-21,35.27,35.5,35.11,35.5,7086991,65.03,65.45,64.73,65.45,3843900,2026-02-03T03:45:46Z
MS,2006-04-24,35.42,35.49,35.01,35.17,5697943,65.31,65.44,64.55,64.84,3090500,2026-02-03T03:45:46Z
MS,2006-04-25,34.91,35.42,34.74,35.32,6985388,64.37,65.3,64.05,65.12,3788800,2026-02-03T03:45:46Z
MS,2006-04-26,34.94,35.09,34.66,34.91,6215461,64.41,64.7,63.9,64.37,3371200,2026-02-03T03:45:46Z
MS,2006-04-27,35.24,35.42,34.66,34.85,6273913,64.97,65.31,63.9,64.25,3402900,2026-02-03T03:45:46Z
MS,2006-04-28,34.88,35.48,34.54,35.3,11117671,64.3,65.42,63.68,65.09,6030100,2026-02-03T03:45:46Z
MS,2006-05-01,34.26,35.27,34.19,35.07,6770599,63.16,65.03,63.04,64.65,3672300,2026-02-03T03:45:46Z
MS,2006-05-02,34.79,34.85,34.37,34.39,7305280,64.14,64.25,63.37,63.4,3962300,2026-02-03T03:45:46Z
MS,2006-05-03,34.4,34.91,34.25,34.85,5572570,63.42,64.36,63.14,64.25,3022500,2026-02-03T03:45:46Z
MS,2006-05-04,34.6,34.96,34.56,34.59,5838247,63.8,64.45,63.71,63.77,3166600,2026-02-03T03:45:46Z
MS,2006-05-05,35.54,35.56,34.84,34.88,5880474,65.53,65.56,64.24,64.3,3189500,2026-02-03T03:45:46Z
MS,2006-05-08,35.47,35.73,35.19,35.54,5802668,65.4,65.88,64.88,65.53,3147300,2026-02-03T03:45:46Z
MS,2006-05-09,35.66,35.73,35.34,35.34,3643876,65.75,65.88,65.15,65.15,1976400,2026-02-03T03:45:46Z
MS,2006-05-10,35.37,35.65,35.03,35.47,3960808,65.21,65.72,64.59,65.4,2148300,2026-02-03T03:45:46Z
MS,2006-05-11,34.85,35.8,34.59,35.57,8151533,64.26,66,63.78,65.58,4421300,2026-02-03T03:45:46Z
MS,2006-05-12,34.33,35.2,34.26,34.74,6992398,63.29,64.9,63.16,64.05,3792600,2026-02-03T03:45:46Z
MS,2006-05-15,33.67,34.44,33.27,34.17,8712193,62.07,63.49,61.34,63,4725400,2026-02-03T03:45:46Z
MS,2006-05-16,33.66,34.25,33.27,33.9,6527615,62.06,63.14,61.34,62.5,3540500,2026-02-03T03:45:46Z
MS,2006-05-17,32.54,33.32,32.19,33.29,10552026,59.99,61.43,59.35,61.37,5723300,2026-02-03T03:45:46Z
MS,2006-05-18,32.47,32.98,32.44,32.54,7138604,59.86,60.8,59.8,60,3871900,2026-02-03T03:45:46Z
MS,2006-05-19,32.51,33.05,32.41,32.57,9005712,59.94,60.94,59.75,60.05,4884600,2026-02-03T03:45:46Z
MS,2006-05-22,32.09,32.42,31.25,32.27,11273662,59.17,59.77,57.61,59.5,6114700,2026-02-03T03:45:46Z
MS,2006-05-23,31.88,32.65,31.82,32.38,7130307,58.77,60.2,58.66,59.7,3867400,2026-02-03T03:45:46Z
MS,2006-05-24,32.06,32.13,31.23,31.73,10619128,59.1,59.23,57.58,58.5,5759700,2026-02-03T03:45:46Z
MS,2006-05-25,32.42,32.47,32.08,32.32,7135282,59.77,59.86,59.15,59.59,3870100,2026-02-03T03:45:46Z
MS,2006-05-26,32.85,33.06,32.53,32.68,6023905,60.57,60.95,59.97,60.25,3267300,2026-02-03T03:45:46Z
MS,2006-05-30,32.06,32.6,31.95,32.48,5704579,59.11,60.1,58.9,59.88,3094100,2026-02-03T03:45:46Z
MS,2006-05-31,32.34,32.44,31.9,32.03,6808219,59.62,59.8,58.82,59.05,3692700,2026-02-03T03:45:46Z
MS,2006-06-01,32.86,32.91,32.16,32.19,6364810,60.58,60.67,59.3,59.35,3452200,2026-02-03T03:45:46Z
MS,2006-06-02,32.86,33.37,32.77,33.22,7806585,60.59,61.53,60.41,61.25,4234200,2026-02-03T03:45:46Z
MS,2006-06-05,31.81,32.88,31.73,32.82,9280060,58.65,60.62,58.5,60.5,5033400,2026-02-03T03:45:46Z
MS,2006-06-06,31.95,32.16,31.5,31.97,9070799,58.9,59.3,58.08,58.95,4919900,2026-02-03T03:45:46Z
MS,2006-06-07,32.08,32.58,31.81,32.14,8433426,59.14,60.06,58.64,59.25,4574200,2026-02-03T03:45:46Z
MS,2006-06-08,31.99,32.32,31.33,32.08,10417984,58.98,59.59,57.76,59.14,5650600,2026-02-03T03:45:46Z
MS,2006-06-09,32.1,32.52,32,32.03,6449984,59.19,59.96,59,59.05,3498400,2026-02-03T03:45:46Z
MS,2006-06-12,31.57,32.38,31.4,32.22,8126650,58.2,59.7,57.89,59.4,4407800,2026-02-03T03:45:46Z
MS,2006-06-13,29.96,31.97,29.57,31.45,18429987,55.24,58.95,54.52,57.98,9996200,2026-02-03T03:45:46Z
MS,2006-06-14,30.15,30.54,29.79,30.1,13965993,55.59,56.31,54.93,55.5,7575000,2026-02-03T03:45:46Z
MS,2006-06-15,31.1,31.19,30.53,30.59,11427614,57.33,57.5,56.29,56.4,6198200,2026-02-03T03:45:46Z
MS,2006-06-16,30.91,31.1,30.67,31.1,8030411,56.99,57.33,56.55,57.33,4355600,2026-02-03T03:45:46Z
MS,2006-06-19,30.66,31.17,30.43,31.05,5874755,56.52,57.46,56.1,57.24,3186400,2026-02-03T03:45:46Z
MS,2006-06-20,30.93,31.16,30.75,30.75,9045175,57.02,57.44,56.7,56.7,4906000,2026-02-03T03:45:46Z
MS,2006-06-21,32.26,32.6,31.69,31.85,20234185,59.48,60.1,58.42,58.72,10974800,2026-02-03T03:45:46Z
MS,2006-06-22,32.55,32.62,32.06,32.27,6851737,60.01,60.14,59.1,59.5,3716300,2026-02-03T03:45:46Z
MS,2006-06-23,32.38,32.67,32,32.24,6254740,59.7,60.23,59,59.45,3392500,2026-02-03T03:45:46Z
MS,2006-06-26,32.76,32.91,32.35,32.38,8021916,60.4,60.68,59.64,59.7,4351000,2026-02-03T03:45:46Z
MS,2006-06-27,32.57,32.98,32.54,32.82,7748322,60.04,60.8,60,60.5,4202600,2026-02-03T03:45:46Z
MS,2006-06-28,32.62,32.89,32.29,32.68,8125711,60.14,60.64,59.53,60.25,4407300,2026-02-03T03:45:46Z
MS,2006-06-29,33.92,33.96,32.97,32.98,13592645,62.54,62.61,60.78,60.8,7372500,2026-02-03T03:45:46Z
MS,2006-06-30,34.28,34.44,34.01,34.06,10285056,63.21,63.49,62.7,62.8,5578500,2026-02-03T03:45:46Z
MS,2006-07-03,34.72,34.76,34.35,34.38,3467994,64.02,64.09,63.34,63.39,1881000,2026-02-03T03:45:46Z
MS,2006-07-05,34.52,34.62,34.13,34.6,7831847,63.65,63.83,62.93,63.8,4247900,2026-02-03T03:45:46Z
MS,2006-07-06,34.64,34.98,34.5,34.52,6032015,63.87,64.5,63.61,63.65,3271700,2026-02-03T03:45:46Z
MS,2006-07-07,34.69,35.25,34.53,34.76,10469416,63.95,64.99,63.67,64.08,5678500,2026-02-03T03:45:46Z
MS,2006-07-10,34.83,35.19,34.64,34.96,6430808,64.21,64.88,63.86,64.45,3488000,2026-02-03T03:45:46Z
MS,2006-07-11,34.67,34.79,34.15,34.71,8206110,63.93,64.15,62.97,64,4450900,2026-02-03T03:45:46Z
MS,2006-07-12,34.11,34.8,34.09,34.65,8917742,62.63,63.88,62.58,63.61,4857400,2026-02-03T03:45:46Z
MS,2006-07-13,33.48,34.16,33.23,33.8,10067773,61.47,62.71,61,62.06,5483800,2026-02-03T03:45:46Z
MS,2006-07-14,33.06,33.64,32.78,33.44,9132360,60.69,61.75,60.18,61.4,4974300,2026-02-03T03:45:46Z
MS,2006-07-17,33.34,33.65,32.86,33.03,7195842,61.2,61.78,60.32,60.64,3919500,2026-02-03T03:45:46Z
MS,2006-07-18,33.75,33.82,33.15,33.24,8677986,61.96,62.09,60.86,61.03,4726800,2026-02-03T03:45:46Z
MS,2006-07-19,34.78,35.17,34.04,34.07,10520128,63.85,64.56,62.5,62.55,5730200,2026-02-03T03:45:46Z
MS,2006-07-20,34.5,35.02,34.45,34.77,6704376,63.34,64.29,63.25,63.84,3651800,2026-02-03T03:45:46Z
MS,2006-07-21,34.05,34.59,33.93,34.59,10646811,62.51,63.5,62.3,63.5,5799200,2026-02-03T03:45:46Z
MS,2006-07-24,34.98,35.13,34.29,34.32,6740548,64.22,64.49,62.95,63,3671500,2026-02-03T03:45:46Z
MS,2006-07-25,35.39,35.48,34.7,34.86,7079625,64.97,65.14,63.7,64,3856200,2026-02-03T03:45:46Z
MS,2006-07-26,35.11,35.41,34.95,35.41,6747153,64.45,65,64.16,65,3675100,2026-02-03T03:45:46Z
MS,2006-07-27,35.44,35.56,35.21,35.35,6497646,65.06,65.28,64.65,64.9,3539200,2026-02-03T03:45:46Z
MS,2006-07-28,36.07,36.25,35.47,35.49,9294833,66.23,66.55,65.12,65.15,5062800,2026-02-03T03:45:46Z
MS,2006-07-31,36.22,36.31,35.68,35.82,6979398,66.5,66.66,65.5,65.77,3801600,2026-02-03T03:45:46Z
MS,2006-08-01,35.92,35.99,35.53,35.95,6883743,65.94,66.08,65.23,66,3749500,2026-02-03T03:45:46Z
MS,2006-08-02,36.07,36.22,35.54,36.2,11312129,66.23,66.49,65.25,66.45,6161600,2026-02-03T03:45:46Z
MS,2006-08-03,36.93,37.04,35.46,35.46,9487803,67.8,68.01,65.1,65.1,5167900,2026-02-03T03:45:46Z
MS,2006-08-04,36.87,37.86,36.63,37.7,11950856,67.69,69.5,67.25,69.22,6509500,2026-02-03T03:45:46Z
MS,2006-08-07,36.57,36.94,36.39,36.63,8444823,67.14,67.81,66.81,67.24,4599800,2026-02-03T03:45:46Z
MS,2006-08-08,36.1,36.74,35.92,36.57,11334903,66.28,67.45,65.94,67.14,6174000,2026-02-03T03:45:46Z
MS,2006-08-09,35.23,36.59,35.07,36.35,11257795,64.68,67.17,64.38,66.74,6132000,2026-02-03T03:45:46Z
MS,2006-08-10,35.53,35.61,34.75,34.89,9583073,65.23,65.37,63.8,64.05,5219800,2026-02-03T03:45:46Z
MS,2006-08-11,35.6,35.74,35.21,35.54,6622489,65.36,65.61,64.65,65.25,3607200,2026-02-03T03:45:46Z
MS,2006-08-14,35.42,35.95,35.3,35.72,6468650,65.03,66,64.8,65.57,3523400,2026-02-03T03:45:46Z
MS,2006-08-15,36.08,36.36,35.91,35.95,8168147,66.24,66.75,65.93,66,4449100,2026-02-03T03:45:46Z
MS,2006-08-16,36.47,36.65,36.14,36.35,7621051,66.95,67.29,66.35,66.74,4151100,2026-02-03T03:45:46Z
MS,2006-08-17,36.8,37.01,36.32,36.41,5852152,67.57,67.95,66.68,66.85,3187600,2026-02-03T03:45:46Z
MS,2006-08-18,36.57,36.81,36.35,36.81,7477481,67.14,67.57,66.74,67.57,4072900,2026-02-03T03:45:46Z
MS,2006-08-21,36.6,36.71,35.97,36.49,7977580,67.2,67.4,66.04,67,4345300,2026-02-03T03:45:46Z
MS,2006-08-22,36.96,37.31,36.69,36.74,8605081,67.85,68.5,67.36,67.45,4687100,2026-02-03T03:45:46Z
MS,2006-08-23,37.07,37.33,36.79,37.09,9346431,68.05,68.53,67.55,68.1,5090900,2026-02-03T03:45:46Z
MS,2006-08-24,36.9,37.2,36.74,37.07,6243926,67.75,68.3,67.45,68.05,3401000,2026-02-03T03:45:46Z
MS,2006-08-25,36.48,36.88,36.4,36.77,6007643,66.98,67.7,66.83,67.5,3272300,2026-02-03T03:45:46Z
MS,2006-08-28,36.43,36.62,36.09,36.11,6259526,66.89,67.23,66.25,66.3,3409500,2026-02-03T03:45:46Z
MS,2006-08-29,35.75,36.43,35.46,36.43,8680362,65.64,66.89,65.1,66.89,4728100,2026-02-03T03:45:46Z
MS,2006-08-30,35.68,35.92,35.54,35.73,4815963,65.5,65.94,65.25,65.6,2623200,2026-02-03T03:45:46Z
MS,2006-08-31,35.84,35.95,35.63,35.68,4584817,65.79,66,65.41,65.5,2497300,2026-02-03T03:45:46Z
MS,2006-09-01,36.4,36.4,35.87,36.03,4565353,66.83,66.83,65.86,66.15,2486700,2026-02-03T03:45:46Z
MS,2006-09-05,36.72,36.85,36.48,36.82,5490110,67.42,67.66,66.98,67.6,2990400,2026-02-03T03:45:46Z
MS,2006-09-06,36,36.54,35.98,36.33,6244488,66.1,67.09,66.05,66.7,3401300,2026-02-03T03:45:46Z
MS,2006-09-07,35.93,36.22,35.69,35.73,6577695,65.96,66.5,65.52,65.6,3582800,2026-02-03T03:45:46Z
MS,2006-09-08,36.33,36.38,35.55,36.38,5760904,66.69,66.79,65.26,66.79,3137900,2026-02-03T03:45:46Z
MS,2006-09-11,36.31,36.31,35.92,35.99,5949819,66.67,66.67,65.95,66.08,3240800,2026-02-03T03:45:46Z
MS,2006-09-12,37.23,37.39,36.41,36.41,9570781,68.35,68.65,66.85,66.85,5213100,2026-02-03T03:45:46Z
MS,2006-09-13,37.98,38.16,36.89,37.02,11295426,69.73,70.05,67.73,67.97,6152500,2026-02-03T03:45:46Z
MS,2006-09-14,38.3,38.36,37.74,37.75,8350826,70.32,70.43,69.29,69.3,4548600,2026-02-03T03:45:46Z
MS,2006-09-15,38.65,38.93,38.35,38.55,10382067,70.95,71.47,70.4,70.77,5655000,2026-02-03T03:45:46Z
MS,2006-09-18,38.6,38.87,38.37,38.65,8547254,70.86,71.36,70.45,70.95,4655600,2026-02-03T03:45:46Z
MS,2006-09-19,39.14,39.14,38.62,38.89,10631756,71.85,71.85,70.9,71.4,5791000,2026-02-03T03:45:46Z
MS,2006-09-20,39.41,40.12,38.95,39.93,20698758,72.35,73.65,71.51,73.3,11274400,2026-02-03T03:45:46Z
MS,2006-09-21,39.02,39.71,39,39.41,8715252,71.64,72.91,71.6,72.35,4747100,2026-02-03T03:45:46Z
MS,2006-09-22,39.1,39.22,38.37,38.4,11331779,71.78,72,70.45,70.5,6172300,2026-02-03T03:45:46Z
MS,2006-09-25,39.53,39.76,39.18,39.44,11436980,72.57,73,71.93,72.4,6229600,2026-02-03T03:45:46Z
MS,2006-09-26,39.9,40.01,39.35,39.35,10527296,73.26,73.45,72.25,72.25,5734100,2026-02-03T03:45:46Z
MS,2006-09-27,39.43,39.73,39.1,39.65,8138964,72.39,72.94,71.78,72.8,4433200,2026-02-03T03:45:46Z
MS,2006-09-28,39.7,39.81,39.39,39.44,5838374,72.89,73.09,72.32,72.4,3180100,2026-02-03T03:45:46Z
MS,2006-09-29,39.71,40.1,39.67,39.7,6040140,72.91,73.62,72.83,72.89,3290000,2026-02-03T03:45:46Z
MS,2006-10-02,39.78,39.95,39.35,39.35,5002485,73.04,73.35,72.25,72.25,2724800,2026-02-03T03:45:46Z
MS,2006-10-03,40.07,40.21,39.58,39.6,6934052,73.56,73.82,72.67,72.7,3776900,2026-02-03T03:45:46Z
MS,2006-10-04,40.6,40.68,39.66,39.98,8449045,74.54,74.68,72.81,73.4,4602100,2026-02-03T03:45:46Z
MS,2006-10-05,40.61,40.72,40.22,40.5,7265432,74.56,74.75,73.84,74.35,3957400,2026-02-03T03:45:46Z
MS,2006-10-06,40.53,40.58,40.21,40.44,5111358,74.41,74.5,73.83,74.25,2784100,2026-02-03T03:45:46Z
MS,2006-10-09,40.85,40.85,40.37,40.54,5390779,75,75,74.12,74.42,2936300,2026-02-03T03:45:46Z
MS,2006-10-10,40.85,41.27,40.6,40.85,10422271,75,75.76,74.54,75,5676900,2026-02-03T03:45:46Z
MS,2006-10-11,40.88,40.99,40.45,40.59,8013801,74.78,74.98,74,74.25,4380800,2026-02-03T03:45:46Z
MS,2006-10-12,41.74,41.81,40.95,40.97,9299424,76.35,76.48,74.9,74.95,5083600,2026-02-03T03:45:46Z
MS,2006-10-13,41.86,41.92,41.49,41.57,5391867,76.57,76.68,75.9,76.05,2947500,2026-02-03T03:45:46Z
MS,2006-10-16,41.99,42.13,41.66,41.82,4069281,76.81,77.07,76.21,76.5,2224500,2026-02-03T03:45:46Z
MS,2006-10-17,41.43,41.96,41.17,41.85,6517792,75.78,76.75,75.32,76.55,3563000,2026-02-03T03:45:46Z
MS,2006-10-18,41.71,41.93,41.38,41.77,6627378,76.3,76.7,75.7,76.4,3622900,2026-02-03T03:45:46Z
MS,2006-10-19,41.64,41.71,41.33,41.48,4912407,76.18,76.29,75.61,75.88,2685400,2026-02-03T03:45:46Z
MS,2006-10-20,41.76,41.93,41.54,41.77,5644306,76.4,76.71,75.99,76.4,3085500,2026-02-03T03:45:46Z
MS,2006-10-23,42.28,42.49,41.66,41.71,7897276,77.35,77.73,76.21,76.3,4317100,2026-02-03T03:45:46Z
MS,2006-10-24,42.73,42.74,42.01,42.01,5897301,78.16,78.18,76.85,76.85,3223800,2026-02-03T03:45:46Z
MS,2006-10-25,42.35,42.75,42.07,42.75,5949071,77.47,78.2,76.95,78.2,3252100,2026-02-03T03:45:46Z
MS,2006-10-26,42.43,42.49,41.95,42.39,5981998,77.62,77.72,76.73,77.55,3270100,2026-02-03T03:45:46Z
MS,2006-10-27,41.79,42.32,41.72,42.3,5248807,76.44,77.42,76.32,77.38,2869300,2026-02-03T03:45:46Z
MS,2006-10-30,41.86,42.01,41.44,41.71,7068051,76.58,76.85,75.81,76.3,3863800,2026-02-03T03:45:46Z
MS,2006-10-31,41.78,42.05,41.61,41.96,7404459,76.43,76.92,76.12,76.75,4047700,2026-02-03T03:45:46Z
MS,2006-11-01,40.33,42.18,40.29,41.87,10901712,73.77,77.15,73.71,76.6,5959500,2026-02-03T03:45:46Z
MS,2006-11-02,40.54,41.26,40.07,40.07,11193486,74.16,75.48,73.3,73.3,6119000,2026-02-03T03:45:46Z
MS,2006-11-03,40.61,40.91,40.29,40.8,5864003,74.28,74.84,73.71,74.64,3205600,2026-02-03T03:45:46Z
MS,2006-11-06,41.57,41.73,40.86,41,7054515,76.04,76.33,74.75,75,3856400,2026-02-03T03:45:46Z
MS,2006-11-07,41.49,42.08,41.46,41.79,8232395,75.9,76.97,75.85,76.45,4500300,2026-02-03T03:45:46Z
MS,2006-11-08,41.29,41.55,41.03,41.21,8163614,75.54,76,75.05,75.38,4462700,2026-02-03T03:45:46Z
MS,2006-11-09,40.92,41.48,40.79,41.21,8106174,74.85,75.88,74.61,75.39,4431300,2026-02-03T03:45:46Z
MS,2006-11-10,41.92,41.94,41.07,41.14,6708770,76.68,76.72,75.13,75.25,3667400,2026-02-03T03:45:46Z
MS,2006-11-13,42.27,42.75,41.89,42.01,6954450,77.33,78.2,76.62,76.85,3801700,2026-02-03T03:45:46Z
MS,2006-11-14,42.77,42.91,41.9,42.63,7454945,78.23,78.5,76.64,77.99,4075300,2026-02-03T03:45:46Z
MS,2006-11-15,43,43.19,42.77,42.91,8278142,78.66,79,78.23,78.5,4525300,2026-02-03T03:45:46Z
MS,2006-11-16,43.01,43.46,42.73,43.32,7568543,78.68,79.5,78.17,79.25,4137400,2026-02-03T03:45:46Z
MS,2006-11-17,43.25,43.34,42.8,42.83,6286575,79.12,79.29,78.29,78.35,3436600,2026-02-03T03:45:46Z
MS,2006-11-20,43.36,43.73,42.78,43.02,8138551,79.31,80,78.26,78.7,4449000,2026-02-03T03:45:46Z
MS,2006-11-21,43.31,43.6,43.24,43.4,4805759,79.23,79.75,79.1,79.39,2627100,2026-02-03T03:45:46Z
MS,2006-11-22,43.3,43.73,43.06,43.54,5092593,79.2,80,78.77,79.65,2783900,2026-02-03T03:45:46Z
MS,2006-11-24,43.16,43.32,42.72,42.8,2049729,78.95,79.25,78.15,78.3,1120500,2026-02-03T03:45:46Z
MS,2006-11-27,41.68,43.09,41.6,43.02,8175510,76.25,78.83,76.09,78.7,4469200,2026-02-03T03:45:46Z
MS,2006-11-28,42.05,42.16,41.44,41.51,7099508,76.92,77.12,75.8,75.94,3881000,2026-02-03T03:45:46Z
MS,2006-11-29,42.32,42.61,41.8,42.5,7384158,77.41,77.94,76.47,77.74,4036600,2026-02-03T03:45:46Z
MS,2006-11-30,41.63,42.31,41.44,42.16,7617207,76.16,77.4,75.8,77.13,4164000,2026-02-03T03:45:46Z
MS,2006-12-01,41.15,41.85,40.73,41.71,9756933,75.27,76.55,74.51,76.3,5333700,2026-02-03T03:45:46Z
MS,2006-12-04,42.23,42.37,41.34,41.34,7225375,77.26,77.5,75.63,75.63,3949800,2026-02-03T03:45:46Z
MS,2006-12-05,42.63,42.73,42.13,42.21,6526581,77.98,78.16,77.07,77.22,3567800,2026-02-03T03:45:46Z
MS,2006-12-06,42.97,43.14,42.69,42.81,5893641,78.61,78.92,78.09,78.32,3221800,2026-02-03T03:45:46Z
MS,2006-12-07,42.74,43.51,42.64,43.32,6250361,78.18,79.6,78,79.25,3416800,2026-02-03T03:45:46Z
MS,2006-12-08,42.97,43.27,42.57,42.74,4538861,78.61,79.16,77.87,78.18,2481200,2026-02-03T03:45:46Z
MS,2006-12-11,43.06,43.34,42.62,43.07,5890344,78.77,79.29,77.96,78.79,3220000,2026-02-03T03:45:46Z
MS,2006-12-12,42.86,43.25,42.19,42.84,7688552,78.4,79.12,77.17,78.36,4203000,2026-02-03T03:45:46Z
MS,2006-12-13,43.16,43.45,42.99,43.21,5354367,78.96,79.48,78.64,79.05,2927000,2026-02-03T03:45:46Z
MS,2006-12-14,43.51,43.71,42.81,42.91,9470105,79.6,79.95,78.32,78.5,5176900,2026-02-03T03:45:46Z
MS,2006-12-15,43.33,43.8,43.3,43.8,10736723,79.26,80.13,79.2,80.13,5869300,2026-02-03T03:45:46Z
MS,2006-12-18,43.93,44.18,43.33,43.33,8083866,80.37,80.81,79.26,79.26,4419100,2026-02-03T03:45:46Z
MS,2006-12-19,44.66,45.59,43.83,45.04,17763963,81.7,83.4,80.18,82.4,9710800,2026-02-03T03:45:46Z
MS,2006-12-20,44.43,45.2,44.29,44.98,10324385,81.28,82.68,81.02,82.29,5643900,2026-02-03T03:45:46Z
MS,2006-12-21,44.16,44.81,44.14,44.33,6032304,80.79,81.97,80.74,81.1,3297600,2026-02-03T03:45:46Z
MS,2006-12-22,43.57,44.36,43.01,44.08,6551634,79.7,81.14,78.68,80.63,3581500,2026-02-03T03:45:46Z
MS,2006-12-26,44.13,44.21,43.51,43.51,3382012,80.73,80.87,79.6,79.6,1848800,2026-02-03T03:45:46Z
MS,2006-12-27,44.83,44.83,44.01,44.57,4858070,82,82.01,80.5,81.53,2655700,2026-02-03T03:45:46Z
MS,2006-12-28,44.6,44.82,44.23,44.53,3803851,81.59,81.99,80.91,81.45,2079400,2026-02-03T03:45:46Z
MS,2006-12-29,44.51,44.83,44.42,44.49,4379892,81.43,82,81.25,81.39,2394300,2026-02-03T03:45:46Z
MS,2007-01-03,44.62,45,44.18,44.79,8810084,81.62,82.32,80.82,81.93,4816100,2026-02-03T03:45:46Z
MS,2007-01-04,44.78,45.04,44.01,44.43,9213085,81.91,82.4,80.5,81.27,5036400,2026-02-03T03:45:46Z
MS,2007-01-05,44.2,44.6,43.93,44.47,8550696,80.86,81.59,80.36,81.35,4674300,2026-02-03T03:45:46Z
MS,2007-01-08,44.47,44.62,43.75,44.07,8877238,81.35,81.62,80.04,80.61,4852800,2026-02-03T03:45:46Z
MS,2007-01-09,44.37,44.74,44.13,44.39,9218757,81.16,81.85,80.72,81.2,5039500,2026-02-03T03:45:46Z
MS,2007-01-10,44.74,44.88,43.66,44.28,10885517,81.57,81.82,79.6,80.73,5970500,2026-02-03T03:45:46Z
MS,2007-01-11,45.18,45.35,44.54,44.67,9412173,82.37,82.69,81.21,81.45,5162400,2026-02-03T03:45:46Z
MS,2007-01-12,45.45,45.66,44.85,45.04,7974922,82.86,83.25,81.77,82.12,4374100,2026-02-03T03:45:46Z
MS,2007-01-16,45.31,45.73,45.05,45.57,7842554,82.61,83.38,82.13,83.08,4301500,2026-02-03T03:45:46Z
MS,2007-01-17,45.18,45.52,44.95,45.31,5854892,82.38,83,81.95,82.61,3211300,2026-02-03T03:45:46Z
MS,2007-01-18,44.54,45.68,44.44,45.68,7566524,81.21,83.28,81.02,83.28,4150100,2026-02-03T03:45:46Z
MS,2007-01-19,44.7,45.2,44.59,44.73,6469671,81.5,82.41,81.3,81.55,3548500,2026-02-03T03:45:46Z
MS,2007-01-22,45.69,46.33,44.7,44.7,11528007,83.31,84.46,81.5,81.5,6322900,2026-02-03T03:45:46Z
MS,2007-01-23,45.32,45.63,44.98,45.6,6751175,82.62,83.2,82.01,83.14,3702900,2026-02-03T03:45:46Z
MS,2007-01-24,46.43,46.43,45.39,45.41,8151771,84.65,84.66,82.75,82.79,4471100,2026-02-03T03:45:46Z
MS,2007-01-25,45.1,46.39,44.82,46.33,7534247,82.22,84.57,81.72,84.46,4132400,2026-02-03T03:45:46Z
MS,2007-01-26,45.04,45.25,44.3,45.1,7709284,82.12,82.5,80.76,82.23,4228400,2026-02-03T03:45:46Z
MS,2007-01-29,44.49,45.36,44.35,45.36,7690144,81.12,82.7,80.85,82.7,4217900,2026-02-03T03:45:46Z
MS,2007-01-30,44.82,45.04,44.43,44.7,7132603,81.72,82.11,81,81.5,3912100,2026-02-03T03:45:46Z
MS,2007-01-31,45.41,45.51,44.27,44.82,10634630,82.79,82.97,80.72,81.72,5832900,2026-02-03T03:45:46Z
MS,2007-02-01,45.99,46.29,45.58,45.78,9402316,83.85,84.39,83.1,83.46,5157000,2026-02-03T03:45:46Z
MS,2007-02-02,46.09,46.22,45.58,46.01,7053836,84.04,84.27,83.11,83.88,3868900,2026-02-03T03:45:46Z
MS,2007-02-05,45.67,46.02,45.53,45.89,6060180,83.27,83.91,83.01,83.67,3323900,2026-02-03T03:45:46Z
MS,2007-02-06,45.6,46,45.51,45.77,6992208,83.13,83.87,82.97,83.45,3835100,2026-02-03T03:45:46Z
MS,2007-02-07,45.66,45.91,45.48,45.91,6000384,83.24,83.7,82.92,83.7,3291100,2026-02-03T03:45:46Z
MS,2007-02-08,45.43,45.66,44.7,45.51,6761750,82.82,83.24,81.5,82.98,3708700,2026-02-03T03:45:46Z
MS,2007-02-09,44.85,46.12,44.33,45.4,12967989,81.78,84.08,80.83,82.77,7112700,2026-02-03T03:45:46Z
MS,2007-02-12,44.03,44.93,43.83,44.89,8954539,80.28,81.92,79.91,81.84,4911400,2026-02-03T03:45:46Z
MS,2007-02-13,44.56,44.79,44.03,44.06,7149743,81.25,81.66,80.28,80.33,3921500,2026-02-03T03:45:46Z
MS,2007-02-14,45.17,45.49,44.59,44.79,7648030,82.36,82.94,81.29,81.67,4194800,2026-02-03T03:45:46Z
MS,2007-02-15,45.43,45.65,44.99,45.04,5494799,82.82,83.23,82.03,82.11,3013800,2026-02-03T03:45:46Z
MS,2007-02-16,45.17,45.44,44.71,45.16,8112586,82.36,82.85,81.52,82.33,4449600,2026-02-03T03:45:46Z
MS,2007-02-20,45.69,45.85,44.72,45.16,8409398,83.31,83.6,81.54,82.34,4612400,2026-02-03T03:45:46Z
MS,2007-02-21,45.63,45.9,45.11,45.35,8008105,83.19,83.69,82.25,82.69,4392300,2026-02-03T03:45:46Z
MS,2007-02-22,45.39,45.94,45.08,45.74,7583472,82.75,83.75,82.19,83.4,4159400,2026-02-03T03:45:46Z
MS,2007-02-23,44.41,45.35,44.22,45.22,9856656,80.97,82.69,80.62,82.45,5406200,2026-02-03T03:45:46Z
MS,2007-02-26,43.07,44.69,42.86,44.48,14491088,78.52,81.48,78.15,81.1,7948100,2026-02-03T03:45:46Z
MS,2007-02-27,40.66,42.15,40.06,41.95,23922429,74.13,76.85,73.04,76.48,13121000,2026-02-03T03:45:46Z
MS,2007-02-28,41.09,41.57,40.16,40.91,19601587,74.92,75.79,73.22,74.58,10751100,2026-02-03T03:45:46Z
MS,2007-03-01,41.19,41.48,39.6,39.86,19380221,75.09,75.62,72.2,72.67,10629700,2026-02-03T03:45:46Z
MS,2007-03-02,40.26,41.3,40.26,40.96,14262084,73.4,75.29,73.4,74.67,7822500,2026-02-03T03:45:46Z
MS,2007-03-05,39.29,40.26,38.56,39.57,20075980,71.64,73.41,70.3,72.15,11011300,2026-02-03T03:45:46Z
MS,2007-03-06,40.34,40.68,39.77,39.77,19664845,73.55,74.17,72.5,72.5,10785800,2026-02-03T03:45:46Z
MS,2007-03-07,40.53,41.14,40.24,40.48,15033140,73.89,75.01,73.36,73.8,8245400,2026-02-03T03:45:46Z
MS,2007-03-08,41.36,42.02,40.9,40.9,13412664,75.41,76.61,74.56,74.56,7356600,2026-02-03T03:45:46Z
MS,2007-03-09,41.68,41.88,40.86,41.67,15714474,76,76.35,74.5,75.98,8619100,2026-02-03T03:45:46Z
MS,2007-03-12,41.72,41.86,40.92,41.11,13341563,76.06,76.32,74.61,74.95,7317600,2026-02-03T03:45:46Z
MS,2007-03-13,39.53,41.43,39.39,41.32,21713191,72.08,75.54,71.82,75.34,11909300,2026-02-03T03:45:46Z
MS,2007-03-14,40.48,40.61,38.9,39.44,23770548,73.81,74.04,70.93,71.91,13037700,2026-02-03T03:45:46Z
MS,2007-03-15,41.08,41.44,40.23,40.23,11601296,74.89,75.56,73.35,73.35,6363100,2026-02-03T03:45:46Z
MS,2007-03-16,40.81,41.41,40.72,41.28,13609395,74.41,75.5,74.24,75.27,7464500,2026-02-03T03:45:46Z
MS,2007-03-19,41.15,41.77,41.1,41.14,11196726,75.02,76.15,74.94,75,6141200,2026-02-03T03:45:46Z
MS,2007-03-20,41.74,42.05,41.04,41.13,10466905,76.11,76.66,74.82,74.99,5740900,2026-02-03T03:45:46Z
MS,2007-03-21,44.61,44.94,42.69,43.03,32158968,81.33,81.94,77.83,78.45,17638600,2026-02-03T03:45:46Z
MS,2007-03-22,44.5,44.98,44.2,44.33,14786279,81.13,82,80.59,80.82,8110000,2026-02-03T03:45:46Z
MS,2007-03-23,44.48,44.61,43.97,44.01,11100270,81.1,81.33,80.16,80.23,6088300,2026-02-03T03:45:46Z
MS,2007-03-26,44.08,44.7,43.73,44.7,16812766,80.37,81.5,79.73,81.5,9221500,2026-02-03T03:45:46Z
MS,2007-03-27,43.59,44.11,43.28,44.08,11562110,79.47,80.43,78.91,80.37,6341600,2026-02-03T03:45:46Z
MS,2007-03-28,42.96,44.02,42.8,43.47,12709986,78.33,80.25,78.04,79.25,6971200,2026-02-03T03:45:46Z
MS,2007-03-29,43.02,43.82,42.45,43.24,13421967,78.43,79.89,77.4,78.83,7361700,2026-02-03T03:45:46Z
MS,2007-03-30,43.2,43.59,42.6,43.13,10995632,78.76,79.47,77.66,78.64,6030900,2026-02-03T03:45:46Z
MS,2007-04-02,43.16,43.33,42.38,43.17,10014013,78.69,79,77.26,78.7,5492500,2026-02-03T03:45:46Z
MS,2007-04-03,43.98,44.07,43.33,43.39,11499006,80.18,80.34,78.99,79.11,6307000,2026-02-03T03:45:46Z
MS,2007-04-04,43.77,44.11,43.61,44.02,8041293,79.81,80.42,79.51,80.25,4410500,2026-02-03T03:45:46Z
MS,2007-04-05,44.04,44.19,43.55,43.6,7388393,80.3,80.57,79.4,79.5,4052400,2026-02-03T03:45:46Z
MS,2007-04-09,44.04,44.19,43.63,44.1,6248337,80.3,80.56,79.54,80.4,3427100,2026-02-03T03:45:46Z
MS,2007-04-10,44.03,44.61,43.91,44.11,10203989,80.28,81.34,80.05,80.43,5596700,2026-02-03T03:45:46Z
MS,2007-04-11,43.7,44.09,43.34,43.98,10433147,79.4,80.12,78.75,79.91,5741700,2026-02-03T03:45:46Z
MS,2007-04-12,44.07,44.1,43.22,43.59,7539627,80.07,80.13,78.54,79.21,4149300,2026-02-03T03:45:46Z
MS,2007-04-13,44.02,44.86,43.79,44.86,8172513,79.99,81.52,79.57,81.52,4497600,2026-02-03T03:45:46Z
MS,2007-04-16,45.17,45.34,44.32,44.36,10878693,82.07,82.38,80.54,80.6,5986900,2026-02-03T03:45:46Z
MS,2007-04-17,44.9,45.41,44.78,45.18,10006319,81.59,82.51,81.36,82.1,5506800,2026-02-03T03:45:46Z
MS,2007-04-18,45.03,46.21,44.85,44.85,17092942,81.82,83.96,81.5,81.5,9406800,2026-02-03T03:45:46Z
MS,2007-04-19,45.45,45.67,44.05,45.03,12748644,82.59,82.98,80.05,81.82,7016000,2026-02-03T03:45:46Z
MS,2007-04-20,45.63,46.13,45.21,46.06,15063609,82.91,83.82,82.15,83.7,8290000,2026-02-03T03:45:46Z
MS,2007-04-23,45.99,46.48,45.79,45.95,8421450,83.56,84.46,83.2,83.5,4634600,2026-02-03T03:45:46Z
MS,2007-04-24,45.96,46.34,45.51,46.34,7927928,83.51,84.2,82.69,84.2,4363000,2026-02-03T03:45:46Z
MS,2007-04-25,46.51,46.6,45.78,46.23,9991414,84.52,84.67,83.19,84.01,5498600,2026-02-03T03:45:46Z
MS,2007-04-26,46.44,46.69,45.98,46.24,9608000,84.38,84.83,83.54,84.02,5287600,2026-02-03T03:45:46Z
MS,2007-04-27,46.78,46.83,45.79,46.23,8115452,85.01,85.1,83.21,84,4466200,2026-02-03T03:45:46Z
MS,2007-04-30,46.23,46.87,46.06,46.77,9846600,84.01,85.17,83.7,84.99,5418900,2026-02-03T03:45:46Z
MS,2007-05-01,46.29,46.56,45.41,46.4,7958273,84.11,84.6,82.51,84.31,4379700,2026-02-03T03:45:46Z
MS,2007-05-02,46.43,47,46.07,46.24,8130166,84.36,85.41,83.71,84.02,4474300,2026-02-03T03:45:46Z
MS,2007-05-03,46.93,46.94,46.16,46.72,5421262,85.28,85.3,83.88,84.9,2983500,2026-02-03T03:45:46Z
MS,2007-05-04,47.64,47.78,46.89,47.05,8609519,86.57,86.82,85.2,85.5,4738100,2026-02-03T03:45:46Z
MS,2007-05-07,47.32,48.12,47.13,47.77,6025083,85.98,87.44,85.63,86.8,3315800,2026-02-03T03:45:46Z
MS,2007-05-08,47.14,47.2,46.48,47.09,5890436,85.65,85.77,84.46,85.56,3241700,2026-02-03T03:45:46Z
MS,2007-05-09,47.36,47.5,46.88,46.89,6047254,86.05,86.31,85.19,85.2,3328000,2026-02-03T03:45:46Z
MS,2007-05-10,46.44,47.33,46.44,47.08,6981227,84.38,86,84.38,85.54,3842000,2026-02-03T03:45:46Z
MS,2007-05-11,46.86,47.03,46.44,46.46,7661915,85.15,85.46,84.38,84.42,4216600,2026-02-03T03:45:46Z
MS,2007-05-14,46.72,47.12,46.4,47.03,6388505,84.9,85.62,84.32,85.46,3515800,2026-02-03T03:45:46Z
MS,2007-05-15,45.94,47.33,45.87,47.05,11672024,83.48,86,83.35,85.5,6423500,2026-02-03T03:45:46Z
MS,2007-05-16,46.27,46.35,45.64,46.02,9093767,84.08,84.22,82.93,83.62,5004600,2026-02-03T03:45:46Z
MS,2007-05-17,46.32,46.66,46.05,46.11,6966877,84.17,84.79,83.68,83.78,3834100,2026-02-03T03:45:46Z
MS,2007-05-18,46.81,47.1,46.32,46.42,8091831,85.05,85.58,84.17,84.34,4453200,2026-02-03T03:45:46Z
MS,2007-05-21,47.11,47.33,46.5,46.5,9814060,85.61,86,84.5,84.5,5401000,2026-02-03T03:45:46Z
MS,2007-05-22,47.13,47.36,46.83,47.11,5925141,85.63,86.06,85.1,85.61,3260800,2026-02-03T03:45:46Z
MS,2007-05-23,47.19,47.88,47.05,47.16,6594560,85.75,87,85.5,85.7,3629200,2026-02-03T03:45:46Z
MS,2007-05-24,46.48,47.81,46.26,47.6,7972450,84.46,86.87,84.05,86.5,4387500,2026-02-03T03:45:46Z
MS,2007-05-25,46.37,46.62,45.71,45.71,6712853,84.26,84.71,83.05,83.05,3694300,2026-02-03T03:45:46Z
MS,2007-05-29,46.94,47.1,46.24,46.4,5902426,85.29,85.59,84.02,84.32,3248300,2026-02-03T03:45:46Z
MS,2007-05-30,47.23,47.23,46.34,46.64,6393049,85.82,85.82,84.21,84.75,3518300,2026-02-03T03:45:46Z
MS,2007-05-31,46.8,47.97,46.72,47.83,8870269,85.04,87.16,84.9,86.91,4881600,2026-02-03T03:45:46Z
MS,2007-06-01,47.37,47.46,46.7,46.86,9721762,86.07,86.23,84.86,85.14,5350200,2026-02-03T03:45:46Z
MS,2007-06-04,47.25,47.6,46.88,47.46,6728666,85.85,86.49,85.18,86.24,3703000,2026-02-03T03:45:46Z
MS,2007-06-05,47.14,47.27,46.8,46.89,8439802,85.65,85.9,85.03,85.2,4644700,2026-02-03T03:45:46Z
MS,2007-06-06,47.31,47.52,46.5,46.93,13881421,85.96,86.35,84.5,85.28,7639400,2026-02-03T03:45:46Z
MS,2007-06-07,46.63,48.69,46.63,47.06,19630849,84.73,88.47,84.73,85.51,10803500,2026-02-03T03:45:46Z
MS,2007-06-08,47.93,48.02,46.59,46.72,11799948,87.1,87.26,84.66,84.9,6493900,2026-02-03T03:45:46Z
MS,2007-06-11,48.73,49.04,47.85,47.95,10369194,88.54,89.1,86.94,87.12,5706500,2026-02-03T03:45:46Z
MS,2007-06-12,47.71,49.16,47.71,48.82,16507485,86.7,89.32,86.69,88.7,9084600,2026-02-03T03:45:46Z
MS,2007-06-13,49.07,49.1,48.03,48.19,13991889,89.17,89.22,87.28,87.56,7700200,2026-02-03T03:45:46Z
MS,2007-06-14,49.14,49.82,48.61,48.78,17376039,89.3,90.53,88.33,88.64,9562600,2026-02-03T03:45:46Z
MS,2007-06-15,48.69,50.05,48.57,49.95,18779563,88.48,90.95,88.26,90.77,10335000,2026-02-03T03:45:46Z
MS,2007-06-18,48.7,49.72,48.52,49.44,20420393,88.5,90.34,88.16,89.83,11238000,2026-02-03T03:45:46Z
MS,2007-06-19,48.32,48.93,47.96,48.89,16841089,87.8,88.9,87.14,88.83,9268200,2026-02-03T03:45:46Z
MS,2007-06-20,48.06,49.71,47.93,49.23,27762508,87.32,90.33,87.1,89.45,15278600,2026-02-03T03:45:46Z
MS,2007-06-21,48.04,48.35,47.11,48.35,20969514,87.29,87.86,85.6,87.86,11540200,2026-02-03T03:45:46Z
MS,2007-06-22,46.56,47.99,46.4,47.88,23097142,84.6,87.2,84.31,87,12711100,2026-02-03T03:45:46Z
MS,2007-06-25,46.53,47.87,45.95,46.7,23686777,84.54,86.98,83.5,84.85,13035600,2026-02-03T03:45:46Z
MS,2007-06-26,46.29,47.17,46.24,46.93,16636657,84.11,85.71,84.03,85.28,9155700,2026-02-03T03:45:46Z
MS,2007-06-27,46.95,47.08,45.68,45.95,19337206,85.32,85.55,83,83.5,10641900,2026-02-03T03:45:46Z
MS,2007-06-28,46.71,47.3,46.67,46.97,12894210,84.88,85.95,84.81,85.35,7096100,2026-02-03T03:45:46Z
MS,2007-06-29,46.16,47.27,45.53,47.05,16408439,83.88,85.9,82.73,85.5,9030100,2026-02-03T03:45:46Z
MS,2007-07-02,47.29,47.83,46.75,47.03,13741715,71.33,72.15,70.52,70.94,9110200,2026-02-03T03:45:46Z
MS,2007-07-03,48.54,48.62,47.57,47.61,8997381,73.22,73.34,71.75,71.82,5964900,2026-02-03T03:45:46Z
MS,2007-07-05,48.36,48.78,47.85,48.73,13795101,72.94,73.58,72.17,73.5,9145600,2026-02-03T03:45:46Z
MS,2007-07-06,48.46,48.79,47.98,48.41,9268591,73.09,73.6,72.37,73.02,6144700,2026-02-03T03:45:46Z
MS,2007-07-09,48.17,48.56,47.88,48.46,9168271,72.66,73.25,72.22,73.09,6078200,2026-02-03T03:45:46Z
MS,2007-07-10,46.71,47.75,46.43,47.73,16268991,70.46,72.03,70.03,72,10785700,2026-02-03T03:45:46Z
MS,2007-07-11,47.02,47.49,46.31,46.4,14254626,70.65,71.36,69.59,69.72,9486600,2026-02-03T03:45:46Z
MS,2007-07-12,48.18,48.2,47.02,47.07,12663978,72.4,72.43,70.65,70.72,8428000,2026-02-03T03:45:46Z
MS,2007-07-13,48.76,49.01,47.64,47.88,11236787,73.26,73.64,71.58,71.95,7478200,2026-02-03T03:45:46Z
MS,2007-07-16,48.12,48.95,48.02,48.95,10553404,72.3,73.55,72.15,73.55,7023400,2026-02-03T03:45:46Z
MS,2007-07-17,48.48,48.73,48.02,48.48,9552824,72.85,73.22,72.16,72.85,6357500,2026-02-03T03:45:46Z
MS,2007-07-18,47.15,48.06,46.39,47.48,18884006,70.85,72.21,69.7,71.35,12567500,2026-02-03T03:45:46Z
MS,2007-07-19,46.51,47.58,46.03,46.99,14918045,69.88,71.5,69.16,70.61,9928100,2026-02-03T03:45:46Z
MS,2007-07-20,44.97,46.75,44.44,46.51,23475837,67.57,70.24,66.78,69.89,15623400,2026-02-03T03:45:46Z
MS,2007-07-23,45.06,45.55,44.7,45.22,14842746,67.71,68.45,67.17,67.95,9878000,2026-02-03T03:45:46Z
MS,2007-07-24,43.62,44.68,43.27,44.52,22944650,65.55,67.14,65.01,66.9,15269900,2026-02-03T03:45:46Z
MS,2007-07-25,43.83,44.32,43.25,43.96,22143612,65.86,66.6,64.99,66.05,14736800,2026-02-03T03:45:46Z
MS,2007-07-26,42.93,43.23,40.93,42.79,32906938,64.5,64.95,61.5,64.29,21899900,2026-02-03T03:45:46Z
MS,2007-07-27,42.84,43.86,42.1,42.93,27971014,64.37,65.91,63.26,64.5,18615000,2026-02-03T03:45:46Z
MS,2007-07-30,43,43.44,41.56,43.44,27767726,64.61,65.28,62.45,65.28,18479700,2026-02-03T03:45:46Z
MS,2007-07-31,42.51,44.8,42.33,43.62,26012245,63.87,67.31,63.6,65.54,17311400,2026-02-03T03:45:46Z
MS,2007-08-01,42.85,43.26,41.16,41.89,25019777,64.38,65,61.84,62.94,16650900,2026-02-03T03:45:46Z
MS,2007-08-02,42.51,43.46,41.75,42.99,18067639,63.88,65.3,62.74,64.59,12024200,2026-02-03T03:45:46Z
MS,2007-08-03,40.34,42.69,40.26,42.03,26681050,60.62,64.15,60.49,63.16,17756500,2026-02-03T03:45:46Z
MS,2007-08-06,42.61,42.7,39.1,40.54,25878051,64.03,64.16,58.75,60.92,17222100,2026-02-03T03:45:46Z
MS,2007-08-07,42.81,43.83,41.52,42.4,23831324,64.33,65.86,62.39,63.71,15860000,2026-02-03T03:45:46Z
MS,2007-08-08,43.52,44.46,42.49,43.25,31261437,65.39,66.8,63.85,64.98,20804800,2026-02-03T03:45:46Z
MS,2007-08-09,41.14,42.69,40.86,41.46,35860294,61.81,64.15,61.39,62.3,23865400,2026-02-03T03:45:46Z
MS,2007-08-10,39.95,41.52,39.35,40.2,35062252,60.03,62.39,59.12,60.4,23334300,2026-02-03T03:45:46Z
MS,2007-08-13,39.69,42.01,39.62,41.3,23199509,59.64,63.13,59.53,62.05,15439500,2026-02-03T03:45:46Z
MS,2007-08-14,38.32,40.16,37.87,40.04,28871968,57.58,60.35,56.9,60.17,19214600,2026-02-03T03:45:46Z
MS,2007-08-15,37.69,39.53,37.52,38.17,22459786,56.63,59.4,56.38,57.35,14947200,2026-02-03T03:45:46Z
MS,2007-08-16,39.25,39.79,36.54,37.15,34430612,58.97,59.79,54.9,55.82,22913900,2026-02-03T03:45:46Z
MS,2007-08-17,41.41,42.06,40.68,41.67,35676088,62.23,63.2,61.13,62.62,23742800,2026-02-03T03:45:46Z
MS,2007-08-20,41.7,42.07,40.64,41.6,21144813,62.66,63.22,61.07,62.51,14072100,2026-02-03T03:45:46Z
MS,2007-08-21,41.85,42.53,41.13,41.69,15365967,62.89,63.9,61.8,62.65,10226200,2026-02-03T03:45:46Z
MS,2007-08-22,42.65,42.93,41.65,42.5,16205028,64.09,64.5,62.59,63.86,10784600,2026-02-03T03:45:46Z
MS,2007-08-23,42.8,43.21,41.85,43.07,17014598,64.31,64.92,62.88,64.72,11323400,2026-02-03T03:45:46Z
MS,2007-08-24,42.95,43.09,41.99,42.74,10708633,64.54,64.75,63.1,64.22,7126700,2026-02-03T03:45:46Z
MS,2007-08-27,42.41,42.87,42.23,42.85,12886494,63.73,64.41,63.45,64.39,8576100,2026-02-03T03:45:46Z
MS,2007-08-28,40.44,41.83,40.37,41.63,15750043,60.77,62.85,60.66,62.55,10481800,2026-02-03T03:45:46Z
MS,2007-08-29,40.74,40.9,39.84,40.73,14706152,61.21,61.46,59.86,61.2,9787100,2026-02-03T03:45:46Z
MS,2007-08-30,40.04,40.54,39.63,39.78,13016176,60.16,60.91,59.55,59.78,8662400,2026-02-03T03:45:46Z
MS,2007-08-31,41.51,41.84,40.68,41.23,15590433,62.37,62.87,61.13,61.95,10375600,2026-02-03T03:45:46Z
MS,2007-09-04,42.55,43.29,41.31,41.62,13219921,63.93,65.05,62.07,62.54,8798000,2026-02-03T03:45:46Z
MS,2007-09-05,41.63,42.22,41.21,42.19,12097791,62.56,63.44,61.92,63.4,8051200,2026-02-03T03:45:46Z
MS,2007-09-06,41.59,41.87,40.68,41.85,10725753,62.5,62.92,61.13,62.89,7138100,2026-02-03T03:45:46Z
MS,2007-09-07,41.59,42.29,40.29,40.67,17850811,62.5,63.54,60.54,61.11,11879900,2026-02-03T03:45:46Z
MS,2007-09-10,41.98,42.63,41.06,42.16,11921976,63.08,64.05,61.7,63.35,7934200,2026-02-03T03:45:46Z
MS,2007-09-11,42.29,42.75,41.99,42.17,10165739,63.54,64.24,63.1,63.36,6765400,2026-02-03T03:45:46Z
MS,2007-09-12,42.23,42.53,41.77,41.92,11086225,63.46,63.9,62.76,62.99,7378000,2026-02-03T03:45:46Z
MS,2007-09-13,44.45,44.71,42.6,42.97,18396874,66.79,67.18,64.01,64.57,12243300,2026-02-03T03:45:46Z
MS,2007-09-14,44,44.14,43.21,43.96,11485919,66.11,66.32,64.92,66.05,7644000,2026-02-03T03:45:46Z
MS,2007-09-17,43.2,43.7,42.58,43.6,11511310,64.91,65.66,63.98,65.52,7660900,2026-02-03T03:45:46Z
MS,2007-09-18,45.59,46.11,43.13,44.08,25686160,68.51,69.28,64.81,66.23,17094400,2026-02-03T03:45:46Z
MS,2007-09-19,44.61,46.5,44.22,45.97,26496841,67.03,69.87,66.44,69.08,17633900,2026-02-03T03:45:46Z
MS,2007-09-20,43.01,44.98,42.17,44.98,25644848,64.63,67.59,63.36,67.59,17066900,2026-02-03T03:45:46Z
MS,2007-09-21,42.89,43.31,42.03,43.31,20000133,64.44,65.07,63.15,65.07,13310300,2026-02-03T03:45:46Z
MS,2007-09-24,41.45,43.26,41.34,43.2,12366461,62.29,65,62.11,64.91,8230000,2026-02-03T03:45:46Z
MS,2007-09-25,40.84,41.23,40.26,41.21,15643772,61.37,61.95,60.5,61.92,10411100,2026-02-03T03:45:46Z
MS,2007-09-26,41.91,42.78,40.46,41.09,22413017,62.97,64.28,60.8,61.74,14916100,2026-02-03T03:45:46Z
MS,2007-09-27,42.96,43.25,41.74,41.76,15058968,64.55,64.98,62.72,62.75,10021900,2026-02-03T03:45:46Z
MS,2007-09-28,41.93,42.96,41.53,42.8,20005423,63,64.55,62.4,64.31,13313800,2026-02-03T03:45:46Z
MS,2007-10-01,42.6,42.92,41.66,41.66,14081681,64.01,64.49,62.6,62.6,9371500,2026-02-03T03:45:46Z
MS,2007-10-02,43.99,44.38,42.74,42.91,16305844,66.1,66.68,64.22,64.47,10851700,2026-02-03T03:45:46Z
MS,2007-10-03,44.59,44.96,43.76,43.92,13736073,67,67.55,65.75,66,9141500,2026-02-03T03:45:46Z
MS,2007-10-04,44.66,44.99,44.14,44.7,11405532,67.11,67.6,66.32,67.17,7590500,2026-02-03T03:45:46Z
MS,2007-10-05,45.85,45.85,44.6,45.21,12477510,68.9,68.9,67.01,67.93,8303900,2026-02-03T03:45:46Z
MS,2007-10-08,45.21,45.79,45.1,45.69,7555850,67.94,68.8,67.77,68.65,5028500,2026-02-03T03:45:46Z
MS,2007-10-09,45.98,46.07,44.37,45.61,11975323,69.09,69.23,66.67,68.54,7969700,2026-02-03T03:45:46Z
MS,2007-10-10,45.12,46.11,44.78,45.74,11381623,67.53,69.02,67.02,68.46,7604300,2026-02-03T03:45:46Z
MS,2007-10-11,44.8,45.69,44.21,45.42,12604002,67.06,68.39,66.17,67.98,8421000,2026-02-03T03:45:46Z
MS,2007-10-12,44.93,45.25,44.49,45.09,6733516,67.25,67.73,66.59,67.49,4498800,2026-02-03T03:45:46Z
MS,2007-10-15,44.16,45,43.57,44.89,10250687,66.1,67.35,65.21,67.19,6848700,2026-02-03T03:45:46Z
MS,2007-10-16,43.63,44.04,43.23,43.72,12370065,65.3,65.92,64.71,65.44,8264700,2026-02-03T03:45:46Z
MS,2007-10-17,43.97,44.45,42.84,44.09,14344121,65.81,66.53,64.12,65.99,9583600,2026-02-03T03:45:46Z
MS,2007-10-18,43.7,44.15,42.68,43.31,12548778,65.4,66.08,63.88,64.82,8384100,2026-02-03T03:45:46Z
MS,2007-10-19,41.39,43.76,41.06,43.44,24002237,61.95,65.49,61.45,65.02,16036400,2026-02-03T03:45:46Z
MS,2007-10-22,41.82,42.35,41.01,41.39,15304859,62.59,63.39,61.38,61.95,10225500,2026-02-03T03:45:46Z
MS,2007-10-23,42.51,42.71,41.1,42.34,13586296,63.62,63.92,61.51,63.37,9077300,2026-02-03T03:45:46Z
MS,2007-10-24,42.02,42.43,40.09,42.07,19066918,62.89,63.5,60,62.96,12739000,2026-02-03T03:45:46Z
MS,2007-10-25,41.42,42.38,40.42,42.07,24884715,62,63.43,60.5,62.96,16626000,2026-02-03T03:45:46Z
MS,2007-10-26,43.28,43.43,42.05,42.51,16962038,64.78,65,62.93,63.63,11332700,2026-02-03T03:45:46Z
MS,2007-10-29,44.28,44.42,43.18,43.32,12882090,66.27,66.48,64.63,64.84,8606800,2026-02-03T03:45:46Z
MS,2007-10-30,43.76,44.73,43.31,44.04,13553396,65.49,66.95,64.82,65.92,9055300,2026-02-03T03:45:46Z
MS,2007-10-31,44.94,45.17,42.94,44.24,25119411,67.26,67.6,64.27,66.22,16782800,2026-02-03T03:45:46Z
MS,2007-11-01,41.7,43.44,41.46,43.44,23439921,62.42,65.02,62.06,65.02,15660700,2026-02-03T03:45:46Z
MS,2007-11-02,39.35,41.67,38,41.67,43116621,58.9,62.37,56.88,62.37,28807100,2026-02-03T03:45:46Z
MS,2007-11-05,37.14,38.81,36.21,38.67,39983119,55.59,58.09,54.2,57.88,26713600,2026-02-03T03:45:46Z
MS,2007-11-06,36.42,37.64,35.29,37.17,41722953,54.51,56.33,52.82,55.64,27876000,2026-02-03T03:45:46Z
MS,2007-11-07,34.2,35.67,33.46,35.2,44882307,51.19,53.39,50.08,52.68,29986800,2026-02-03T03:45:46Z
MS,2007-11-08,35.86,36.09,33.97,35.56,49029042,53.68,54.02,50.84,53.22,32757300,2026-02-03T03:45:46Z
MS,2007-11-09,36.21,37.49,34.58,34.58,31932203,54.2,56.11,51.75,51.75,21334600,2026-02-03T03:45:46Z
MS,2007-11-12,35.92,37.22,35.48,35.74,21045569,53.77,55.71,53.1,53.5,14061000,2026-02-03T03:45:46Z
MS,2007-11-13,37.32,37.44,35.25,36.35,26502860,55.86,56.04,52.76,54.4,17707100,2026-02-03T03:45:46Z
MS,2007-11-14,37.15,38.82,36.76,38.25,22741095,55.61,58.1,55.02,57.25,15193800,2026-02-03T03:45:46Z
MS,2007-11-15,35.59,37.36,34.83,36.59,29120477,53.27,55.92,52.13,54.77,19456000,2026-02-03T03:45:46Z
MS,2007-11-16,35.34,35.9,34.63,35.78,17667609,52.9,53.73,51.83,53.56,11804100,2026-02-03T03:45:46Z
MS,2007-11-19,34.16,35.07,33.74,34.76,17573627,51.13,52.49,50.5,52.02,11741300,2026-02-03T03:45:46Z
MS,2007-11-20,33.69,34.45,32.55,33.91,28859930,50.43,51.56,48.72,50.75,19281900,2026-02-03T03:45:46Z
MS,2007-11-21,32.41,33.2,31.78,32.98,29587707,48.51,49.69,47.56,49.36,19768200,2026-02-03T03:45:46Z
MS,2007-11-23,33.33,33.57,32.69,32.69,8959443,49.89,50.25,48.93,48.93,5986000,2026-02-03T03:45:46Z
MS,2007-11-26,32.04,33.4,32.02,33.4,15179587,47.95,49.99,47.93,49.99,10141800,2026-02-03T03:45:46Z
MS,2007-11-27,33.27,33.61,32.2,32.27,23741375,49.8,50.3,48.2,48.3,15862100,2026-02-03T03:45:46Z
MS,2007-11-28,35.74,35.83,33.54,33.61,29543429,53.5,53.62,50.2,50.31,19738600,2026-02-03T03:45:46Z
MS,2007-11-29,34.97,35.7,34.63,35.54,15625441,52.34,53.43,51.83,53.2,10439700,2026-02-03T03:45:46Z
MS,2007-11-30,35.22,36.88,34.88,36.23,26698935,52.72,55.2,52.21,54.22,17838100,2026-02-03T03:45:46Z
MS,2007-12-03,34.93,35.25,34.26,34.6,14009873,52.28,52.76,51.28,51.79,9360300,2026-02-03T03:45:46Z
MS,2007-12-04,33.41,34.07,32.81,34.04,25633253,50.01,50.99,49.11,50.95,17126100,2026-02-03T03:45:46Z
MS,2007-12-05,33.48,34.25,32.92,33.92,15528794,50.11,51.26,49.27,50.77,10375100,2026-02-03T03:45:46Z
MS,2007-12-06,34.46,34.51,32.89,33.01,16555674,51.58,51.65,49.22,49.41,11061200,2026-02-03T03:45:46Z
MS,2007-12-07,34.54,35.48,34.4,34.48,15378340,51.69,53.1,51.49,51.61,10274600,2026-02-03T03:45:46Z
MS,2007-12-10,36.33,36.42,34.6,35.02,24723392,54.37,54.51,51.78,52.42,16518200,2026-02-03T03:45:46Z
MS,2007-12-11,33.37,36.67,33.37,36.39,34922314,49.95,54.89,49.95,54.47,23332300,2026-02-03T03:45:46Z
MS,2007-12-12,33.65,35.04,32.64,34.58,33655833,50.37,52.44,48.85,51.75,22486200,2026-02-03T03:45:46Z
MS,2007-12-13,33.54,33.71,31.73,33.28,30194508,50.2,50.45,47.49,49.81,20173600,2026-02-03T03:45:46Z
MS,2007-12-14,33.61,34.17,32.71,33.07,20154126,50.3,51.14,48.95,49.5,13465400,2026-02-03T03:45:46Z
MS,2007-12-17,33.09,33.94,32.55,33.42,20945629,49.53,50.8,48.72,50.02,13994200,2026-02-03T03:45:46Z
MS,2007-12-18,32.12,33.33,31.57,32.69,35939720,48.07,49.89,47.25,48.93,24012100,2026-02-03T03:45:46Z
MS,2007-12-19,33.46,34.32,32,32.62,54278944,50.08,51.37,47.9,48.82,36264900,2026-02-03T03:45:46Z
MS,2007-12-20,34.32,35.09,33.07,33.77,44416474,51.37,52.52,49.49,50.55,29675600,2026-02-03T03:45:46Z
MS,2007-12-21,36.33,36.68,34.8,34.8,46656270,54.37,54.9,52.08,52.08,31172000,2026-02-03T03:45:46Z
MS,2007-12-24,36.73,37.01,35.86,36.01,8265571,54.97,55.39,53.67,53.9,5522400,2026-02-03T03:45:46Z
MS,2007-12-26,36.75,36.84,36.01,36.51,10417561,55,55.14,53.9,54.65,6960200,2026-02-03T03:45:46Z
MS,2007-12-27,35.62,36.61,35.42,36.49,16363808,53.32,54.8,53.01,54.62,10933000,2026-02-03T03:45:46Z
MS,2007-12-28,35.56,36.05,34.7,35.77,13474505,53.22,53.96,51.94,53.54,9002600,2026-02-03T03:45:46Z
MS,2007-12-31,35.48,35.98,34.68,35.41,12002619,53.11,53.85,51.91,53,8019200,2026-02-03T03:45:46Z
MS,2008-01-02,34.04,35.68,33.61,35.4,26378579,50.95,53.4,50.31,52.98,17624100,2026-02-03T03:45:46Z
MS,2008-01-03,34.03,34.67,33.79,34.22,17095996,50.94,51.89,50.58,51.21,11422200,2026-02-03T03:45:46Z
MS,2008-01-04,32.94,33.87,32.64,33.35,21625550,49.3,50.69,48.86,49.92,14448500,2026-02-03T03:45:46Z
MS,2008-01-07,32.28,33.3,32.04,33.07,28089992,48.31,49.84,47.95,49.5,18767500,2026-02-03T03:45:46Z
MS,2008-01-08,31,32.72,30.65,32.5,33627908,46.4,48.97,45.88,48.65,22467500,2026-02-03T03:45:46Z
MS,2008-01-09,32.08,32.26,30.2,30.78,29852435,47.73,48.01,44.94,45.8,20061800,2026-02-03T03:45:46Z
MS,2008-01-10,32.53,33.02,30.86,31.29,30163416,48.41,49.13,45.92,46.56,20270800,2026-02-03T03:45:46Z
MS,2008-01-11,32.52,33.46,31.98,32.21,23621663,48.39,49.79,47.58,47.93,15874500,2026-02-03T03:45:46Z
MS,2008-01-14,32.86,33.26,32.65,32.88,16300297,48.9,49.49,48.59,48.93,10954300,2026-02-03T03:45:46Z
MS,2008-01-15,31.67,32.65,31.35,32.09,18524099,47.13,48.58,46.65,47.75,12448800,2026-02-03T03:45:46Z
MS,2008-01-16,31.85,32.79,31.46,31.47,23187433,47.39,48.79,46.81,46.82,15582700,2026-02-03T03:45:46Z
MS,2008-01-17,30.41,32.24,30.24,31.96,27552302,45.25,47.98,45,47.56,18516000,2026-02-03T03:45:46Z
MS,2008-01-18,30.32,31.28,29.28,30.61,29368157,45.11,46.55,43.57,45.55,19736300,2026-02-03T03:45:46Z
MS,2008-01-22,32.61,33.69,28.61,28.8,54844283,48.53,50.13,42.57,42.85,36857100,2026-02-03T03:45:46Z
MS,2008-01-23,34.74,35.01,31.25,31.58,41068349,51.7,52.09,46.5,46.99,27599200,2026-02-03T03:45:46Z
MS,2008-01-24,34.43,35.01,33.8,34.88,24316252,51.23,52.09,50.3,51.9,16341300,2026-02-03T03:45:46Z
MS,2008-01-25,32.86,35.21,32.31,34.68,28378896,48.89,52.39,48.07,51.61,19071500,2026-02-03T03:45:46Z
MS,2008-01-28,33.33,33.39,32.26,32.84,19318017,49.59,49.68,48.01,48.86,12982300,2026-02-03T03:45:46Z
MS,2008-01-29,33.24,33.74,32.66,33.02,18289458,49.46,50.21,48.6,49.13,12291100,2026-02-03T03:45:46Z
MS,2008-01-30,32.68,34.35,32.55,33.16,23836227,48.63,51.12,48.44,49.34,16018700,2026-02-03T03:45:46Z
MS,2008-01-31,33.16,33.62,31.22,32.17,33963172,49.34,50.03,46.45,47.87,22824300,2026-02-03T03:45:46Z
MS,2008-02-01,32.43,33.23,32.05,32.96,39906339,48.25,49.45,47.69,49.04,26818300,2026-02-03T03:45:46Z
MS,2008-02-04,32.28,32.5,31.9,32.31,15995814,48.03,48.36,47.47,48.07,10749700,2026-02-03T03:45:46Z
MS,2008-02-05,30.62,31.72,30.54,31.52,19600839,45.56,47.2,45.45,46.9,13172400,2026-02-03T03:45:46Z
MS,2008-02-06,30.21,31.12,29.85,30.85,18561639,44.95,46.31,44.41,45.9,12474000,2026-02-03T03:45:46Z
MS,2008-02-07,30.16,31.04,29.83,29.95,25407418,44.88,46.19,44.38,44.56,17074600,2026-02-03T03:45:46Z
MS,2008-02-08,29.03,30.16,28.8,29.95,25559997,43.19,44.88,42.86,44.56,17177100,2026-02-03T03:45:46Z
MS,2008-02-11,28.58,29.37,28.33,29.37,22232738,42.53,43.7,42.15,43.7,14941100,2026-02-03T03:45:46Z
MS,2008-02-12,28.7,29.29,28.4,28.73,27813246,42.71,43.59,42.26,42.75,18691400,2026-02-03T03:45:46Z
MS,2008-02-13,29.05,29.15,28.16,28.56,29537475,43.23,43.37,41.9,42.5,19850100,2026-02-03T03:45:46Z
MS,2008-02-14,28.64,29.4,28.31,28.67,30006907,42.62,43.74,42.13,42.66,20165600,2026-02-03T03:45:46Z
MS,2008-02-15,28.44,28.88,28.13,28.33,34245982,42.32,42.98,41.85,42.15,23014400,2026-02-03T03:45:46Z
MS,2008-02-19,27.88,28.95,27.8,28.75,25942075,41.49,43.08,41.37,42.78,17433900,2026-02-03T03:45:46Z
MS,2008-02-20,29.27,29.35,27.39,27.65,28472446,43.55,43.67,40.76,41.15,19134400,2026-02-03T03:45:46Z
MS,2008-02-21,29.01,29.76,28.88,29.57,19922725,43.17,44.28,42.98,44,13388700,2026-02-03T03:45:46Z
MS,2008-02-22,29.7,29.76,28.41,29.04,19117835,44.19,44.28,42.28,43.21,12847800,2026-02-03T03:45:46Z
MS,2008-02-25,30.43,30.54,29.23,29.54,21925748,45.28,45.45,43.49,43.95,14734800,2026-02-03T03:45:46Z
MS,2008-02-26,30.19,30.72,29.74,30.22,23352158,44.93,45.71,44.25,44.97,15693400,2026-02-03T03:45:46Z
MS,2008-02-27,30.83,31.2,29.78,29.89,18112993,45.88,46.42,44.31,44.48,12172500,2026-02-03T03:45:46Z
MS,2008-02-28,29.84,30.63,29.59,30.52,15971870,44.4,45.58,44.03,45.42,10733600,2026-02-03T03:45:46Z
MS,2008-02-29,28.31,29.57,28.18,29.3,23160048,42.12,44,41.93,43.6,15564300,2026-02-03T03:45:46Z
MS,2008-03-03,27.94,28.37,27.59,28.33,25140462,41.58,42.21,41.06,42.15,16895200,2026-02-03T03:45:46Z
MS,2008-03-04,27.79,28.03,27.1,27.63,20175842,41.35,41.71,40.33,41.11,13558800,2026-02-03T03:45:46Z
MS,2008-03-05,27.87,28.54,27.48,27.82,19501876,41.47,42.46,40.89,41.4,13105900,2026-02-03T03:45:46Z
MS,2008-03-06,26.66,27.85,26.59,27.45,24096329,39.67,41.44,39.56,40.85,16193500,2026-02-03T03:45:46Z
MS,2008-03-07,26.79,27.57,25.95,26.28,25415153,39.86,41.03,38.61,39.11,17079800,2026-02-03T03:45:46Z
MS,2008-03-10,25.74,27.35,25.66,26.87,31394816,38.3,40.7,38.18,39.98,21098300,2026-02-03T03:45:46Z
MS,2008-03-11,28.55,28.68,26.65,27.19,43591588,42.49,42.68,39.65,40.46,29294900,2026-02-03T03:45:46Z
MS,2008-03-12,27.56,29.14,27.45,28.49,23809458,41.01,43.36,40.84,42.4,16000700,2026-02-03T03:45:46Z
MS,2008-03-13,27.96,28.24,26.36,26.9,28935560,41.6,42.02,39.22,40.02,19445600,2026-02-03T03:45:46Z
MS,2008-03-14,26.58,28.66,25.88,28.26,45995837,39.55,42.65,38.51,42.05,30910600,2026-02-03T03:45:46Z
MS,2008-03-17,24.45,25.45,22.55,24.03,73560711,36.38,37.87,33.56,35.76,49435100,2026-02-03T03:45:46Z
MS,2008-03-18,28.8,29.17,25.83,26.49,63935774,42.86,43.41,38.44,39.42,42966900,2026-02-03T03:45:46Z
MS,2008-03-19,29.2,31.63,28.95,30.42,59940727,43.45,47.07,43.08,45.26,40282100,2026-02-03T03:45:46Z
MS,2008-03-20,33.38,33.64,28.95,29.16,66143037,49.67,50.05,43.08,43.39,44450200,2026-02-03T03:45:46Z
MS,2008-03-24,32.76,34.81,32.59,33.26,43925070,48.75,51.8,48.5,49.49,29519000,2026-02-03T03:45:46Z
MS,2008-03-25,33.23,33.79,32.45,32.89,24786009,49.45,50.28,48.28,48.94,16657000,2026-02-03T03:45:46Z
MS,2008-03-26,32.12,32.86,31.62,32.73,23785034,47.79,48.9,47.05,48.7,15984300,2026-02-03T03:45:46Z
MS,2008-03-27,30.71,32.81,30.4,32.38,37918038,45.69,48.82,45.23,48.18,25482100,2026-02-03T03:45:46Z
MS,2008-03-28,30.07,31.26,29.73,30.78,22960375,44.74,46.51,44.24,45.8,15430100,2026-02-03T03:45:46Z
MS,2008-03-31,30.71,31.42,29.76,29.97,22955352,45.7,46.75,44.29,44.6,15426700,2026-02-03T03:45:46Z
MS,2008-04-01,32.83,33.06,31.95,32.28,32284682,48.85,49.2,47.54,48.03,21696300,2026-02-03T03:45:46Z
MS,2008-04-02,32.99,33.71,32.7,32.85,20420189,49.09,50.16,48.66,48.88,13723000,2026-02-03T03:45:46Z
MS,2008-04-03,32.85,33.43,32.09,32.74,17820147,48.88,49.75,47.75,48.72,11975700,2026-02-03T03:45:46Z
MS,2008-04-04,31.99,32.93,31.83,32.85,19620061,47.6,49,47.36,48.88,13185300,2026-02-03T03:45:46Z
MS,2008-04-07,32.32,32.94,31.6,32.31,16001925,48.09,49.02,47.02,48.07,10753800,2026-02-03T03:45:46Z
MS,2008-04-08,32,32.59,31.6,32.22,16392852,47.62,48.49,47.02,47.94,11016500,2026-02-03T03:45:46Z
MS,2008-04-09,31.16,32.49,30.87,31.92,20959858,46.1,48.08,45.67,47.23,14166000,2026-02-03T03:45:46Z
MS,2008-04-10,30.04,31.31,29.89,30.91,24574762,44.44,46.32,44.23,45.74,16609200,2026-02-03T03:45:46Z
MS,2008-04-11,29.49,30.65,29.35,29.65,20963719,43.63,45.35,43.42,43.87,14168600,2026-02-03T03:45:46Z
MS,2008-04-14,29.04,29.64,28.72,29.4,15845630,42.97,43.85,42.49,43.5,10709500,2026-02-03T03:45:46Z
MS,2008-04-15,29.41,29.69,28.74,29.3,17688470,43.52,43.93,42.53,43.35,11955000,2026-02-03T03:45:46Z
MS,2008-04-16,30.7,30.81,29.47,30.2,20781278,45.42,45.58,43.61,44.69,14045300,2026-02-03T03:45:46Z
MS,2008-04-17,31.37,31.71,30.31,30.31,19898384,46.42,46.92,44.84,44.84,13448600,2026-02-03T03:45:46Z
MS,2008-04-18,32.29,33.11,32.16,32.26,23342584,47.77,48.99,47.58,47.73,15776400,2026-02-03T03:45:46Z
MS,2008-04-21,31.9,32.4,31.66,32.27,17412664,47.2,47.94,46.85,47.74,11768600,2026-02-03T03:45:46Z
MS,2008-04-22,31.89,32.17,31.23,31.89,18650510,47.19,47.6,46.21,47.19,12605200,2026-02-03T03:45:46Z
MS,2008-04-23,32.02,32.57,31.71,31.82,16355380,47.38,48.19,46.92,47.08,11054000,2026-02-03T03:45:46Z
MS,2008-04-24,34.06,34.37,32.29,32.31,25798966,50.39,50.86,47.77,47.81,17436600,2026-02-03T03:45:46Z
MS,2008-04-25,34.23,34.84,33.58,34.52,21508774,50.65,51.55,49.68,51.08,14537000,2026-02-03T03:45:46Z
MS,2008-04-28,33.73,34.53,33.71,34.45,12031257,49.91,51.09,49.88,50.97,8131500,2026-02-03T03:45:46Z
MS,2008-04-29,33.09,33.83,32.7,33.62,16971016,48.96,50.05,48.38,49.75,11470100,2026-02-03T03:45:46Z
MS,2008-04-30,32.85,33.53,32.58,33.16,22574208,48.6,49.61,48.21,49.06,15257100,2026-02-03T03:45:46Z
MS,2008-05-01,34.02,34.47,32.62,33.02,18483471,50.33,51,48.27,48.86,12492300,2026-02-03T03:45:46Z
MS,2008-05-02,34,34.75,33.43,34.64,20142228,50.31,51.42,49.46,51.25,13613400,2026-02-03T03:45:46Z
MS,2008-05-05,32.93,34.07,32.79,33.68,16822315,48.72,50.41,48.52,49.83,11369600,2026-02-03T03:45:46Z
MS,2008-05-06,33.15,33.44,32.05,32.57,15520591,49.05,49.48,47.42,48.19,10489800,2026-02-03T03:45:46Z
MS,2008-05-07,31.91,33.45,31.79,33.3,16501565,47.21,49.49,47.04,49.27,11152800,2026-02-03T03:45:46Z
MS,2008-05-08,31.41,32.13,30.66,32.13,18807664,46.48,47.54,45.37,47.54,12711400,2026-02-03T03:45:46Z
MS,2008-05-09,31.06,32.11,30.81,31.23,15990943,45.96,47.51,45.59,46.2,10807700,2026-02-03T03:45:46Z
MS,2008-05-12,32.2,32.53,31.13,31.37,15659078,47.65,48.13,46.06,46.41,10583400,2026-02-03T03:45:46Z
MS,2008-05-13,31.5,32.38,31.37,32.18,13201629,46.61,47.91,46.42,47.61,8922500,2026-02-03T03:45:46Z
MS,2008-05-14,31.74,32.29,31.27,31.67,15506360,46.96,47.78,46.26,46.86,10480200,2026-02-03T03:45:46Z
MS,2008-05-15,32.25,32.3,31.48,31.83,12808927,47.71,47.79,46.57,47.1,8657100,2026-02-03T03:45:46Z
MS,2008-05-16,31.91,32.37,31.54,32.27,9601203,47.21,47.9,46.66,47.74,6489100,2026-02-03T03:45:46Z
MS,2008-05-19,31.22,32.27,31.07,31.98,13541785,46.2,47.75,45.97,47.31,9152400,2026-02-03T03:45:46Z
MS,2008-05-20,30.28,31.03,29.93,30.98,19214521,44.8,45.91,44.29,45.84,12986400,2026-02-03T03:45:46Z
MS,2008-05-21,28.99,30.33,28.75,30.28,29748297,42.89,44.88,42.54,44.8,20105800,2026-02-03T03:45:46Z
MS,2008-05-22,29.03,29.5,28.56,28.57,22478681,42.95,43.64,42.25,42.27,15192500,2026-02-03T03:45:46Z
MS,2008-05-23,28.27,28.92,28.07,28.83,16262290,41.83,42.79,41.53,42.66,10991100,2026-02-03T03:45:46Z
MS,2008-05-27,28.55,28.72,27.79,27.95,15569846,42.24,42.49,41.12,41.36,10523100,2026-02-03T03:45:46Z
MS,2008-05-28,28.91,28.91,28.22,28.81,17934379,42.77,42.77,41.76,42.62,12121200,2026-02-03T03:45:46Z
MS,2008-05-29,29.59,29.93,28.71,28.8,14862174,43.78,44.29,42.48,42.61,10044800,2026-02-03T03:45:46Z
MS,2008-05-30,29.89,30.08,29.58,29.86,14014979,44.23,44.51,43.77,44.18,9472200,2026-02-03T03:45:46Z
MS,2008-06-02,29.13,30.1,28.59,29.87,22937484,43.1,44.54,42.3,44.2,15502600,2026-02-03T03:45:46Z
MS,2008-06-03,28.83,29.7,28.1,29.37,23719269,42.65,43.95,41.57,43.45,16031000,2026-02-03T03:45:46Z
MS,2008-06-04,29.31,29.85,28.92,29.06,22813810,43.36,44.17,42.79,43,15419000,2026-02-03T03:45:46Z
MS,2008-06-05,30.14,30.29,29.25,29.41,20045732,44.59,44.81,43.27,43.52,13548200,2026-02-03T03:45:46Z
MS,2008-06-06,27.58,29.92,27.49,29.85,35896731,40.81,44.27,40.67,44.16,24261300,2026-02-03T03:45:46Z
MS,2008-06-09,26.62,27.89,26.18,27.67,33182987,39.39,41.26,38.73,40.94,22427200,2026-02-03T03:45:46Z
MS,2008-06-10,26.51,26.94,25.83,26.33,32573029,39.23,39.86,38.22,38.95,22014900,2026-02-03T03:45:46Z
MS,2008-06-11,25.09,26.71,24.94,26.49,37050545,37.13,39.52,36.9,39.2,25041100,2026-02-03T03:45:46Z
MS,2008-06-12,25.94,27.1,25.5,25.52,37104150,38.38,40.09,37.73,37.76,25077300,2026-02-03T03:45:46Z
MS,2008-06-13,27.74,27.74,26.06,26.31,37836241,41.04,41.05,38.55,38.93,25572100,2026-02-03T03:45:46Z
MS,2008-06-16,28.58,29.15,27.89,28.06,26819735,42.29,43.13,41.27,41.52,18126500,2026-02-03T03:45:46Z
MS,2008-06-17,27.43,29.37,26.86,29.13,38463091,40.59,43.46,39.74,43.1,25995800,2026-02-03T03:45:46Z
MS,2008-06-18,27.5,28.18,25.29,25.6,61496554,40.69,41.7,37.42,37.88,41563300,2026-02-03T03:45:46Z
MS,2008-06-19,27.16,27.49,26.08,27.46,40316946,40.19,40.68,38.59,40.63,27248800,2026-02-03T03:45:46Z
MS,2008-06-20,26.14,26.96,26.03,26.85,35358767,38.68,39.89,38.51,39.73,23897700,2026-02-03T03:45:46Z
MS,2008-06-23,25.32,26.28,25.24,26.28,25591355,37.46,38.89,37.35,38.89,17296300,2026-02-03T03:45:46Z
MS,2008-06-24,25.97,26.53,24.78,25.35,31886805,38.43,39.25,36.66,37.5,21551100,2026-02-03T03:45:46Z
MS,2008-06-25,25.8,26.7,25.65,26.35,34926536,38.18,39.5,37.95,38.99,23605600,2026-02-03T03:45:46Z
MS,2008-06-26,24.89,25.81,24.8,25.35,32489784,36.83,38.18,36.69,37.5,21958700,2026-02-03T03:45:46Z
MS,2008-06-27,24.81,25.35,24.38,24.97,38298776,36.71,37.5,36.07,36.95,25884800,2026-02-03T03:45:46Z
MS,2008-06-30,24.38,25.41,24.14,24.66,27274289,36.07,37.59,35.72,36.49,18433700,2026-02-03T03:45:46Z
MS,2008-07-01,24.74,24.95,23.56,23.99,36715405,36.6,36.92,34.86,35.5,24814600,2026-02-03T03:45:46Z
MS,2008-07-02,24.24,25.02,24.16,24.72,26364519,35.87,37.02,35.75,36.58,17818800,2026-02-03T03:45:46Z
MS,2008-07-03,24.27,24.7,24.01,24.35,13713987,35.91,36.54,35.52,36.03,9268800,2026-02-03T03:45:46Z
MS,2008-07-07,23.7,24.66,23.03,24.35,33903046,35.07,36.49,34.08,36.02,22913800,2026-02-03T03:45:46Z
MS,2008-07-08,24.66,24.78,23.05,23.9,39780306,36.49,36.66,34.11,35.36,26886100,2026-02-03T03:45:46Z
MS,2008-07-09,23.14,25.02,22.74,24.84,38398559,33.99,36.74,33.4,36.48,26145700,2026-02-03T03:45:46Z
MS,2008-07-10,22.82,23.72,22.31,22.96,42690772,33.51,34.84,32.77,33.72,29068200,2026-02-03T03:45:46Z
MS,2008-07-11,22.77,23.42,22.05,22.36,46903000,33.44,34.4,32.38,32.84,31936400,2026-02-03T03:45:46Z
MS,2008-07-14,21.62,23.62,21.51,23.37,34865430,31.75,34.69,31.59,34.32,23739900,2026-02-03T03:45:46Z
MS,2008-07-15,21.11,22.18,20.16,21.39,53099619,31,32.58,29.6,31.42,36155700,2026-02-03T03:45:46Z
MS,2008-07-16,23.87,23.91,21.12,21.96,49675606,35.05,35.11,31.02,32.25,33824200,2026-02-03T03:45:46Z
MS,2008-07-17,26.09,27.34,24.5,24.58,78905961,38.32,40.15,35.98,36.1,53727300,2026-02-03T03:45:46Z
MS,2008-07-18,26.26,27.08,25.23,26.86,31253384,38.57,39.77,37.06,39.44,21280500,2026-02-03T03:45:46Z
MS,2008-07-21,24.83,26.66,24.51,26.42,32805288,36.46,39.15,36,38.8,22337200,2026-02-03T03:45:46Z
MS,2008-07-22,26.33,26.5,24.1,24.4,27905463,38.67,38.92,35.4,35.84,19000900,2026-02-03T03:45:46Z
MS,2008-07-23,26.63,27.47,25.8,26.47,30466473,39.11,40.35,37.89,38.87,20744700,2026-02-03T03:45:46Z
MS,2008-07-24,25.36,26.92,24.98,26.66,25539202,37.24,39.53,36.69,39.15,17389700,2026-02-03T03:45:46Z
MS,2008-07-25,25.02,25.57,24.47,25.4,22552481,36.75,37.55,35.93,37.31,15356000,2026-02-03T03:45:46Z
MS,2008-07-28,23.8,25.53,23.56,24.93,27411178,34.96,37.5,34.6,36.61,18664300,2026-02-03T03:45:46Z
MS,2008-07-29,24.85,24.96,23.12,24.3,36718240,36.5,36.65,33.95,35.68,25001500,2026-02-03T03:45:46Z
MS,2008-07-30,26.28,26.86,25.23,25.28,37558878,38.6,39.45,37.05,37.13,25573900,2026-02-03T03:45:46Z
MS,2008-07-31,26.88,27.4,25.81,25.94,25313049,39.48,40.24,37.9,38.1,17235700,2026-02-03T03:45:46Z
MS,2008-08-01,27.99,28.41,26.66,27.01,28710573,41.11,41.73,39.15,39.67,19549100,2026-02-03T03:45:46Z
MS,2008-08-04,28.24,28.95,27.3,27.62,26778169,41.48,42.51,40.1,40.56,18233300,2026-02-03T03:45:46Z
MS,2008-08-05,29.42,29.78,28.29,28.54,29398028,43.2,43.74,41.55,41.91,20017200,2026-02-03T03:45:46Z
MS,2008-08-06,29.4,29.62,28.8,29.21,19060923,43.18,43.5,42.29,42.9,12978600,2026-02-03T03:45:46Z
MS,2008-08-07,29.05,29.69,28.78,28.85,32207989,42.66,43.6,42.26,42.37,21930500,2026-02-03T03:45:46Z
MS,2008-08-08,30.67,31.16,29.01,29.03,33892571,45.04,45.76,42.6,42.64,23077500,2026-02-03T03:45:46Z
MS,2008-08-11,30.91,31.72,30.17,30.48,24406335,45.39,46.58,44.31,44.77,16618300,2026-02-03T03:45:46Z
MS,2008-08-12,28.94,30.2,28.13,30.15,34020650,42.5,44.35,41.31,44.28,23164700,2026-02-03T03:45:46Z
MS,2008-08-13,27.34,28.82,26.56,28.69,43316390,40.15,42.33,39.01,42.14,29494200,2026-02-03T03:45:46Z
MS,2008-08-14,27.67,27.9,26.96,27.28,21826308,40.64,40.97,39.59,40.07,14861600,2026-02-03T03:45:46Z
MS,2008-08-15,27.84,28.18,27.42,27.71,15681683,40.88,41.38,40.27,40.7,10677700,2026-02-03T03:45:46Z
MS,2008-08-18,26.96,27.88,26.75,27.88,19271797,39.59,40.95,39.29,40.95,13122200,2026-02-03T03:45:46Z
MS,2008-08-19,25.93,26.56,25.47,26.56,26350099,38.08,39,37.4,39,17941800,2026-02-03T03:45:46Z
MS,2008-08-20,25.47,26.27,24.65,26.15,39085709,37.4,38.58,36.2,38.41,26613500,2026-02-03T03:45:46Z
MS,2008-08-21,25.23,25.56,24.79,24.89,23036528,37.06,37.54,36.4,36.55,15685600,2026-02-03T03:45:46Z
MS,2008-08-22,26.48,26.64,25.78,25.9,22952623,38.89,39.13,37.86,38.03,15628500,2026-02-03T03:45:46Z
MS,2008-08-25,26.02,26.34,25.84,26.09,18090692,38.22,38.68,37.95,38.31,12318000,2026-02-03T03:45:46Z
MS,2008-08-26,26.27,26.42,25.72,26,12447607,38.58,38.8,37.77,38.19,8475600,2026-02-03T03:45:46Z
MS,2008-08-27,26.59,26.69,25.88,26.3,14098223,39.05,39.2,38.01,38.63,9599500,2026-02-03T03:45:46Z
MS,2008-08-28,27.64,27.79,26.66,26.9,18016261,40.6,40.81,39.15,39.5,12267300,2026-02-03T03:45:46Z
MS,2008-08-29,27.8,28.11,27.24,27.29,15420297,40.83,41.29,40.01,40.08,10499700,2026-02-03T03:45:46Z
MS,2008-09-02,28.12,29.29,27.6,28.57,24701249,41.3,43.02,40.53,41.96,16819100,2026-02-03T03:45:46Z
MS,2008-09-03,28.71,28.79,27.73,27.97,18138756,42.17,42.28,40.73,41.07,12350700,2026-02-03T03:45:46Z
MS,2008-09-04,27.47,28.85,27.2,28.19,27781076,40.34,42.37,39.95,41.4,18916200,2026-02-03T03:45:46Z
MS,2008-09-05,28.16,28.26,26.92,26.92,24616912,41.36,41.51,39.54,39.54,16761700,2026-02-03T03:45:46Z
MS,2008-09-08,29.46,30.3,28.36,30.12,38814289,43.27,44.5,41.65,44.24,26428700,2026-02-03T03:45:46Z
MS,2008-09-09,27.51,29.42,27.28,29.01,40267238,40.4,43.2,40.06,42.61,27418000,2026-02-03T03:45:46Z
MS,2008-09-10,26.5,27.6,25.93,27.31,35967004,38.92,40.54,38.08,40.11,24490000,2026-02-03T03:45:46Z
MS,2008-09-11,26.36,26.94,24.26,24.46,53363218,38.71,39.56,35.63,35.92,36335100,2026-02-03T03:45:46Z
MS,2008-09-12,25.35,27.17,25.23,25.86,46215426,37.23,39.9,37.05,37.98,31468200,2026-02-03T03:45:46Z
MS,2008-09-15,21.92,23.83,20.92,22.67,99429585,32.19,35,30.73,33.3,67701696,2026-02-03T03:45:46Z
MS,2008-09-16,19.54,21.1,15.8,16.27,174660104,28.7,30.99,23.21,23.89,118926496,2026-02-03T03:45:46Z
MS,2008-09-17,14.81,17.79,10.95,15.55,484337739,21.75,26.12,16.08,22.83,329786112,2026-02-03T03:45:46Z
MS,2008-09-18,15.35,16.83,7.97,13.75,472259233,22.55,24.72,11.7,20.2,321561408,2026-02-03T03:45:46Z
MS,2008-09-19,18.53,18.53,16.89,18.53,177720995,27.21,27.21,24.8,27.21,121010304,2026-02-03T03:45:46Z
MS,2008-09-22,18.45,21.55,18.12,20.95,82996390,27.09,31.65,26.61,30.76,56512300,2026-02-03T03:45:46Z
MS,2008-09-23,19.07,19.11,17.27,18.21,51527121,28,28.07,25.36,26.75,35085000,2026-02-03T03:45:46Z
MS,2008-09-24,16.88,19.99,16.21,19.75,65578446,24.79,29.35,23.8,29,44652600,2026-02-03T03:45:46Z
MS,2008-09-25,18.45,19.02,15.7,17.12,50278134,27.1,27.94,23.06,25.14,34234400,2026-02-03T03:45:46Z
MS,2008-09-26,16.85,18.45,16.02,16.16,60434187,24.75,27.1,23.52,23.73,41149700,2026-02-03T03:45:46Z
MS,2008-09-29,14.29,16.78,13.03,16.61,78722673,20.99,24.64,19.14,24.4,53602300,2026-02-03T03:45:46Z
MS,2008-09-30,15.66,17.27,14.65,14.98,56132618,23,25.36,21.52,22,38220700,2026-02-03T03:45:46Z
MS,2008-10-01,16.63,16.93,14.82,15.47,53057796,24.42,24.87,21.76,22.72,36127100,2026-02-03T03:45:46Z
MS,2008-10-02,15.8,17.1,15.73,16.28,26261397,23.21,25.12,23.1,23.91,17881400,2026-02-03T03:45:46Z
MS,2008-10-03,16.29,18.2,15.33,16.61,44306456,23.92,26.73,22.51,24.4,30168400,2026-02-03T03:45:46Z
MS,2008-10-06,16,16.61,13.73,15.31,39679416,23.5,24.4,20.17,22.49,27017800,2026-02-03T03:45:46Z
MS,2008-10-07,12.02,16.53,9.62,16.53,132892472,17.65,24.28,14.13,24.28,90486600,2026-02-03T03:45:46Z
MS,2008-10-08,11.44,13.26,11.05,11.57,60157306,16.8,19.47,16.23,16.99,40961400,2026-02-03T03:45:46Z
MS,2008-10-09,8.48,12.46,8.14,12.24,151072788,12.45,18.3,11.95,17.98,102865400,2026-02-03T03:45:46Z
MS,2008-10-10,6.59,7.69,4.57,6.26,303793913,9.68,11.3,6.71,9.19,206852896,2026-02-03T03:45:46Z
MS,2008-10-13,12.32,12.98,8.62,10.51,293264566,18.1,19.06,12.66,15.43,199684000,2026-02-03T03:45:46Z
MS,2008-10-14,14.94,16.48,13.99,14.44,203413718,21.94,24.2,20.55,21.21,138504896,2026-02-03T03:45:46Z
MS,2008-10-15,12.5,14.11,12.14,13.95,126069984,18.13,20.46,17.61,20.23,86911104,2026-02-03T03:45:46Z
MS,2008-10-16,12.88,13.27,11.67,12.82,91560643,18.69,19.25,16.93,18.6,63120500,2026-02-03T03:45:46Z
MS,2008-10-17,13.26,13.97,12.08,12.39,67678850,19.24,20.26,17.52,17.97,46656900,2026-02-03T03:45:46Z
MS,2008-10-20,13.63,14.33,13.15,13.91,47828514,19.77,20.79,19.07,20.17,32972400,2026-02-03T03:45:46Z
MS,2008-10-21,13.93,14.81,13.33,13.88,58352060,20.2,21.48,19.34,20.14,40227100,2026-02-03T03:45:46Z
MS,2008-10-22,13.33,13.92,12.5,13.31,55005017,19.33,20.19,18.13,19.31,37919600,2026-02-03T03:45:46Z
MS,2008-10-23,12.46,13.62,11.99,13.24,57514943,18.08,19.75,17.39,19.21,39650000,2026-02-03T03:45:46Z
MS,2008-10-24,11.39,11.78,10.6,10.73,61831166,16.52,17.08,15.38,15.57,42625700,2026-02-03T03:45:46Z
MS,2008-10-27,9.47,11.25,9.47,10.6,62260278,13.73,16.32,13.73,15.37,42921500,2026-02-03T03:45:46Z
MS,2008-10-28,10.48,10.69,7,10.35,182342563,15.2,15.5,10.15,15.01,125704800,2026-02-03T03:45:46Z
MS,2008-10-29,10.18,11.4,9.24,10.34,90808828,14.76,16.54,13.4,15,62602100,2026-02-03T03:45:46Z
MS,2008-10-30,11.09,11.24,10.29,10.85,62553458,16.09,16.3,14.92,15.74,43123400,2026-02-03T03:45:46Z
MS,2008-10-31,12.04,12.75,10.79,10.93,60807162,17.47,18.49,15.65,15.85,41919700,2026-02-03T03:45:46Z
MS,2008-11-03,12.41,12.96,11.81,12.33,38194422,18,18.8,17.13,17.88,26330600,2026-02-03T03:45:46Z
MS,2008-11-04,13.03,13.27,12.17,12.72,40172980,18.9,19.25,17.65,18.45,27694700,2026-02-03T03:45:46Z
MS,2008-11-05,11.76,13.28,11.65,13.01,38650561,17.06,19.26,16.9,18.87,26645100,2026-02-03T03:45:46Z
MS,2008-11-06,10.61,12.02,10.47,11.49,49933367,15.39,17.44,15.19,16.66,34423200,2026-02-03T03:45:46Z
MS,2008-11-07,11.02,11.49,10.42,10.87,43422212,15.98,16.67,15.12,15.76,29934700,2026-02-03T03:45:46Z
MS,2008-11-10,10.05,11.49,9.76,11.49,43242887,14.58,16.66,14.15,16.66,29810900,2026-02-03T03:45:46Z
MS,2008-11-11,9.71,9.96,8.82,9.71,67798104,14.08,14.44,12.8,14.08,46738800,2026-02-03T03:45:46Z
MS,2008-11-12,8.23,9.62,8.23,9.35,49639923,11.94,13.95,11.94,13.56,34221200,2026-02-03T03:45:46Z
MS,2008-11-13,9.11,9.2,7.43,8.51,84242111,13.21,13.35,10.77,12.34,58075400,2026-02-03T03:45:46Z
MS,2008-11-14,8.29,9.09,7.94,8.74,50724788,12.03,13.19,11.51,12.67,34968900,2026-02-03T03:45:46Z
MS,2008-11-17,7.73,8.51,7.59,8.02,42324388,11.22,12.35,11.01,11.64,29177800,2026-02-03T03:45:46Z
MS,2008-11-18,8.29,8.5,7.59,7.78,53474917,12.03,12.33,11.01,11.28,36864800,2026-02-03T03:45:46Z
MS,2008-11-19,7.07,8.19,6.85,8.12,56543266,10.25,11.88,9.93,11.78,38980100,2026-02-03T03:45:46Z
MS,2008-11-20,6.34,7.67,6.21,6.89,74953679,9.2,11.13,9,9.99,51671600,2026-02-03T03:45:46Z
MS,2008-11-21,6.93,7.04,6.07,6.69,71661175,10.05,10.21,8.8,9.7,49402000,2026-02-03T03:45:46Z
MS,2008-11-24,9.22,9.39,7.31,7.31,98446570,13.38,13.62,10.61,10.61,67867800,2026-02-03T03:45:46Z
MS,2008-11-25,9.84,10.77,9.26,9.79,72734430,14.27,15.62,13.43,14.2,50141900,2026-02-03T03:45:46Z
MS,2008-11-26,10,10.28,9.17,9.34,40434081,14.5,14.91,13.3,13.55,27874700,2026-02-03T03:45:46Z
MS,2008-11-28,10.17,10.33,9.65,9.79,19203693,14.75,14.98,13.99,14.2,13238700,2026-02-03T03:45:46Z
MS,2008-12-01,7.82,9.81,7.82,9.6,52439916,11.35,14.23,11.35,13.93,36151200,2026-02-03T03:45:46Z
MS,2008-12-02,8.3,8.56,7.48,7.94,52649211,12.04,12.42,10.85,11.51,36295600,2026-02-03T03:45:46Z
MS,2008-12-03,9.55,9.72,7.7,7.91,59564572,13.85,14.1,11.17,11.47,41063000,2026-02-03T03:45:46Z
MS,2008-12-04,10.3,10.8,9.03,9.2,66208213,14.94,15.67,13.1,13.34,45642900,2026-02-03T03:45:46Z
MS,2008-12-05,10.84,10.96,9.62,10.05,52962289,15.72,15.9,13.96,14.58,36511300,2026-02-03T03:45:46Z
MS,2008-12-08,11.24,11.66,10.56,11.24,50704788,16.3,16.91,15.31,16.31,34955200,2026-02-03T03:45:46Z
MS,2008-12-09,10.32,11.2,10.28,10.74,41232087,14.97,16.24,14.91,15.58,28424800,2026-02-03T03:45:46Z
MS,2008-12-10,10.07,10.69,9.66,10.58,30868450,14.6,15.5,14.01,15.35,21280200,2026-02-03T03:45:46Z
MS,2008-12-11,9.47,10,9.34,9.82,41029250,13.74,14.5,13.55,14.24,28285100,2026-02-03T03:45:46Z
MS,2008-12-12,9.55,9.62,8.72,8.96,30715869,13.85,13.96,12.65,13,21175100,2026-02-03T03:45:46Z
MS,2008-12-15,9.4,9.86,9.17,9.69,29678951,13.64,14.3,13.3,14.05,20460200,2026-02-03T03:45:46Z
MS,2008-12-16,11.12,11.9,9.56,9.73,76256815,16.13,17.26,13.86,14.12,52570400,2026-02-03T03:45:46Z
MS,2008-12-17,11.37,12.36,10.2,10.7,95612936,16.5,17.93,14.8,15.52,65914400,2026-02-03T03:45:46Z
MS,2008-12-18,11.19,12.19,11.1,11.6,49792867,16.23,17.68,16.1,16.82,34326400,2026-02-03T03:45:46Z
MS,2008-12-19,10.65,11.92,10.65,11.26,52810972,15.45,17.29,15.45,16.33,36407100,2026-02-03T03:45:46Z
MS,2008-12-22,10.05,10.78,10.02,10.77,28069315,14.58,15.63,14.54,15.62,19350500,2026-02-03T03:45:46Z
MS,2008-12-23,9.95,10.4,9.93,10.15,18402233,14.44,15.09,14.4,14.73,12686200,2026-02-03T03:45:46Z
MS,2008-12-24,10,10.17,9.8,9.82,7622867,14.5,14.75,14.21,14.25,5255100,2026-02-03T03:45:46Z
MS,2008-12-26,10.1,10.24,9.89,10.21,6479827,14.65,14.86,14.35,14.81,4467100,2026-02-03T03:45:46Z
MS,2008-12-29,10.27,10.32,9.77,10.25,17441984,14.9,14.97,14.17,14.87,12024200,2026-02-03T03:45:46Z
MS,2008-12-30,10.47,10.56,10.09,10.35,20364881,15.19,15.31,14.63,15.01,14039300,2026-02-03T03:45:46Z
MS,2008-12-31,11.06,11.09,10.36,10.45,21767587,16.04,16.08,15.03,15.16,15006200,2026-02-03T03:45:46Z
MS,2009-01-02,11.71,11.75,10.86,11.04,29356477,16.99,17.04,15.75,16.01,20238000,2026-02-03T03:45:46Z
MS,2009-01-05,12.15,12.66,11.57,11.58,36875366,17.62,18.36,16.78,16.8,25421400,2026-02-03T03:45:46Z
MS,2009-01-06,13.5,13.74,12.41,12.46,56366729,19.58,19.93,18,18.07,38858500,2026-02-03T03:45:46Z
MS,2009-01-07,12.48,13.36,12.24,13.15,44747161,18.1,19.38,17.76,19.07,30848100,2026-02-03T03:45:46Z
MS,2009-01-08,12.97,13.09,12.17,12.34,30572380,18.82,18.98,17.65,17.9,21076100,2026-02-03T03:45:46Z
MS,2009-01-09,13.14,13.77,12.89,13.08,51933304,19.06,19.98,18.69,18.97,35802100,2026-02-03T03:45:46Z
MS,2009-01-12,12.95,14.44,12.46,13.84,71349521,18.79,20.95,18.07,20.08,49187500,2026-02-03T03:45:46Z
MS,2009-01-13,13,13.5,12.31,12.6,45524642,18.86,19.58,17.86,18.27,31384000,2026-02-03T03:45:46Z
MS,2009-01-14,11.85,12.73,11.69,12.58,57285834,17.19,18.46,16.96,18.25,39491900,2026-02-03T03:45:46Z
MS,2009-01-15,11.21,12.13,10.61,11.79,60608222,16.26,17.6,15.39,17.1,41782400,2026-02-03T03:45:46Z
MS,2009-01-16,10.75,11.86,9.69,11.71,61422782,15.59,17.2,14.05,16.98,42343900,2026-02-03T03:45:46Z
MS,2009-01-20,9.03,10.37,9.03,10.31,47827547,13.1,15.04,13.1,14.96,32971800,2026-02-03T03:45:46Z
MS,2009-01-21,11.62,11.71,9.53,9.6,67554595,16.86,16.98,13.83,13.93,46571000,2026-02-03T03:45:46Z
MS,2009-01-22,12.12,12.86,10.8,11.22,66393750,17.58,18.65,15.66,16.27,45770900,2026-02-03T03:45:46Z
MS,2009-01-23,12.9,13.09,11.25,11.55,56727337,18.71,18.99,16.32,16.76,39107000,2026-02-03T03:45:46Z
MS,2009-01-26,13.15,14.27,12.72,13.05,55210517,19.08,20.7,18.45,18.93,38061400,2026-02-03T03:45:46Z
MS,2009-01-27,13.64,13.77,13.17,13.48,37875143,19.79,19.98,19.11,19.56,26110500,2026-02-03T03:45:46Z
MS,2009-01-28,16.08,16.37,14.52,14.73,88029028,23,23.42,20.77,21.07,61525400,2026-02-03T03:45:46Z
MS,2009-01-29,14.94,15.87,14.87,15.2,57559128,21.38,22.71,21.27,21.75,40229200,2026-02-03T03:45:46Z
MS,2009-01-30,14.14,15.57,13.94,14.68,60565376,20.23,22.27,19.95,21,42330500,2026-02-03T03:45:46Z
MS,2009-02-02,14.54,14.96,13.48,13.7,44731531,20.8,21.4,19.28,19.6,31263900,2026-02-03T03:45:46Z
MS,2009-02-03,14.64,15.15,14.22,14.8,40711340,20.94,21.68,20.35,21.17,28454000,2026-02-03T03:45:46Z
MS,2009-02-04,15.38,16.27,14.66,14.81,59157429,22.01,23.28,20.98,21.19,41346500,2026-02-03T03:45:46Z
MS,2009-02-05,16.21,17.08,15.04,15.15,78443521,23.19,24.44,21.52,21.68,54825900,2026-02-03T03:45:46Z
MS,2009-02-06,15.98,17.02,15.56,16.61,67221578,22.87,24.35,22.26,23.76,46982500,2026-02-03T03:45:46Z
MS,2009-02-09,16.5,16.74,15.1,15.9,56747561,23.61,23.95,21.61,22.75,39662000,2026-02-03T03:45:46Z
MS,2009-02-10,14.53,16.75,14.34,16.27,64843238,20.79,23.96,20.51,23.28,45320400,2026-02-03T03:45:46Z
MS,2009-02-11,16.01,16.11,14.72,15.38,55199587,22.91,23.05,21.06,22,38580200,2026-02-03T03:45:46Z
MS,2009-02-12,16.07,16.26,15.21,15.67,67392718,22.99,23.26,21.76,22.42,47102200,2026-02-03T03:45:46Z
MS,2009-02-13,16.03,16.41,15.52,15.96,51586810,22.93,23.48,22.2,22.84,36055200,2026-02-03T03:45:46Z
MS,2009-02-17,13.81,15.42,13.72,15.15,65756257,19.76,22.06,19.63,21.67,45958500,2026-02-03T03:45:46Z
MS,2009-02-18,14.1,14.37,13.15,14.24,65213639,20.18,20.56,18.82,20.38,45579100,2026-02-03T03:45:46Z
MS,2009-02-19,13.93,14.77,13.89,14.51,50396669,19.93,21.13,19.87,20.76,35223300,2026-02-03T03:45:46Z
MS,2009-02-20,13.58,14.03,12.66,13.38,80077639,19.43,20.07,18.11,19.15,55967800,2026-02-03T03:45:46Z
MS,2009-02-23,13.15,14.29,13.13,14.15,50664210,18.82,20.44,18.78,20.25,35410300,2026-02-03T03:45:46Z
MS,2009-02-24,15.43,15.45,13.2,13.39,70193416,22.07,22.1,18.89,19.16,49059700,2026-02-03T03:45:46Z
MS,2009-02-25,15.21,16.02,14.82,15.34,76627221,21.76,22.92,21.2,21.95,53556300,2026-02-03T03:45:46Z
MS,2009-02-26,14.91,15.94,14.79,15.69,54090895,21.33,22.8,21.16,22.45,37805300,2026-02-03T03:45:46Z
MS,2009-02-27,13.66,14.48,13.53,14.2,73645609,19.54,20.72,19.36,20.31,51472400,2026-02-03T03:45:46Z
MS,2009-03-02,12.55,13.32,12.29,13.18,63831700,17.95,19.06,17.58,18.86,44613200,2026-02-03T03:45:46Z
MS,2009-03-03,12.71,13.03,11.72,12.92,60869176,18.18,18.64,16.77,18.49,42542800,2026-02-03T03:45:46Z
MS,2009-03-04,13.56,14.16,12.92,13.18,66197303,19.4,20.26,18.49,18.85,46266800,2026-02-03T03:45:46Z
MS,2009-03-05,12.57,13.28,12.11,13.18,66570038,17.98,19,17.33,18.86,46527200,2026-02-03T03:45:46Z
MS,2009-03-06,12.01,13.52,11.67,12.94,79484132,17.18,19.34,16.7,18.51,55553300,2026-02-03T03:45:46Z
MS,2009-03-09,11.52,12.43,11.27,11.64,63706437,16.48,17.79,16.12,16.66,44525700,2026-02-03T03:45:46Z
MS,2009-03-10,14.57,14.62,12.24,12.44,89282562,20.84,20.92,17.51,17.8,62401400,2026-02-03T03:45:46Z
MS,2009-03-11,15.73,16.66,15.23,15.73,101824454,22.51,23.83,21.79,22.5,71167200,2026-02-03T03:45:46Z
MS,2009-03-12,16.9,17.06,15.31,15.72,80239870,24.18,24.41,21.9,22.49,56081300,2026-02-03T03:45:46Z
MS,2009-03-13,17.77,18.06,16.6,17.27,96051847,25.43,25.84,23.75,24.71,67132800,2026-02-03T03:45:46Z
MS,2009-03-16,16.1,18.35,16.02,18.11,87854353,23.04,26.25,22.92,25.91,61403100,2026-02-03T03:45:46Z
MS,2009-03-17,16.64,16.74,15.22,15.62,86675935,23.81,23.95,21.77,22.35,60579600,2026-02-03T03:45:46Z
MS,2009-03-18,16.91,17.3,15.45,15.91,93962115,24.19,24.75,22.1,22.77,65672100,2026-02-03T03:45:46Z
MS,2009-03-19,14.71,17.33,14.68,17.1,94864211,21.04,24.8,21.01,24.46,66302600,2026-02-03T03:45:46Z
MS,2009-03-20,14.15,15.44,13.99,15.06,82399788,20.24,22.09,20.01,21.54,57591100,2026-02-03T03:45:46Z
MS,2009-03-23,17.07,17.26,14.93,15.47,92624272,24.43,24.69,21.36,22.13,64736900,2026-02-03T03:45:46Z
MS,2009-03-24,17.56,19.06,16.46,16.64,117916878,25.12,27.27,23.55,23.81,82414600,2026-02-03T03:45:46Z
MS,2009-03-25,18.11,18.7,16.68,18,106687852,25.91,26.75,23.86,25.75,74566200,2026-02-03T03:45:46Z
MS,2009-03-26,17.93,18.51,17.49,18.42,77960843,25.65,26.48,25.03,26.36,54488400,2026-02-03T03:45:46Z
MS,2009-03-27,17.02,18.09,16.93,17.55,65138791,24.35,25.88,24.22,25.11,45526800,2026-02-03T03:45:46Z
MS,2009-03-30,15.47,16.24,15.24,15.89,63869252,22.13,23.23,21.8,22.74,44639500,2026-02-03T03:45:46Z
MS,2009-03-31,15.91,16.19,15.15,15.87,77954029,22.77,23.16,21.67,22.7,54483600,2026-02-03T03:45:46Z
MS,2009-04-01,16.59,16.91,15.38,15.51,66215903,23.73,24.2,22.01,22.19,46279700,2026-02-03T03:45:46Z
MS,2009-04-02,16.15,17.47,16.04,17.44,96985862,23.11,25,22.95,24.95,67785600,2026-02-03T03:45:46Z
MS,2009-04-03,16.82,16.89,15.43,15.8,75314123,24.06,24.16,22.07,22.6,52638500,2026-02-03T03:45:46Z
MS,2009-04-06,16.29,16.43,15.83,16.13,50381639,23.31,23.5,22.65,23.08,35212900,2026-02-03T03:45:46Z
MS,2009-04-07,16.3,17.1,15.66,15.66,65047558,23.32,24.47,22.4,22.41,45463000,2026-02-03T03:45:46Z
MS,2009-04-08,15.86,16.62,15.46,16.61,53902719,22.69,23.78,22.12,23.77,37673700,2026-02-03T03:45:46Z
MS,2009-04-09,17.72,17.73,16.25,16.84,76104090,25.35,25.37,23.25,24.1,53190900,2026-02-03T03:45:46Z
MS,2009-04-13,18.79,19.12,17.12,17.17,64565897,26.89,27.35,24.5,24.57,45126500,2026-02-03T03:45:46Z
MS,2009-04-14,16.54,18.15,16.47,17.85,69006917,23.67,25.97,23.56,25.54,48230500,2026-02-03T03:45:46Z
MS,2009-04-15,16.39,16.59,15.39,16.38,74976845,23.45,23.73,22.02,23.43,52402900,2026-02-03T03:45:46Z
MS,2009-04-16,16.75,17.05,16.21,16.48,57306458,23.97,24.39,23.19,23.58,40052600,2026-02-03T03:45:46Z
MS,2009-04-17,17.47,18.1,16.47,16.68,73848654,25,25.89,23.57,23.87,51614300,2026-02-03T03:45:46Z
MS,2009-04-20,16.44,17.61,16.43,16.9,64922875,23.52,25.2,23.51,24.18,45375900,2026-02-03T03:45:46Z
MS,2009-04-21,17.23,17.55,15.82,16.12,71821581,24.65,25.11,22.63,23.06,50197600,2026-02-03T03:45:46Z
MS,2009-04-22,15.68,17.16,15.56,15.83,148813276,22.44,24.55,22.26,22.65,104008800,2026-02-03T03:45:46Z
MS,2009-04-23,15.35,16.05,14.79,15.87,89233570,21.96,22.96,21.16,22.71,62367200,2026-02-03T03:45:46Z
MS,2009-04-24,15.35,15.82,14.9,15.62,77020026,21.96,22.63,21.32,22.35,53830900,2026-02-03T03:45:46Z
MS,2009-04-27,14.86,15.57,14.79,15.1,47722434,21.26,22.28,21.16,21.6,33354300,2026-02-03T03:45:46Z
MS,2009-04-28,14.78,15.27,14.51,14.63,39474864,21.08,21.78,20.69,20.87,27676600,2026-02-03T03:45:46Z
MS,2009-04-29,16.17,16.3,14.91,15.04,67217334,23.07,23.25,21.26,21.45,47127600,2026-02-03T03:45:46Z
MS,2009-04-30,16.57,17.15,16.46,16.67,69885802,23.64,24.46,23.48,23.78,48998400,2026-02-03T03:45:46Z
MS,2009-05-01,18.1,18.57,16.61,16.65,84952875,25.82,26.48,23.69,23.74,59562100,2026-02-03T03:45:46Z
MS,2009-05-04,18.94,19.09,17.99,18.4,64612349,27.02,27.23,25.66,26.24,45301100,2026-02-03T03:45:46Z
MS,2009-05-05,19.08,19.48,18.62,18.81,37277308,27.21,27.78,26.56,26.83,26135900,2026-02-03T03:45:46Z
MS,2009-05-06,19.99,20.37,18.8,19.3,65502258,28.51,29.05,26.82,27.52,45925100,2026-02-03T03:45:46Z
MS,2009-05-07,19.03,20.32,18.38,20.15,60116657,27.14,28.98,26.21,28.74,42149000,2026-02-03T03:45:46Z
MS,2009-05-08,19.77,19.77,17.34,17.52,214046787,28.2,28.2,24.73,24.99,150072608,2026-02-03T03:45:46Z
MS,2009-05-11,18.28,19.59,18.24,19.39,69092870,26.07,27.94,26.02,27.66,48442400,2026-02-03T03:45:46Z
MS,2009-05-12,18.52,18.99,17.56,18.67,59593193,26.42,27.08,25.04,26.63,41782000,2026-02-03T03:45:46Z
MS,2009-05-13,17.6,18.47,17.45,17.98,45724443,25.1,26.35,24.89,25.64,32058300,2026-02-03T03:45:46Z
MS,2009-05-14,18.63,18.77,17.42,17.68,44994480,26.57,26.77,24.85,25.22,31546600,2026-02-03T03:45:46Z
MS,2009-05-15,18.32,18.99,18.21,18.64,40938992,26.13,27.08,25.97,26.59,28703200,2026-02-03T03:45:46Z
MS,2009-05-18,19.83,19.85,18.71,18.9,51334226,28.28,28.31,26.69,26.96,35991500,2026-02-03T03:45:46Z
MS,2009-05-19,20.27,20.94,18.97,19.98,59760606,28.91,29.86,27.06,28.49,41899400,2026-02-03T03:45:46Z
MS,2009-05-20,19.63,20.77,19.47,20.68,51354015,28,29.62,27.77,29.5,36005400,2026-02-03T03:45:46Z
MS,2009-05-21,19.69,20.09,19.3,19.38,40194037,28.09,28.65,27.53,27.64,28180900,2026-02-03T03:45:46Z
MS,2009-05-22,19.79,20.4,19.7,19.93,26262003,28.23,29.09,28.09,28.42,18412800,2026-02-03T03:45:46Z
MS,2009-05-26,20.35,20.38,19.6,19.67,33584270,29.02,29.06,27.95,28.06,23546600,2026-02-03T03:45:46Z
MS,2009-05-27,20.06,21.2,20.05,20.37,51289937,28.61,30.23,28.6,29.05,35960500,2026-02-03T03:45:46Z
MS,2009-05-28,20.63,20.71,19.93,20.31,30024190,29.43,29.54,28.42,28.97,21050600,2026-02-03T03:45:46Z
MS,2009-05-29,21.26,21.28,20.73,21.1,41723304,30.32,30.35,29.57,30.09,29253100,2026-02-03T03:45:46Z
MS,2009-06-01,20.96,21.95,20.8,21.5,44560227,29.89,31.3,29.67,30.67,31242100,2026-02-03T03:45:46Z
MS,2009-06-02,21.1,21.28,19.77,19.82,96468076,30.09,30.35,28.2,28.27,67635696,2026-02-03T03:45:46Z
MS,2009-06-03,20.84,21.15,20.4,20.96,39787599,29.72,30.17,29.1,29.89,27895900,2026-02-03T03:45:46Z
MS,2009-06-04,21.88,22.08,20.95,20.95,40325947,31.2,31.49,29.88,29.88,28273400,2026-02-03T03:45:46Z
MS,2009-06-05,21.71,22.43,21.69,22.28,29720712,30.97,31.99,30.94,31.78,20837800,2026-02-03T03:45:46Z
MS,2009-06-08,22.01,22.2,21.34,21.5,25483176,31.39,31.67,30.43,30.67,17866800,2026-02-03T03:45:46Z
MS,2009-06-09,21.72,22.27,21.39,22.18,41269822,30.98,31.76,30.51,31.63,28935100,2026-02-03T03:45:46Z
MS,2009-06-10,20.51,21.88,20.07,21.85,77709844,29.26,31.2,28.63,31.17,54484000,2026-02-03T03:45:46Z
MS,2009-06-11,20.68,21.14,20.33,20.74,41483484,29.49,30.15,29,29.58,29085000,2026-02-03T03:45:46Z
MS,2009-06-12,20.82,20.97,20.26,20.55,22742430,29.7,29.91,28.9,29.31,15945200,2026-02-03T03:45:46Z
MS,2009-06-15,19.91,20.65,19.74,20.54,33197182,28.4,29.45,28.15,29.3,23275200,2026-02-03T03:45:46Z
MS,2009-06-16,19.7,20.25,19.5,20.14,34918652,28.1,28.88,27.81,28.72,24482200,2026-02-03T03:45:46Z
MS,2009-06-17,19.27,19.72,18.96,19.6,34832369,27.48,28.13,27.04,27.96,24421700,2026-02-03T03:45:46Z
MS,2009-06-18,19.65,20.26,19.27,19.31,33095183,28.03,28.9,27.49,27.54,23203700,2026-02-03T03:45:46Z
MS,2009-06-19,19.82,19.89,19.38,19.82,46108425,28.27,28.37,27.64,28.27,32327600,2026-02-03T03:45:46Z
MS,2009-06-22,18.67,19.66,18.67,19.53,39501566,26.63,28.04,26.63,27.85,27695300,2026-02-03T03:45:46Z
MS,2009-06-23,19.42,19.53,18.32,18.78,45178771,27.7,27.86,26.13,26.78,31675700,2026-02-03T03:45:46Z
MS,2009-06-24,19.39,19.96,19.11,19.62,32295273,27.65,28.47,27.26,27.98,22642900,2026-02-03T03:45:46Z
MS,2009-06-25,19.54,19.91,19.01,19.22,32135467,27.87,28.39,27.12,27.41,22530800,2026-02-03T03:45:46Z
MS,2009-06-26,20.07,20.21,19.48,19.5,42916667,28.62,28.82,27.79,27.81,30089800,2026-02-03T03:45:46Z
MS,2009-06-29,20.4,20.54,19.84,20.17,26452381,29.1,29.29,28.3,28.77,18546300,2026-02-03T03:45:46Z
MS,2009-06-30,19.99,20.46,19.77,20.24,25237960,28.51,29.18,28.2,28.87,17694900,2026-02-03T03:45:46Z
MS,2009-07-01,19.88,20.27,19.58,20.04,18700758,28.36,28.91,27.93,28.58,13111500,2026-02-03T03:45:46Z
MS,2009-07-02,18.92,19.67,18.87,19.55,28426267,26.99,28.05,26.91,27.88,19930300,2026-02-03T03:45:46Z
MS,2009-07-06,18.83,18.85,18.4,18.65,32411807,26.85,26.88,26.25,26.6,22724600,2026-02-03T03:45:46Z
MS,2009-07-07,18.33,19.16,18.31,18.86,28423219,26.15,27.32,26.12,26.9,19928100,2026-02-03T03:45:46Z
MS,2009-07-08,17.88,18.51,17.42,18.47,47523998,25.5,26.4,24.85,26.34,33320100,2026-02-03T03:45:46Z
MS,2009-07-09,18.15,18.57,18.03,18.21,29384674,25.88,26.49,25.71,25.97,20602200,2026-02-03T03:45:46Z
MS,2009-07-10,18.19,18.33,17.77,17.98,24351546,25.94,26.15,25.34,25.65,17073400,2026-02-03T03:45:46Z
MS,2009-07-13,19.57,19.59,18.44,18.71,45306699,27.91,27.94,26.3,26.69,31765500,2026-02-03T03:45:46Z
MS,2009-07-14,19.55,19.88,19.14,19.61,31043514,27.88,28.36,27.3,27.97,21765200,2026-02-03T03:45:46Z
MS,2009-07-15,20.19,20.56,19.6,19.95,45074209,28.8,29.33,27.95,28.46,31602500,2026-02-03T03:45:46Z
MS,2009-07-16,20.02,20.13,19.58,20,31094513,28.56,28.71,27.92,28.52,21801000,2026-02-03T03:45:46Z
MS,2009-07-17,19.62,20.04,19.3,20.02,31510644,27.99,28.58,27.52,28.55,22092800,2026-02-03T03:45:46Z
MS,2009-07-20,19.87,20.19,19.67,19.95,28032919,28.34,28.8,28.06,28.45,19654500,2026-02-03T03:45:46Z
MS,2009-07-21,19.32,19.91,19.02,19.91,36204439,27.56,28.4,27.13,28.39,25383700,2026-02-03T03:45:46Z
MS,2009-07-22,19.31,19.62,18.15,18.47,72464706,27.54,27.99,25.88,26.35,50806600,2026-02-03T03:45:46Z
MS,2009-07-23,20.01,20.1,19.04,19.32,44642922,28.54,28.67,27.16,27.56,31300100,2026-02-03T03:45:46Z
MS,2009-07-24,19.81,19.91,19.31,19.82,21025153,28.25,28.39,27.54,28.27,14741200,2026-02-03T03:45:46Z
MS,2009-07-27,19.67,20.11,19.51,19.86,22300336,28.05,28.68,27.82,28.33,15635200,2026-02-03T03:45:46Z
MS,2009-07-28,19.23,19.58,19.17,19.38,27008386,27.43,27.92,27.34,27.64,18936100,2026-02-03T03:45:46Z
MS,2009-07-29,19.08,19.11,18.57,18.87,32238297,27.16,27.2,26.44,26.86,22644200,2026-02-03T03:45:46Z
MS,2009-07-30,19.92,20.13,19.27,19.32,34702246,28.36,28.66,27.43,27.51,24374900,2026-02-03T03:45:46Z
MS,2009-07-31,20.02,20.25,19.8,19.95,29684366,28.5,28.83,28.19,28.4,20850300,2026-02-03T03:45:46Z
MS,2009-08-03,20.59,20.62,20.21,20.32,25028261,29.31,29.35,28.77,28.93,17579900,2026-02-03T03:45:46Z
MS,2009-08-04,21.12,21.14,20.4,20.5,29868832,30.07,30.1,29.04,29.18,20979900,2026-02-03T03:45:46Z
MS,2009-08-05,21.81,21.96,20.74,21.02,39391368,31.05,31.27,29.52,29.93,27668600,2026-02-03T03:45:46Z
MS,2009-08-06,21.46,22.48,21.23,22.25,36702309,30.55,32,30.23,31.68,25779800,2026-02-03T03:45:46Z
MS,2009-08-07,21.93,22.42,21.46,21.73,30831900,31.22,31.92,30.55,30.93,21656400,2026-02-03T03:45:46Z
MS,2009-08-10,21.66,22.03,21.34,21.89,20080857,30.83,31.36,30.38,31.17,14104800,2026-02-03T03:45:46Z
MS,2009-08-11,20.99,21.6,21,21.46,24669911,29.89,30.75,29.89,30.55,17328200,2026-02-03T03:45:46Z
MS,2009-08-12,21.06,21.23,20.8,20.91,25338068,29.98,30.23,29.61,29.77,17797500,2026-02-03T03:45:46Z
MS,2009-08-13,20.99,21.37,20.59,21.37,25431249,29.88,30.43,29.31,30.42,17862900,2026-02-03T03:45:46Z
MS,2009-08-14,20.92,21.02,20.55,20.98,17723089,29.79,29.92,29.26,29.87,12448700,2026-02-03T03:45:46Z
MS,2009-08-17,20.05,20.51,20.03,20.31,24954153,28.54,29.2,28.51,28.92,17527800,2026-02-03T03:45:46Z
MS,2009-08-18,20.22,20.4,20.03,20.26,17185341,28.78,29.04,28.51,28.85,12071000,2026-02-03T03:45:46Z
MS,2009-08-19,20.25,20.37,19.74,19.84,18110043,28.83,29,28.1,28.25,12720500,2026-02-03T03:45:46Z
MS,2009-08-20,20.62,20.69,20.17,20.23,18165971,29.36,29.45,28.72,28.8,12759800,2026-02-03T03:45:46Z
MS,2009-08-21,20.85,21.04,20.37,20.97,34585349,29.69,29.95,29,29.86,24292800,2026-02-03T03:45:46Z
MS,2009-08-24,20.83,21.42,20.76,21.02,23183753,29.65,30.49,29.55,29.92,16284300,2026-02-03T03:45:46Z
MS,2009-08-25,21.21,21.46,21.02,21.02,21794232,30.19,30.55,29.92,29.93,15308300,2026-02-03T03:45:46Z
MS,2009-08-26,20.74,21.14,20.62,21.14,21551508,29.53,30.1,29.36,30.1,15137800,2026-02-03T03:45:46Z
MS,2009-08-27,20.96,20.96,20.51,20.78,19974151,29.84,29.84,29.2,29.58,14029900,2026-02-03T03:45:46Z
MS,2009-08-28,20.73,21.21,20.59,21.16,20255905,29.51,30.2,29.31,30.13,14227800,2026-02-03T03:45:46Z
MS,2009-08-31,20.34,20.36,19.82,20.12,27831013,28.96,28.99,28.21,28.64,19548500,2026-02-03T03:45:46Z
MS,2009-09-01,19.28,20.25,19.27,20.25,43612857,27.45,28.83,27.43,28.83,30633700,2026-02-03T03:45:46Z
MS,2009-09-02,19.03,19.65,18.97,19.27,29469985,27.09,27.97,27.01,27.43,20699700,2026-02-03T03:45:46Z
MS,2009-09-03,19.42,19.44,19.1,19.27,18619693,27.65,27.68,27.19,27.44,13078500,2026-02-03T03:45:46Z
MS,2009-09-04,19.42,19.7,19.22,19.51,25467344,27.65,28.05,27.36,27.77,17888300,2026-02-03T03:45:46Z
MS,2009-09-08,19.53,19.81,19.46,19.79,20736674,27.8,28.2,27.71,28.17,14565500,2026-02-03T03:45:46Z
MS,2009-09-09,20.05,20.26,19.6,19.99,36762094,28.55,28.85,27.9,28.46,25821800,2026-02-03T03:45:46Z
MS,2009-09-10,20.12,20.2,19.75,20.08,33035771,28.64,28.76,28.12,28.59,23204400,2026-02-03T03:45:46Z
MS,2009-09-11,20.24,20.64,20.03,20.33,32704533,28.82,29.39,28.51,28.95,22971700,2026-02-03T03:45:46Z
MS,2009-09-14,20.19,20.22,19.65,20.05,29143223,28.75,28.78,27.97,28.54,20470200,2026-02-03T03:45:46Z
MS,2009-09-15,20.19,20.74,20.04,20.26,33008502,28.74,29.53,28.53,28.85,23185200,2026-02-03T03:45:46Z
MS,2009-09-16,21.18,21.2,20.12,20.26,49465023,30.15,30.18,28.65,28.85,34744300,2026-02-03T03:45:46Z
MS,2009-09-17,21.81,21.92,21.07,21.11,48010641,31.05,31.2,29.99,30.05,33722800,2026-02-03T03:45:46Z
MS,2009-09-18,22.04,22.15,21.67,21.73,35491191,31.38,31.54,30.85,30.94,24929000,2026-02-03T03:45:46Z
MS,2009-09-21,22.2,22.44,21.7,21.73,30778425,31.61,31.94,30.9,30.94,21618800,2026-02-03T03:45:46Z
MS,2009-09-22,23.17,23.17,22.37,22.44,36012596,32.98,32.98,31.85,31.94,25295300,2026-02-03T03:45:46Z
MS,2009-09-23,22.5,23.41,22.41,23.29,30801782,32.03,33.33,31.9,33.15,21635200,2026-02-03T03:45:46Z
MS,2009-09-24,21.58,22.62,21.52,22.41,31319973,30.73,32.21,30.64,31.9,21999200,2026-02-03T03:45:46Z
MS,2009-09-25,21.46,21.73,21.07,21.61,24395978,30.55,30.93,30,30.76,17135800,2026-02-03T03:45:46Z
MS,2009-09-28,21.95,21.96,21.56,21.68,21946040,31.25,31.27,30.7,30.86,15414900,2026-02-03T03:45:46Z
MS,2009-09-29,21.84,22.16,21.75,21.91,17914225,31.09,31.55,30.96,31.19,12583000,2026-02-03T03:45:46Z
MS,2009-09-30,21.69,22.01,21.47,21.74,22700610,30.88,31.34,30.56,30.95,15944900,2026-02-03T03:45:46Z
MS,2009-10-01,20.98,21.7,20.9,21.54,27033870,29.87,30.89,29.75,30.67,18988600,2026-02-03T03:45:46Z
MS,2009-10-02,20.69,21,20.19,20.57,28285738,29.46,29.9,28.75,29.28,19867900,2026-02-03T03:45:46Z
MS,2009-10-05,20.96,21.04,20.64,21,22741509,29.84,29.96,29.38,29.9,15973700,2026-02-03T03:45:46Z
MS,2009-10-06,21.63,21.91,21.07,21.11,27694328,30.79,31.19,30,30.05,19452500,2026-02-03T03:45:46Z
MS,2009-10-07,21.89,21.9,21.44,21.44,15272197,31.16,31.18,30.52,30.53,10727200,2026-02-03T03:45:46Z
MS,2009-10-08,22.43,22.55,22.05,22.19,26965350,31.94,32.1,31.39,31.59,18940500,2026-02-03T03:45:46Z
MS,2009-10-09,22.54,22.65,22.37,22.44,16565143,32.09,32.24,31.85,31.95,11635400,2026-02-03T03:45:46Z
MS,2009-10-12,22.31,22.6,22.09,22.41,15856723,31.76,32.17,31.45,31.9,11137800,2026-02-03T03:45:46Z
MS,2009-10-13,21.87,22.11,21.79,22.06,20190002,31.14,31.48,31.02,31.4,14181500,2026-02-03T03:45:46Z
MS,2009-10-14,23.06,23.14,22.29,22.52,33654745,32.83,32.95,31.74,32.06,23639100,2026-02-03T03:45:46Z
MS,2009-10-15,22.98,23,22.41,22.47,23750430,32.71,32.74,31.91,31.99,16682300,2026-02-03T03:45:46Z
MS,2009-10-16,23.17,23.22,22.27,22.29,40740281,32.99,33.06,31.7,31.73,28616000,2026-02-03T03:45:46Z
MS,2009-10-19,23.26,23.52,22.88,23.27,25175929,33.11,33.49,32.57,33.13,17683600,2026-02-03T03:45:46Z
MS,2009-10-20,22.84,23.58,22.6,23.21,22021305,32.52,33.57,32.18,33.04,15467800,2026-02-03T03:45:46Z
MS,2009-10-21,23.94,24.58,23.59,23.66,69556642,34.08,35,33.58,33.69,48856600,2026-02-03T03:45:46Z
MS,2009-10-22,25.1,25.1,23.65,23.99,41732309,35.74,35.74,33.67,34.15,29312800,2026-02-03T03:45:46Z
MS,2009-10-23,24.58,25.13,24.42,25.07,38785450,35,35.77,34.76,35.69,27242900,2026-02-03T03:45:46Z
MS,2009-10-26,24.44,25.13,24.28,24.61,33965862,34.8,35.78,34.56,35.03,23857700,2026-02-03T03:45:46Z
MS,2009-10-27,23.96,24.58,23.73,24.37,23419809,34.11,35,33.78,34.7,16450100,2026-02-03T03:45:46Z
MS,2009-10-28,22.73,24.06,22.62,23.92,36353886,32.31,34.2,32.15,34.01,25572500,2026-02-03T03:45:46Z
MS,2009-10-29,23.68,23.76,23.02,23.26,24964695,33.67,33.78,32.73,33.06,17561000,2026-02-03T03:45:46Z
MS,2009-10-30,22.59,23.55,22.3,23.31,30790230,32.12,33.48,31.7,33.14,21658800,2026-02-03T03:45:46Z
MS,2009-11-02,22.5,22.93,21.75,22.6,29193664,31.98,32.6,30.92,32.13,20535800,2026-02-03T03:45:46Z
MS,2009-11-03,22.61,22.72,21.98,22.05,20849639,32.14,32.3,31.25,31.34,14666300,2026-02-03T03:45:46Z
MS,2009-11-04,22.14,23.09,22.02,23.03,28452553,31.48,32.82,31.3,32.74,20014400,2026-02-03T03:45:46Z
MS,2009-11-05,22.81,22.84,21.98,22.36,21110465,32.42,32.47,31.25,31.79,14849800,2026-02-03T03:45:46Z
MS,2009-11-06,22.93,22.95,22.38,22.46,18744085,32.6,32.62,31.81,31.93,13185200,2026-02-03T03:45:46Z
MS,2009-11-09,23.88,23.96,23.09,23.12,21728768,33.95,34.06,32.82,32.86,15284700,2026-02-03T03:45:46Z
MS,2009-11-10,23.71,23.88,23.5,23.78,14455245,33.7,33.95,33.4,33.81,10168300,2026-02-03T03:45:46Z
MS,2009-11-11,23.74,24.23,23.5,23.91,18377064,33.75,34.45,33.4,33.99,12927000,2026-02-03T03:45:46Z
MS,2009-11-12,23.22,23.74,23.17,23.66,18072526,33.01,33.75,32.94,33.64,12712800,2026-02-03T03:45:46Z
MS,2009-11-13,23.28,23.35,23,23.31,14713553,33.09,33.2,32.7,33.13,10350000,2026-02-03T03:45:46Z
MS,2009-11-16,24.08,24.3,23.38,23.45,32325481,34.23,34.55,33.23,33.33,22738800,2026-02-03T03:45:46Z
MS,2009-11-17,23.54,24.01,23.38,23.99,20260780,33.47,34.13,33.24,34.1,14252100,2026-02-03T03:45:46Z
MS,2009-11-18,23.45,23.68,23.12,23.54,15522175,33.33,33.66,32.87,33.46,10918800,2026-02-03T03:45:46Z
MS,2009-11-19,22.73,23.28,22.63,23.22,17220846,32.31,33.09,32.17,33.01,12113700,2026-02-03T03:45:46Z
MS,2009-11-20,22.58,23.07,22.55,22.81,16905233,32.1,32.8,32.06,32.42,11891700,2026-02-03T03:45:46Z
MS,2009-11-23,22.95,23.23,22.81,22.9,13554374,32.62,33.03,32.43,32.55,9534600,2026-02-03T03:45:46Z
MS,2009-11-24,22.59,22.97,22.52,22.96,13774487,32.12,32.65,32.02,32.64,9689400,2026-02-03T03:45:46Z
MS,2009-11-25,22.1,22.64,22,22.64,21350212,31.42,32.19,31.27,32.19,15018400,2026-02-03T03:45:46Z
MS,2009-11-27,21.46,21.78,21.1,21.34,15965018,30.51,30.96,29.99,30.34,11230300,2026-02-03T03:45:46Z
MS,2009-11-30,22.21,22.28,21.48,21.6,21768256,31.58,31.67,30.53,30.7,15312500,2026-02-03T03:45:46Z
MS,2009-12-01,22.17,22.49,22.09,22.35,16771043,31.52,31.97,31.4,31.77,11797300,2026-02-03T03:45:46Z
MS,2009-12-02,21.53,22.1,21.47,22.05,24509143,30.6,31.42,30.52,31.35,17240500,2026-02-03T03:45:46Z
MS,2009-12-03,21.24,22.02,21.22,21.74,20943691,30.2,31.3,30.16,30.91,14732500,2026-02-03T03:45:46Z
MS,2009-12-04,21.79,21.83,21.29,21.7,23205216,30.97,31.04,30.26,30.85,16323300,2026-02-03T03:45:46Z
MS,2009-12-07,21.37,21.93,21.26,21.66,14775817,30.38,31.18,30.22,30.79,10393800,2026-02-03T03:45:46Z
MS,2009-12-08,21.21,21.51,21.04,21.17,19927844,30.15,30.58,29.91,30.09,14017900,2026-02-03T03:45:46Z
MS,2009-12-09,21.35,21.48,20.98,21.32,16652325,30.35,30.53,29.83,30.31,11713800,2026-02-03T03:45:46Z
MS,2009-12-10,21.26,21.43,21.04,21.41,16969618,30.23,30.47,29.91,30.43,11937000,2026-02-03T03:45:46Z
MS,2009-12-11,20.95,21.35,20.88,21.24,15420542,29.78,30.35,29.68,30.2,10847300,2026-02-03T03:45:46Z
MS,2009-12-14,21.22,21.34,20.8,21.1,20518487,30.17,30.33,29.57,29.99,14433400,2026-02-03T03:45:46Z
MS,2009-12-15,21,21.2,20.84,21.07,22397842,29.85,30.14,29.63,29.95,15755400,2026-02-03T03:45:46Z
MS,2009-12-16,21.34,21.42,21.08,21.17,18579217,30.34,30.45,29.96,30.09,13069200,2026-02-03T03:45:46Z
MS,2009-12-17,20.48,21.24,20.43,21.1,33096352,29.12,30.2,29.05,29.99,23281100,2026-02-03T03:45:46Z
MS,2009-12-18,20.55,20.65,20.27,20.57,28194551,29.21,29.35,28.81,29.24,19833000,2026-02-03T03:45:46Z
MS,2009-12-21,20.86,20.95,20.64,20.69,13635997,29.66,29.78,29.34,29.41,9592000,2026-02-03T03:45:46Z
