ticker,tradeDate,clsPx,hiPx,loPx,open,stockVolume,unadjClsPx,unadjHiPx,unadjLoPx,unadjOpen,unadjStockVolume,updatedAt
MSFT,2006-01-03,18.67,18.78,18.16,18.26,114956457,26.84,27,26.1,26.25,79974400,2026-02-21T03:46:12Z
MSFT,2006-01-04,18.76,18.84,18.62,18.62,83334770,26.97,27.08,26.77,26.77,57975600,2026-02-21T03:46:12Z
MSFT,2006-01-05,18.78,18.87,18.72,18.76,69351686,26.99,27.13,26.91,26.96,48247600,2026-02-21T03:46:12Z
MSFT,2006-01-06,18.72,18.78,18.43,18.71,145134406,26.91,27,26.49,26.89,100969000,2026-02-21T03:46:12Z
MSFT,2006-01-09,18.69,18.83,18.62,18.74,79960327,26.86,27.07,26.76,26.93,55627800,2026-02-21T03:46:12Z
MSFT,2006-01-10,18.78,18.8,18.5,18.54,93324116,27,27.02,26.59,26.65,64924900,2026-02-21T03:46:12Z
MSFT,2006-01-11,18.99,19.06,18.71,18.79,100796423,27.29,27.39,26.9,27.01,70123504,2026-02-21T03:46:12Z
MSFT,2006-01-12,18.88,18.97,18.76,18.85,66113532,27.14,27.26,26.97,27.1,45994700,2026-02-21T03:46:12Z
MSFT,2006-01-13,18.92,18.96,18.79,18.81,59579418,27.19,27.25,27.01,27.03,41449000,2026-02-21T03:46:12Z
MSFT,2006-01-17,18.78,18.92,18.71,18.71,84196128,26.99,27.19,26.9,26.9,58574800,2026-02-21T03:46:12Z
MSFT,2006-01-18,18.67,18.77,18.58,18.6,75457620,26.83,26.98,26.7,26.74,52495500,2026-02-21T03:46:12Z
MSFT,2006-01-19,18.8,18.95,18.68,18.69,86794720,27.02,27.24,26.85,26.87,60382400,2026-02-21T03:46:12Z
MSFT,2006-01-20,18.37,18.79,18.27,18.79,113883839,26.41,27.01,26.26,27.01,79228400,2026-02-21T03:46:12Z
MSFT,2006-01-23,18.33,18.46,18.3,18.37,68955174,26.35,26.53,26.3,26.41,47971600,2026-02-21T03:46:12Z
MSFT,2006-01-24,18.28,18.4,18.24,18.33,90645935,26.28,26.45,26.22,26.34,63061700,2026-02-21T03:46:12Z
MSFT,2006-01-25,18.37,18.49,18.25,18.37,84911995,26.4,26.57,26.23,26.41,59072700,2026-02-21T03:46:12Z
MSFT,2006-01-26,18.44,18.59,18.3,18.48,99945180,26.5,26.72,26.31,26.56,69531296,2026-02-21T03:46:12Z
MSFT,2006-01-27,19.33,19.45,18.92,18.94,193368727,27.79,27.95,27.19,27.23,134525200,2026-02-21T03:46:12Z
MSFT,2006-01-30,19.48,19.61,19.33,19.35,149490674,28,28.18,27.78,27.82,103999600,2026-02-21T03:46:12Z
MSFT,2006-01-31,19.58,19.74,19.39,19.42,136330533,28.15,28.38,27.87,27.91,94844400,2026-02-21T03:46:12Z
MSFT,2006-02-01,19.51,19.53,19.31,19.45,98373148,28.04,28.07,27.76,27.96,68437400,2026-02-21T03:46:12Z
MSFT,2006-02-02,19.26,19.47,19.17,19.46,79170767,27.68,27.99,27.55,27.97,55078600,2026-02-21T03:46:12Z
MSFT,2006-02-03,19.16,19.27,19.02,19.12,107839871,27.54,27.7,27.34,27.48,75023504,2026-02-21T03:46:12Z
MSFT,2006-02-06,18.9,19.16,18.85,19.14,86497247,27.17,27.54,27.09,27.51,60175600,2026-02-21T03:46:12Z
MSFT,2006-02-07,18.74,18.89,18.65,18.75,103765004,26.94,27.15,26.81,26.95,72188704,2026-02-21T03:46:12Z
MSFT,2006-02-08,18.72,18.84,18.58,18.79,74452952,26.91,27.08,26.71,27.01,51796400,2026-02-21T03:46:12Z
MSFT,2006-02-09,18.55,18.81,18.54,18.76,75983992,26.66,27.03,26.65,26.96,52861600,2026-02-21T03:46:12Z
MSFT,2006-02-10,18.57,18.71,18.44,18.52,74927948,26.69,26.89,26.51,26.62,52127000,2026-02-21T03:46:12Z
MSFT,2006-02-13,18.36,18.58,18.33,18.53,67142036,26.39,26.7,26.34,26.63,46710400,2026-02-21T03:46:12Z
MSFT,2006-02-14,18.54,18.56,18.33,18.37,83994029,26.65,26.68,26.35,26.41,58434000,2026-02-21T03:46:12Z
MSFT,2006-02-15,18.76,18.8,18.5,18.57,89981159,26.88,26.93,26.5,26.6,62811400,2026-02-21T03:46:12Z
MSFT,2006-02-16,18.71,18.78,18.55,18.74,70924795,26.81,26.9,26.57,26.85,49509000,2026-02-21T03:46:12Z
MSFT,2006-02-17,18.64,18.72,18.54,18.62,59469884,26.7,26.81,26.56,26.67,41513100,2026-02-21T03:46:12Z
MSFT,2006-02-21,18.53,18.65,18.39,18.65,71937479,26.54,26.72,26.34,26.72,50216100,2026-02-21T03:46:12Z
MSFT,2006-02-22,18.65,18.75,18.48,18.52,61665911,26.72,26.86,26.47,26.53,43045900,2026-02-21T03:46:12Z
MSFT,2006-02-23,18.61,18.77,18.53,18.66,68996248,26.66,26.89,26.54,26.73,48162800,2026-02-21T03:46:12Z
MSFT,2006-02-24,18.59,18.67,18.51,18.56,64115364,26.63,26.74,26.52,26.59,44755800,2026-02-21T03:46:12Z
MSFT,2006-02-27,18.88,19.03,18.62,18.67,73719035,27.05,27.26,26.67,26.75,51459700,2026-02-21T03:46:12Z
MSFT,2006-02-28,18.76,19.06,18.76,18.81,93170567,26.87,27.3,26.87,26.95,65037700,2026-02-21T03:46:12Z
MSFT,2006-03-01,18.95,18.99,18.81,18.83,75368431,27.14,27.2,26.95,26.98,52611000,2026-02-21T03:46:12Z
MSFT,2006-03-02,18.83,18.92,18.78,18.86,59961773,26.97,27.1,26.9,27.02,41856300,2026-02-21T03:46:12Z
MSFT,2006-03-03,18.8,18.96,18.67,18.72,64800615,26.93,27.16,26.74,26.81,45234100,2026-02-21T03:46:12Z
MSFT,2006-03-06,18.78,18.95,18.73,18.79,76031788,26.91,27.15,26.83,26.92,53074200,2026-02-21T03:46:12Z
MSFT,2006-03-07,18.89,18.92,18.72,18.78,73965784,27.06,27.1,26.81,26.9,51632000,2026-02-21T03:46:12Z
MSFT,2006-03-08,19.02,19.2,18.83,18.84,82450231,27.25,27.5,26.97,26.99,57554500,2026-02-21T03:46:12Z
MSFT,2006-03-09,18.85,19.14,18.85,19.04,65015228,27,27.42,27,27.27,45384000,2026-02-21T03:46:12Z
MSFT,2006-03-10,18.97,19,18.76,18.89,59180348,27.17,27.22,26.88,27.06,41310800,2026-02-21T03:46:12Z
MSFT,2006-03-13,18.92,19.05,18.81,18.97,57793512,27.11,27.29,26.94,27.18,40342900,2026-02-21T03:46:12Z
MSFT,2006-03-14,19.01,19.11,18.84,18.88,57300192,27.23,27.38,26.99,27.04,39998400,2026-02-21T03:46:12Z
MSFT,2006-03-15,19.1,19.16,18.85,18.99,81884172,27.36,27.45,27.01,27.2,57159400,2026-02-21T03:46:12Z
MSFT,2006-03-16,19.04,19.18,19,19.09,105721204,27.27,27.48,27.22,27.34,73798600,2026-02-21T03:46:12Z
MSFT,2006-03-17,19.2,19.31,19.04,19.09,172791987,27.5,27.66,27.27,27.35,120617600,2026-02-21T03:46:12Z
MSFT,2006-03-20,19.47,19.54,19.32,19.34,96117828,27.89,27.99,27.67,27.7,67095000,2026-02-21T03:46:12Z
MSFT,2006-03-21,19.36,19.7,19.32,19.52,104862879,27.74,28.22,27.68,27.96,73199504,2026-02-21T03:46:12Z
MSFT,2006-03-22,18.95,19.2,18.71,18.9,209193977,27.15,27.5,26.8,27.08,146028192,2026-02-21T03:46:12Z
MSFT,2006-03-23,18.74,18.92,18.61,18.9,105714452,26.85,27.1,26.66,27.08,73794200,2026-02-21T03:46:12Z
MSFT,2006-03-24,18.85,18.99,18.58,18.65,99080078,27.01,27.21,26.62,26.71,69163104,2026-02-21T03:46:12Z
MSFT,2006-03-27,18.85,19.06,18.85,18.85,85825339,27.01,27.3,27,27.01,59910600,2026-02-21T03:46:12Z
MSFT,2006-03-28,18.78,18.99,18.72,18.85,83834011,26.9,27.21,26.81,27.01,58520500,2026-02-21T03:46:12Z
MSFT,2006-03-29,18.86,18.99,18.79,18.81,76974764,27.02,27.2,26.92,26.95,53732200,2026-02-21T03:46:12Z
MSFT,2006-03-30,19.01,19.12,18.85,18.87,78235663,27.23,27.39,27,27.03,54612400,2026-02-21T03:46:12Z
MSFT,2006-03-31,18.99,19.22,18.99,19.06,89345040,27.21,27.54,27.21,27.3,62367500,2026-02-21T03:46:12Z
MSFT,2006-04-03,19.24,19.36,19.15,19.32,82529575,27.56,27.73,27.44,27.67,57609900,2026-02-21T03:46:12Z
MSFT,2006-04-04,19.29,19.41,19.18,19.27,65143337,27.64,27.8,27.47,27.6,45473300,2026-02-21T03:46:12Z
MSFT,2006-04-05,19.36,19.5,19.29,19.46,59514386,27.74,27.94,27.64,27.88,41544000,2026-02-21T03:46:12Z
MSFT,2006-04-06,19.24,19.35,19.11,19.31,74329327,27.56,27.72,27.37,27.66,51885700,2026-02-21T03:46:12Z
MSFT,2006-04-07,19.02,19.35,19.01,19.27,67698022,27.25,27.72,27.23,27.61,47256700,2026-02-21T03:46:12Z
MSFT,2006-04-10,19.05,19.15,18.99,19.01,56489745,27.29,27.44,27.2,27.23,39432700,2026-02-21T03:46:12Z
MSFT,2006-04-11,18.94,19.07,18.85,19.05,61533398,27.13,27.32,27,27.29,42953400,2026-02-21T03:46:12Z
MSFT,2006-04-12,18.99,18.99,18.83,18.92,46105342,27.2,27.2,26.97,27.1,32183900,2026-02-21T03:46:12Z
MSFT,2006-04-13,18.9,18.99,18.85,18.9,40355589,27.07,27.2,27,27.08,28170200,2026-02-21T03:46:12Z
MSFT,2006-04-17,18.74,18.88,18.66,18.87,51280317,26.84,27.05,26.73,27.03,35796300,2026-02-21T03:46:12Z
MSFT,2006-04-18,19,19.2,18.72,18.81,80618953,27.22,27.5,26.82,26.94,56276000,2026-02-21T03:46:12Z
MSFT,2006-04-19,18.87,18.98,18.82,18.92,64624714,27.03,27.19,26.96,27.11,45111300,2026-02-21T03:46:12Z
MSFT,2006-04-20,18.87,18.98,18.64,18.88,65961725,27.03,27.19,26.7,27.05,46044600,2026-02-21T03:46:12Z
MSFT,2006-04-21,18.95,19.12,18.85,18.88,83845517,27.15,27.39,27,27.05,58528500,2026-02-21T03:46:12Z
MSFT,2006-04-24,18.92,19.02,18.83,18.9,60624681,27.11,27.25,26.98,27.07,42319200,2026-02-21T03:46:12Z
MSFT,2006-04-25,18.92,18.99,18.86,18.91,70513909,27.11,27.21,27.02,27.09,49222400,2026-02-21T03:46:12Z
MSFT,2006-04-26,18.92,19.01,18.85,18.9,56147708,27.1,27.23,27,27.08,39194000,2026-02-21T03:46:12Z
MSFT,2006-04-27,19.02,19.29,18.81,18.83,143724795,27.25,27.63,26.94,26.97,100327296,2026-02-21T03:46:12Z
MSFT,2006-04-28,16.86,17.1,16.75,16.91,846757139,24.15,24.5,24,24.23,591078592,2026-02-21T03:46:12Z
MSFT,2006-05-01,16.96,17.45,16.82,16.98,250692965,24.29,25,24.09,24.32,174996896,2026-02-21T03:46:12Z
MSFT,2006-05-02,16.76,17.45,16.68,17.1,272990307,24.01,25,23.9,24.49,190561104,2026-02-21T03:46:12Z
MSFT,2006-05-03,16.17,16.77,16.16,16.75,303083951,23.17,24.02,23.15,23.99,211567504,2026-02-21T03:46:12Z
MSFT,2006-05-04,16.36,16.52,16.15,16.3,245352055,23.44,23.67,23.14,23.35,171268096,2026-02-21T03:46:12Z
MSFT,2006-05-05,16.61,16.72,16.42,16.52,188536384,23.8,23.95,23.52,23.66,131607904,2026-02-21T03:46:12Z
MSFT,2006-05-08,16.56,17.45,16.41,16.65,115604227,23.73,25,23.51,23.85,80697400,2026-02-21T03:46:12Z
MSFT,2006-05-09,16.49,16.75,16.4,16.58,108869607,23.62,24,23.49,23.75,75996704,2026-02-21T03:46:12Z
MSFT,2006-05-10,16.59,16.61,16.47,16.52,111239394,23.77,23.79,23.59,23.67,77650896,2026-02-21T03:46:12Z
MSFT,2006-05-11,16.21,16.61,16.16,16.55,133121419,23.22,23.79,23.15,23.71,92925296,2026-02-21T03:46:12Z
MSFT,2006-05-12,16.17,16.31,16.09,16.15,119097910,23.17,23.37,23.05,23.14,83136200,2026-02-21T03:46:12Z
MSFT,2006-05-15,16.22,16.28,16.14,16.19,100043340,23.15,23.23,23.03,23.1,70107696,2026-02-21T03:46:12Z
MSFT,2006-05-16,16.12,16.82,16.06,16.23,116826189,23.01,24,22.91,23.16,81868704,2026-02-21T03:46:12Z
MSFT,2006-05-17,15.93,16.17,15.93,16.04,140705784,22.73,23.08,22.73,22.89,98603000,2026-02-21T03:46:12Z
MSFT,2006-05-18,16,16.22,15.95,16.01,136245953,22.83,23.14,22.76,22.84,95477200,2026-02-21T03:46:12Z
MSFT,2006-05-19,15.81,16.05,15.78,15.97,142805655,22.56,22.9,22.52,22.79,100074096,2026-02-21T03:46:12Z
MSFT,2006-05-22,16.03,16.13,15.73,15.75,126128023,22.88,23.02,22.45,22.48,88387200,2026-02-21T03:46:12Z
MSFT,2006-05-23,15.97,16.38,15.96,16.2,114164199,22.79,23.38,22.77,23.11,80003104,2026-02-21T03:46:12Z
MSFT,2006-05-24,16.47,16.5,16.1,16.11,153224050,23.5,23.54,22.98,22.99,107375504,2026-02-21T03:46:12Z
MSFT,2006-05-25,16.64,16.76,16.5,16.52,118517777,23.74,23.92,23.54,23.57,83054304,2026-02-21T03:46:12Z
MSFT,2006-05-26,16.62,16.74,16.51,16.66,66879289,23.72,23.88,23.56,23.77,46867100,2026-02-21T03:46:12Z
MSFT,2006-05-30,16.22,16.65,16.22,16.5,74924809,23.15,23.76,23.14,23.55,52505300,2026-02-21T03:46:12Z
MSFT,2006-05-31,15.87,16.36,15.87,16.3,171907531,22.65,23.35,22.65,23.26,120468096,2026-02-21T03:46:12Z
MSFT,2006-06-01,15.99,16.01,15.85,15.94,114502409,22.82,22.84,22.62,22.74,80240000,2026-02-21T03:46:12Z
MSFT,2006-06-02,15.95,16.11,15.89,16.03,105508454,22.76,22.99,22.67,22.87,73937504,2026-02-21T03:46:12Z
MSFT,2006-06-05,15.77,15.93,15.76,15.92,91233354,22.5,22.73,22.49,22.72,63933900,2026-02-21T03:46:12Z
MSFT,2006-06-06,15.51,15.81,15.4,15.8,180663296,22.13,22.56,21.98,22.55,126603904,2026-02-21T03:46:12Z
MSFT,2006-06-07,15.45,15.69,15.42,15.52,105356052,22.04,22.39,22.01,22.15,73830496,2026-02-21T03:46:12Z
MSFT,2006-06-08,15.49,15.56,15.4,15.44,148589415,22.11,22.21,21.97,22.03,104127504,2026-02-21T03:46:12Z
MSFT,2006-06-09,15.36,15.55,15.34,15.52,75025512,21.92,22.19,21.89,22.15,52575700,2026-02-21T03:46:12Z
MSFT,2006-06-12,15.21,15.49,15.21,15.39,106081008,21.71,22.1,21.7,21.96,74338800,2026-02-21T03:46:12Z
MSFT,2006-06-13,15.07,15.44,15.04,15.23,161507222,21.51,22.03,21.46,21.73,113179696,2026-02-21T03:46:12Z
MSFT,2006-06-14,15.33,15.38,15.1,15.13,122845872,21.88,21.94,21.55,21.59,86087000,2026-02-21T03:46:12Z
MSFT,2006-06-15,15.47,15.51,15.28,15.42,173599422,22.07,22.13,21.8,22.01,121654096,2026-02-21T03:46:12Z
MSFT,2006-06-16,15.49,15.61,15.27,15.4,210510882,22.1,22.28,21.79,21.97,147520496,2026-02-21T03:46:12Z
MSFT,2006-06-19,15.8,15.84,15.5,15.52,185002351,22.55,22.6,22.12,22.14,129644400,2026-02-21T03:46:12Z
MSFT,2006-06-20,15.81,15.95,15.77,15.8,129292536,22.56,22.76,22.5,22.54,90604496,2026-02-21T03:46:12Z
MSFT,2006-06-21,16.17,16.22,15.79,15.84,134719446,23.08,23.15,22.53,22.61,94407504,2026-02-21T03:46:12Z
MSFT,2006-06-22,16.03,16.24,15.96,16.16,115665301,22.88,23.17,22.78,23.06,81055200,2026-02-21T03:46:12Z
MSFT,2006-06-23,15.77,16.03,15.77,16.01,86379576,22.5,22.87,22.5,22.85,60532500,2026-02-21T03:46:12Z
MSFT,2006-06-26,15.99,16.04,15.86,15.87,76549940,22.82,22.89,22.63,22.65,53644000,2026-02-21T03:46:12Z
MSFT,2006-06-27,16.02,16.23,16.01,16.04,121235911,22.86,23.16,22.84,22.89,84959000,2026-02-21T03:46:12Z
MSFT,2006-06-28,16.23,16.29,16.06,16.09,102637962,23.16,23.25,22.91,22.96,71925904,2026-02-21T03:46:12Z
MSFT,2006-06-29,16.45,16.56,16.27,16.34,173245981,23.47,23.63,23.22,23.32,121405800,2026-02-21T03:46:12Z
MSFT,2006-06-30,16.33,16.57,16.33,16.5,104363968,23.3,23.65,23.3,23.54,73135400,2026-02-21T03:46:12Z
MSFT,2006-07-03,16.61,16.62,16.43,16.49,36690101,23.7,23.72,23.45,23.53,25711400,2026-02-21T03:46:12Z
MSFT,2006-07-05,16.36,16.48,16.33,16.45,75799348,23.35,23.52,23.3,23.48,53118300,2026-02-21T03:46:12Z
MSFT,2006-07-06,16.45,16.55,16.41,16.43,63894671,23.48,23.61,23.42,23.45,44775800,2026-02-21T03:46:12Z
MSFT,2006-07-07,16.33,16.5,16.33,16.39,90143087,23.3,23.55,23.3,23.39,63169800,2026-02-21T03:46:12Z
MSFT,2006-07-10,16.47,16.58,16.38,16.42,72157309,23.5,23.66,23.38,23.43,50566000,2026-02-21T03:46:12Z
MSFT,2006-07-11,16.19,16.38,15.94,16.38,126560469,23.1,23.37,22.74,23.37,88690400,2026-02-21T03:46:12Z
MSFT,2006-07-12,15.87,16.03,15.85,15.97,110419781,22.64,22.88,22.62,22.79,77379200,2026-02-21T03:46:12Z
MSFT,2006-07-13,15.6,15.84,15.59,15.68,104312572,22.26,22.61,22.25,22.37,73099400,2026-02-21T03:46:12Z
MSFT,2006-07-14,15.62,15.8,15.58,15.61,96321388,22.29,22.55,22.23,22.28,67499296,2026-02-21T03:46:12Z
MSFT,2006-07-17,15.75,15.84,15.6,15.61,52875248,22.48,22.61,22.26,22.27,37053600,2026-02-21T03:46:12Z
MSFT,2006-07-18,15.94,15.95,15.75,15.83,92890145,22.74,22.76,22.48,22.59,65095000,2026-02-21T03:46:12Z
MSFT,2006-07-19,16.4,16.44,15.92,15.99,117298819,23.4,23.46,22.72,22.82,82199904,2026-02-21T03:46:12Z
MSFT,2006-07-20,16.01,16.43,15.96,16.43,109670507,22.85,23.45,22.78,23.44,76854304,2026-02-21T03:46:12Z
MSFT,2006-07-21,16.73,16.92,16.12,16.88,250424581,23.87,24.15,23,24.08,175491296,2026-02-21T03:46:12Z
MSFT,2006-07-24,16.82,16.9,16.67,16.83,85029861,24,24.11,23.79,24.01,59586800,2026-02-21T03:46:12Z
MSFT,2006-07-25,16.97,17.02,16.75,16.82,85727872,24.22,24.29,23.9,24,60075700,2026-02-21T03:46:12Z
MSFT,2006-07-26,17.08,17.19,16.89,16.9,79372385,24.37,24.53,24.1,24.12,55621900,2026-02-21T03:46:12Z
MSFT,2006-07-27,16.73,17.24,16.66,17.23,121849657,23.87,24.6,23.77,24.58,85389200,2026-02-21T03:46:12Z
MSFT,2006-07-28,16.99,17.02,16.86,16.88,73784429,24.25,24.28,24.06,24.08,51706000,2026-02-21T03:46:12Z
MSFT,2006-07-31,16.86,17.11,16.83,16.87,57539169,24.06,24.42,24.01,24.07,40321900,2026-02-21T03:46:12Z
MSFT,2006-08-01,16.81,16.96,16.71,16.83,70241904,23.99,24.2,23.85,24.02,49223500,2026-02-21T03:46:12Z
MSFT,2006-08-02,17.03,17.1,16.84,16.9,66301151,24.3,24.4,24.03,24.12,46462100,2026-02-21T03:46:12Z
MSFT,2006-08-03,16.97,17.16,16.92,16.95,61595743,24.21,24.48,24.15,24.19,43164600,2026-02-21T03:46:12Z
MSFT,2006-08-04,17.02,17.16,16.92,17.1,65206482,24.29,24.49,24.15,24.4,45695000,2026-02-21T03:46:12Z
MSFT,2006-08-07,16.97,17.16,16.95,17.02,52631802,24.22,24.48,24.19,24.28,36882900,2026-02-21T03:46:12Z
MSFT,2006-08-08,17.06,17.18,16.96,17.09,83010541,24.34,24.52,24.2,24.39,58171500,2026-02-21T03:46:12Z
MSFT,2006-08-09,17.13,17.27,17.06,17.16,63369137,24.44,24.64,24.34,24.49,44407400,2026-02-21T03:46:12Z
MSFT,2006-08-10,17.14,17.24,17.06,17.08,45333958,24.46,24.6,24.34,24.37,31768800,2026-02-21T03:46:12Z
MSFT,2006-08-11,17.12,17.13,16.96,17.12,43174428,24.43,24.45,24.2,24.43,30255500,2026-02-21T03:46:12Z
MSFT,2006-08-14,17.19,17.24,17.06,17.18,68255755,24.53,24.6,24.35,24.52,47831900,2026-02-21T03:46:12Z
MSFT,2006-08-15,17.32,17.34,17.19,17.27,69660555,24.62,24.65,24.44,24.55,48996100,2026-02-21T03:46:12Z
MSFT,2006-08-16,17.37,17.39,17.21,17.31,74465673,24.7,24.73,24.47,24.61,52375600,2026-02-21T03:46:12Z
MSFT,2006-08-17,17.37,17.41,17.31,17.37,64938873,24.7,24.75,24.61,24.7,45674900,2026-02-21T03:46:12Z
MSFT,2006-08-18,18.14,18.15,17.57,17.62,182592985,25.79,25.8,24.98,25.05,128427504,2026-02-21T03:46:12Z
MSFT,2006-08-21,18.37,18.38,17.98,18.14,125681992,26.12,26.13,25.56,25.79,88398896,2026-02-21T03:46:12Z
MSFT,2006-08-22,18.02,18.46,18.02,18.29,127005832,25.62,26.25,25.62,26.01,89329904,2026-02-21T03:46:12Z
MSFT,2006-08-23,18.06,18.25,17.95,18.04,63502722,25.67,25.95,25.52,25.65,44664900,2026-02-21T03:46:12Z
MSFT,2006-08-24,18.1,18.19,17.94,18.16,51088589,25.74,25.86,25.5,25.82,35933300,2026-02-21T03:46:12Z
MSFT,2006-08-25,18.18,18.29,18.07,18.08,47084544,25.85,26,25.69,25.71,33117100,2026-02-21T03:46:12Z
MSFT,2006-08-28,18.25,18.29,18.07,18.18,48612885,25.95,26,25.69,25.84,34192000,2026-02-21T03:46:12Z
MSFT,2006-08-29,18.17,18.27,18.03,18.23,60739006,25.84,25.98,25.63,25.92,42721100,2026-02-21T03:46:12Z
MSFT,2006-08-30,18.15,18.21,18.03,18.18,43020662,25.8,25.89,25.64,25.85,30258700,2026-02-21T03:46:12Z
MSFT,2006-08-31,18.08,18.27,18.06,18.2,37564577,25.7,25.98,25.68,25.87,26421200,2026-02-21T03:46:12Z
MSFT,2006-09-01,18.17,18.27,18.03,18.21,44921111,25.84,25.97,25.64,25.89,31595500,2026-02-21T03:46:12Z
MSFT,2006-09-05,18.01,18.26,17.98,18.07,62880839,25.61,25.96,25.56,25.69,44227500,2026-02-21T03:46:12Z
MSFT,2006-09-06,18.01,18.09,17.94,17.94,71317702,25.61,25.72,25.51,25.51,50161600,2026-02-21T03:46:12Z
MSFT,2006-09-07,17.89,18.08,17.86,17.92,72889871,25.43,25.7,25.39,25.48,51267400,2026-02-21T03:46:12Z
MSFT,2006-09-08,18.01,18.14,17.91,17.96,52415745,25.6,25.79,25.46,25.53,36866900,2026-02-21T03:46:12Z
MSFT,2006-09-11,18.22,18.25,17.88,17.89,79061477,25.91,25.95,25.42,25.43,55608200,2026-02-21T03:46:12Z
MSFT,2006-09-12,18.24,18.27,18.09,18.22,74328869,25.93,25.98,25.72,25.9,52279600,2026-02-21T03:46:12Z
MSFT,2006-09-13,18.27,18.36,17.93,18.16,53950892,25.98,26.1,25.49,25.82,37946500,2026-02-21T03:46:12Z
MSFT,2006-09-14,18.52,18.64,18.27,18.28,105673444,26.33,26.5,25.98,25.99,74325800,2026-02-21T03:46:12Z
MSFT,2006-09-15,18.89,18.95,18.63,18.7,179326865,26.85,26.94,26.49,26.58,126129904,2026-02-21T03:46:12Z
MSFT,2006-09-18,18.84,19.02,18.76,18.81,69858335,26.79,27.04,26.67,26.74,49135000,2026-02-21T03:46:12Z
MSFT,2006-09-19,18.89,18.95,18.79,18.81,61169307,26.86,26.94,26.72,26.74,43023700,2026-02-21T03:46:12Z
MSFT,2006-09-20,19.12,19.15,18.98,19,100687644,27.18,27.23,26.99,27.01,70819200,2026-02-21T03:46:12Z
MSFT,2006-09-21,18.92,19.17,18.89,19.16,83167322,26.9,27.25,26.85,27.24,58496000,2026-02-21T03:46:12Z
MSFT,2006-09-22,18.75,18.89,18.63,18.87,67866314,26.66,26.85,26.48,26.83,47734000,2026-02-21T03:46:12Z
MSFT,2006-09-25,18.96,19.12,18.84,18.86,96561423,26.95,27.19,26.79,26.81,67916896,2026-02-21T03:46:12Z
MSFT,2006-09-26,19.13,19.22,18.91,18.93,77865033,27.2,27.32,26.88,26.91,54766600,2026-02-21T03:46:12Z
MSFT,2006-09-27,19.3,19.32,19.08,19.12,94149634,27.44,27.47,27.12,27.18,66220400,2026-02-21T03:46:12Z
MSFT,2006-09-28,19.27,19.36,19.17,19.32,64028353,27.4,27.52,27.26,27.47,45034600,2026-02-21T03:46:12Z
MSFT,2006-09-29,19.24,19.29,19.14,19.24,48446666,27.35,27.42,27.21,27.35,34075100,2026-02-21T03:46:12Z
MSFT,2006-10-02,19.24,19.34,19.1,19.22,75226140,27.36,27.49,27.15,27.32,52910700,2026-02-21T03:46:12Z
MSFT,2006-10-03,19.25,19.33,19.14,19.25,55998260,27.37,27.48,27.21,27.37,39386600,2026-02-21T03:46:12Z
MSFT,2006-10-04,19.65,19.67,19.25,19.27,116357846,27.94,27.96,27.37,27.39,81840704,2026-02-21T03:46:12Z
MSFT,2006-10-05,19.64,19.77,19.54,19.64,116484849,27.92,28.11,27.78,27.92,81929904,2026-02-21T03:46:12Z
MSFT,2006-10-06,19.6,19.69,19.45,19.52,51831162,27.87,28,27.65,27.76,36455700,2026-02-21T03:46:12Z
MSFT,2006-10-09,19.5,19.65,19.43,19.55,47445744,27.72,27.93,27.62,27.8,33371200,2026-02-21T03:46:12Z
MSFT,2006-10-10,19.48,19.52,19.3,19.48,49179716,27.69,27.75,27.44,27.69,34590800,2026-02-21T03:46:12Z
MSFT,2006-10-11,19.37,19.46,19.29,19.31,52923908,27.54,27.67,27.42,27.46,37224300,2026-02-21T03:46:12Z
MSFT,2006-10-12,19.85,19.9,19.37,19.4,170828477,28.22,28.29,27.54,27.58,120152600,2026-02-21T03:46:12Z
MSFT,2006-10-13,19.95,20.18,19.91,19.93,184475598,28.37,28.69,28.31,28.34,129751296,2026-02-21T03:46:12Z
MSFT,2006-10-16,20.01,20.12,19.93,20.03,70725485,28.45,28.6,28.33,28.48,49745000,2026-02-21T03:46:12Z
MSFT,2006-10-17,20,20.05,19.81,19.86,57050753,28.44,28.51,28.17,28.24,40126900,2026-02-21T03:46:12Z
MSFT,2006-10-18,20.06,20.19,19.88,20.05,57639412,28.52,28.7,28.26,28.5,40540800,2026-02-21T03:46:12Z
MSFT,2006-10-19,19.9,20.01,19.78,19.94,63624246,28.29,28.45,28.12,28.35,44750400,2026-02-21T03:46:12Z
MSFT,2006-10-20,20,20.04,19.81,20.03,69533594,28.43,28.49,28.17,28.48,48906600,2026-02-21T03:46:12Z
MSFT,2006-10-23,20.01,20.18,19.82,19.91,69147899,28.45,28.69,28.18,28.3,48635400,2026-02-21T03:46:12Z
MSFT,2006-10-24,19.89,20,19.79,20,87133300,28.28,28.43,28.13,28.43,61285400,2026-02-21T03:46:12Z
MSFT,2006-10-25,19.91,20.02,19.79,19.89,57873571,28.31,28.46,28.14,28.28,40705500,2026-02-21T03:46:12Z
MSFT,2006-10-26,19.94,19.98,19.72,19.93,99630124,28.35,28.41,28.04,28.33,70075296,2026-02-21T03:46:12Z
MSFT,2006-10-27,19.93,20.25,19.87,20.04,126562052,28.34,28.79,28.25,28.49,89017696,2026-02-21T03:46:12Z
MSFT,2006-10-30,20.07,20.29,19.92,19.94,67246759,28.53,28.84,28.32,28.35,47298300,2026-02-21T03:46:12Z
MSFT,2006-10-31,20.19,20.29,20.09,20.16,87846767,28.71,28.85,28.56,28.66,61787400,2026-02-21T03:46:12Z
MSFT,2006-11-01,20.26,20.39,20.19,20.24,94215136,28.81,28.99,28.7,28.78,66266500,2026-02-21T03:46:12Z
MSFT,2006-11-02,20.24,20.3,20.1,20.19,83421126,28.77,28.86,28.58,28.71,58674600,2026-02-21T03:46:12Z
MSFT,2006-11-03,20.21,20.35,20.12,20.29,58457650,28.73,28.93,28.61,28.85,41116300,2026-02-21T03:46:12Z
MSFT,2006-11-06,20.28,20.43,20.23,20.24,85924422,28.84,29.05,28.76,28.77,60435200,2026-02-21T03:46:12Z
MSFT,2006-11-07,20.36,20.45,20.26,20.3,80341611,28.95,29.07,28.8,28.86,56508600,2026-02-21T03:46:12Z
MSFT,2006-11-08,20.38,20.56,20.16,20.24,112526264,28.98,29.23,28.66,28.78,79145800,2026-02-21T03:46:12Z
MSFT,2006-11-09,20.58,20.68,20.4,20.48,127125131,29.26,29.4,29,29.11,89413800,2026-02-21T03:46:12Z
MSFT,2006-11-10,20.57,20.6,20.5,20.52,53743558,29.24,29.29,29.15,29.17,37800800,2026-02-21T03:46:12Z
MSFT,2006-11-13,20.64,20.72,20.51,20.53,67211947,29.35,29.46,29.16,29.19,47273700,2026-02-21T03:46:12Z
MSFT,2006-11-14,20.63,20.76,20.52,20.67,89285024,29.23,29.42,29.07,29.28,63013600,2026-02-21T03:46:12Z
MSFT,2006-11-15,20.55,20.72,20.55,20.56,90320643,29.12,29.36,29.11,29.13,63744600,2026-02-21T03:46:12Z
MSFT,2006-11-16,20.8,20.92,20.56,20.57,91147196,29.47,29.64,29.13,29.14,64327900,2026-02-21T03:46:12Z
MSFT,2006-11-17,20.75,20.85,20.67,20.69,69233174,29.4,29.54,29.28,29.31,48861900,2026-02-21T03:46:12Z
MSFT,2006-11-20,21.1,21.17,20.82,20.83,121457811,29.89,30,29.5,29.52,85719800,2026-02-21T03:46:12Z
MSFT,2006-11-21,21.12,21.17,21.02,21.11,94171701,29.92,30,29.79,29.91,66462500,2026-02-21T03:46:12Z
MSFT,2006-11-22,21.12,21.17,21.05,21.15,62537523,29.92,30,29.82,29.97,44136400,2026-02-21T03:46:12Z
MSFT,2006-11-24,21,21.06,20.92,20.93,29004360,29.76,29.84,29.64,29.66,20470100,2026-02-21T03:46:12Z
MSFT,2006-11-27,20.81,20.99,20.7,20.95,102925529,29.48,29.74,29.33,29.69,72640704,2026-02-21T03:46:12Z
MSFT,2006-11-28,20.74,20.76,20.56,20.71,74526349,29.39,29.42,29.13,29.34,52597500,2026-02-21T03:46:12Z
MSFT,2006-11-29,20.87,21.02,20.77,20.78,83280522,29.57,29.78,29.43,29.44,58776000,2026-02-21T03:46:12Z
MSFT,2006-11-30,20.72,20.87,20.7,20.76,74638453,29.36,29.57,29.33,29.42,52676800,2026-02-21T03:46:12Z
MSFT,2006-12-01,20.55,20.68,20.4,20.63,102387933,29.12,29.3,28.9,29.23,72261200,2026-02-21T03:46:12Z
MSFT,2006-12-04,20.7,20.83,20.59,20.63,78128981,29.33,29.52,29.17,29.23,55140200,2026-02-21T03:46:12Z
MSFT,2006-12-05,20.56,20.75,20.49,20.72,64616292,29.13,29.4,29.03,29.36,45603400,2026-02-21T03:46:12Z
MSFT,2006-12-06,20.46,20.56,20.38,20.54,68813893,28.99,29.13,28.87,29.1,48565900,2026-02-21T03:46:12Z
MSFT,2006-12-07,20.36,20.52,20.33,20.44,66357514,28.85,29.07,28.81,28.96,46832300,2026-02-21T03:46:12Z
MSFT,2006-12-08,20.75,20.75,20.33,20.34,154249793,29.4,29.4,28.8,28.82,108863104,2026-02-21T03:46:12Z
MSFT,2006-12-11,20.85,21,20.55,20.6,152227759,29.54,29.75,29.11,29.19,107436000,2026-02-21T03:46:12Z
MSFT,2006-12-12,20.77,20.91,20.62,20.86,97571625,29.43,29.63,29.22,29.56,68862096,2026-02-21T03:46:12Z
MSFT,2006-12-13,20.86,20.89,20.69,20.89,64713381,29.55,29.6,29.32,29.6,45672100,2026-02-21T03:46:12Z
MSFT,2006-12-14,21.22,21.23,20.83,20.85,121667019,30.07,30.08,29.52,29.54,85867296,2026-02-21T03:46:12Z
MSFT,2006-12-15,21.31,21.34,21.19,21.27,145844984,30.19,30.23,30.03,30.14,102931104,2026-02-21T03:46:12Z
MSFT,2006-12-18,21.1,21.36,21.02,21.31,79470322,29.89,30.26,29.78,30.19,56086800,2026-02-21T03:46:12Z
MSFT,2006-12-19,21.17,21.29,20.84,20.97,76052063,29.99,30.17,29.53,29.71,53674400,2026-02-21T03:46:12Z
MSFT,2006-12-20,21.24,21.34,21.15,21.17,44276565,30.09,30.24,29.97,29.99,31248600,2026-02-21T03:46:12Z
MSFT,2006-12-21,21.16,21.27,21.1,21.27,45550652,29.98,30.14,29.89,30.13,32147700,2026-02-21T03:46:12Z
MSFT,2006-12-22,20.92,21.07,20.91,21.05,53803629,29.64,29.86,29.62,29.83,37972400,2026-02-21T03:46:12Z
MSFT,2006-12-26,21.17,21.17,20.75,20.84,52565703,29.99,30,29.4,29.53,37098700,2026-02-21T03:46:12Z
MSFT,2006-12-27,21.19,21.27,21.11,21.17,44193670,30.02,30.13,29.91,29.99,31190100,2026-02-21T03:46:12Z
MSFT,2006-12-28,21.16,21.19,21.04,21.07,38270954,29.98,30.03,29.81,29.86,27010000,2026-02-21T03:46:12Z
MSFT,2006-12-29,21.07,21.28,21.05,21.07,59156493,29.86,30.15,29.83,29.86,41750100,2026-02-21T03:46:12Z
MSFT,2007-01-03,21.07,21.35,20.75,21.11,109035719,29.86,30.25,29.4,29.91,76952704,2026-02-21T03:46:12Z
MSFT,2007-01-04,21.04,21.15,20.78,20.96,65321510,29.81,29.97,29.44,29.7,46101300,2026-02-21T03:46:12Z
MSFT,2007-01-05,20.92,21,20.79,20.91,63203434,29.64,29.75,29.45,29.63,44606400,2026-02-21T03:46:12Z
MSFT,2007-01-08,21.12,21.24,20.84,20.93,71026736,29.93,30.1,29.53,29.65,50127600,2026-02-21T03:46:12Z
MSFT,2007-01-09,21.14,21.3,20.98,21.17,63129310,29.96,30.18,29.73,30,44554000,2026-02-21T03:46:12Z
MSFT,2007-01-10,20.93,21.1,20.77,21.03,77996641,29.66,29.89,29.43,29.8,55046800,2026-02-21T03:46:12Z
MSFT,2007-01-11,21.67,21.7,20.93,21,140959178,30.7,30.75,29.65,29.76,99483200,2026-02-21T03:46:12Z
MSFT,2007-01-12,22.03,22.15,21.62,21.63,147319802,31.21,31.39,30.64,30.65,103972096,2026-02-21T03:46:12Z
MSFT,2007-01-16,21.99,22.2,21.9,22.06,88244492,31.16,31.45,31.03,31.26,62279200,2026-02-21T03:46:12Z
MSFT,2007-01-17,21.95,22.19,21.89,22.06,82973950,31.1,31.44,31.01,31.26,58559600,2026-02-21T03:46:12Z
MSFT,2007-01-18,21.88,22.14,21.74,21.98,79873831,31,31.37,30.8,31.15,56371600,2026-02-21T03:46:12Z
MSFT,2007-01-19,21.96,21.96,21.66,21.69,107428761,31.11,31.11,30.69,30.73,75818600,2026-02-21T03:46:12Z
MSFT,2007-01-22,21.68,21.96,21.53,21.92,79317785,30.72,31.12,30.51,31.06,55979200,2026-02-21T03:46:12Z
MSFT,2007-01-23,21.7,21.85,21.54,21.62,69685643,30.74,30.96,30.52,30.63,49181200,2026-02-21T03:46:12Z
MSFT,2007-01-24,21.94,22.09,21.63,21.72,82923106,31.09,31.3,30.65,30.78,58523600,2026-02-21T03:46:12Z
MSFT,2007-01-25,21.49,22.22,21.49,21.94,140692353,30.45,31.48,30.45,31.08,99294600,2026-02-21T03:46:12Z
MSFT,2007-01-26,21.6,22.04,21.6,22.03,136169869,30.6,31.23,30.6,31.22,96103000,2026-02-21T03:46:12Z
MSFT,2007-01-29,21.55,21.72,21.41,21.63,81629646,30.53,30.78,30.34,30.65,57610800,2026-02-21T03:46:12Z
MSFT,2007-01-30,21.51,21.62,21.27,21.58,87711666,30.48,30.64,30.14,30.57,61903200,2026-02-21T03:46:12Z
MSFT,2007-01-31,21.78,21.95,21.42,21.46,104691810,30.86,31.1,30.35,30.41,73887104,2026-02-21T03:46:12Z
MSFT,2007-02-01,21.57,21.84,21.43,21.77,76194400,30.56,30.94,30.37,30.84,53774900,2026-02-21T03:46:12Z
MSFT,2007-02-02,21.31,21.77,21.27,21.75,85593211,30.19,30.84,30.13,30.82,60408000,2026-02-21T03:46:12Z
MSFT,2007-02-05,20.9,21.19,20.76,21.15,140416241,29.61,30.02,29.41,29.97,99099904,2026-02-21T03:46:12Z
MSFT,2007-02-06,20.83,21,20.62,20.88,112217884,29.51,29.75,29.22,29.59,79198600,2026-02-21T03:46:12Z
MSFT,2007-02-07,20.73,20.96,20.64,20.92,92312861,29.37,29.7,29.25,29.64,65150500,2026-02-21T03:46:12Z
MSFT,2007-02-08,20.65,21.03,20.61,20.64,68988453,29.26,29.8,29.2,29.24,48689200,2026-02-21T03:46:12Z
MSFT,2007-02-09,20.45,20.75,20.42,20.71,98927098,28.98,29.4,28.93,29.35,69818704,2026-02-21T03:46:12Z
MSFT,2007-02-12,20.42,20.53,20.35,20.39,74510372,28.94,29.09,28.83,28.89,52586200,2026-02-21T03:46:12Z
MSFT,2007-02-13,20.55,20.68,20.51,20.57,69622585,29.01,29.2,28.96,29.04,49307000,2026-02-21T03:46:12Z
MSFT,2007-02-14,20.82,21.03,20.64,20.66,78457469,29.4,29.69,29.15,29.17,55563900,2026-02-21T03:46:12Z
MSFT,2007-02-15,20.86,21,20.69,20.95,90219575,29.46,29.65,29.22,29.58,63893900,2026-02-21T03:46:12Z
MSFT,2007-02-16,20.35,20.5,20.29,20.47,154435462,28.74,28.94,28.65,28.91,109371904,2026-02-21T03:46:12Z
MSFT,2007-02-20,20.42,20.44,20.16,20.28,76222093,28.83,28.86,28.47,28.63,53981000,2026-02-21T03:46:12Z
MSFT,2007-02-21,20.79,20.81,20.35,20.36,96888688,29.35,29.39,28.74,28.75,68617000,2026-02-21T03:46:12Z
MSFT,2007-02-22,20.81,20.92,20.65,20.76,81560352,29.39,29.54,29.16,29.31,57761600,2026-02-21T03:46:12Z
MSFT,2007-02-23,20.47,20.74,20.46,20.69,90054116,28.9,29.28,28.89,29.22,63776700,2026-02-21T03:46:12Z
MSFT,2007-02-26,20.59,20.62,20.41,20.51,89677507,29.07,29.12,28.82,28.96,63510000,2026-02-21T03:46:12Z
MSFT,2007-02-27,19.74,20.52,19.68,20.33,123209495,27.87,28.97,27.79,28.71,87257696,2026-02-21T03:46:12Z
MSFT,2007-02-28,19.95,19.96,19.77,19.79,122186019,28.17,28.19,27.92,27.95,86532600,2026-02-21T03:46:12Z
MSFT,2007-03-01,19.89,20.06,19.64,19.7,113210889,28.09,28.33,27.73,27.82,80176600,2026-02-21T03:46:12Z
MSFT,2007-03-02,19.66,19.94,19.66,19.84,89318639,27.76,28.16,27.76,28.02,63256000,2026-02-21T03:46:12Z
MSFT,2007-03-05,19.51,19.77,19.41,19.46,79420850,27.55,27.91,27.41,27.48,56246400,2026-02-21T03:46:12Z
MSFT,2007-03-06,19.71,19.79,19.58,19.69,69710973,27.83,27.94,27.65,27.8,49369800,2026-02-21T03:46:12Z
MSFT,2007-03-07,19.55,19.76,19.51,19.66,72330250,27.61,27.9,27.55,27.76,51224800,2026-02-21T03:46:12Z
MSFT,2007-03-08,19.35,19.72,18.84,19.63,101810147,27.32,27.85,26.6,27.72,72102600,2026-02-21T03:46:12Z
MSFT,2007-03-09,19.33,19.46,19.14,19.42,113076101,27.29,27.48,27.03,27.42,80081000,2026-02-21T03:46:12Z
MSFT,2007-03-12,19.43,19.46,19.21,19.25,51513045,27.44,27.48,27.13,27.18,36481900,2026-02-21T03:46:12Z
MSFT,2007-03-13,18.92,19.41,18.92,19.3,106113979,26.72,27.4,26.71,27.25,75150304,2026-02-21T03:46:12Z
MSFT,2007-03-14,19.4,19.41,18.93,18.99,106831442,27.4,27.4,26.73,26.82,75658496,2026-02-21T03:46:12Z
MSFT,2007-03-15,19.32,19.45,19.26,19.35,73074587,27.28,27.47,27.2,27.32,51751700,2026-02-21T03:46:12Z
MSFT,2007-03-16,19.36,19.46,19.26,19.38,91861966,27.33,27.48,27.2,27.37,65057300,2026-02-21T03:46:12Z
MSFT,2007-03-19,19.71,19.71,19.26,19.36,69756440,27.83,27.83,27.2,27.34,49402000,2026-02-21T03:46:12Z
MSFT,2007-03-20,19.72,19.94,19.66,19.78,67659033,27.84,28.16,27.76,27.93,47916400,2026-02-21T03:46:12Z
MSFT,2007-03-21,20.2,20.2,19.52,19.79,102844698,28.52,28.52,27.56,27.94,72835104,2026-02-21T03:46:12Z
MSFT,2007-03-22,20.02,20.22,19.84,20.19,69896982,28.27,28.55,28.01,28.51,49501500,2026-02-21T03:46:12Z
MSFT,2007-03-23,19.84,20.02,19.69,19.97,71346585,28.02,28.27,27.8,28.2,50528000,2026-02-21T03:46:12Z
MSFT,2007-03-26,19.99,19.99,19.62,19.79,66964324,28.22,28.22,27.7,27.94,47424600,2026-02-21T03:46:12Z
MSFT,2007-03-27,19.63,19.94,19.58,19.86,83282700,27.72,28.16,27.65,28.04,58981400,2026-02-21T03:46:12Z
MSFT,2007-03-28,19.57,19.83,19.41,19.53,69221993,27.64,28,27.4,27.58,49023400,2026-02-21T03:46:12Z
MSFT,2007-03-29,19.65,19.72,19.47,19.72,60189034,27.75,27.85,27.49,27.84,42626200,2026-02-21T03:46:12Z
MSFT,2007-03-30,19.74,19.79,19.48,19.65,66457083,27.87,27.95,27.5,27.75,47065300,2026-02-21T03:46:12Z
MSFT,2007-04-02,19.65,19.78,19.52,19.75,59040555,27.74,27.93,27.56,27.89,41812800,2026-02-21T03:46:12Z
MSFT,2007-04-03,19.74,19.87,19.65,19.73,60100176,27.87,28.06,27.75,27.86,42563300,2026-02-21T03:46:12Z
MSFT,2007-04-04,20.18,20.38,19.76,19.84,89307498,28.5,28.78,27.9,28.01,63248200,2026-02-21T03:46:12Z
MSFT,2007-04-05,20.22,20.29,20.04,20.06,42546338,28.55,28.65,28.3,28.32,30131600,2026-02-21T03:46:12Z
MSFT,2007-04-09,20.23,20.34,20.11,20.23,44316581,28.57,28.72,28.39,28.57,31385200,2026-02-21T03:46:12Z
MSFT,2007-04-10,20.11,20.28,19.99,20.18,54566035,28.4,28.64,28.22,28.5,38643900,2026-02-21T03:46:12Z
MSFT,2007-04-11,19.91,20.23,19.82,20.04,62205119,28.11,28.57,27.99,28.3,44054100,2026-02-21T03:46:12Z
MSFT,2007-04-12,20.21,20.27,19.86,19.87,61796568,28.54,28.62,28.04,28.06,43764700,2026-02-21T03:46:12Z
MSFT,2007-04-13,20.26,20.33,19.9,20.13,50714415,28.61,28.7,28.1,28.43,35916300,2026-02-21T03:46:12Z
MSFT,2007-04-16,20.35,20.36,19.98,20.26,43249119,28.73,28.75,28.21,28.6,30629200,2026-02-21T03:46:12Z
MSFT,2007-04-17,20.43,20.46,20.23,20.28,46836895,28.85,28.89,28.56,28.64,33170100,2026-02-21T03:46:12Z
MSFT,2007-04-18,20.25,20.3,20.09,20.26,58992273,28.6,28.67,28.36,28.61,41778700,2026-02-21T03:46:12Z
MSFT,2007-04-19,20.32,20.46,20.01,20.07,63305263,28.69,28.89,28.26,28.34,44833100,2026-02-21T03:46:12Z
MSFT,2007-04-20,20.55,20.61,20.33,20.52,85596871,29.02,29.1,28.7,28.98,60620100,2026-02-21T03:46:12Z
MSFT,2007-04-23,20.38,20.53,20.3,20.51,58948438,28.78,28.99,28.67,28.96,41747700,2026-02-21T03:46:12Z
MSFT,2007-04-24,20.39,20.51,20.25,20.39,48265033,28.79,28.96,28.59,28.79,34181500,2026-02-21T03:46:12Z
MSFT,2007-04-25,20.53,20.54,20.32,20.44,55632660,28.99,29,28.69,28.86,39399400,2026-02-21T03:46:12Z
MSFT,2007-04-26,20.61,20.79,20.47,20.6,98742709,29.1,29.35,28.91,29.09,69930200,2026-02-21T03:46:12Z
MSFT,2007-04-27,21.33,21.77,21.25,21.37,181176783,30.12,30.74,30,30.17,128310096,2026-02-21T03:46:12Z
MSFT,2007-04-30,21.2,21.51,21.2,21.32,95743143,29.94,30.37,29.94,30.1,67805904,2026-02-21T03:46:12Z
MSFT,2007-05-01,21.53,21.54,21.18,21.2,104729582,30.4,30.42,29.9,29.94,74169904,2026-02-21T03:46:12Z
MSFT,2007-05-02,21.68,21.74,21.46,21.52,113958428,30.61,30.69,30.3,30.39,80706096,2026-02-21T03:46:12Z
MSFT,2007-05-03,21.93,21.95,21.62,21.67,115858585,30.97,31,30.53,30.6,82051600,2026-02-21T03:46:12Z
MSFT,2007-05-04,21.64,21.74,21.45,21.73,147409615,30.56,30.7,30.29,30.68,104396496,2026-02-21T03:46:12Z
MSFT,2007-05-07,21.75,21.78,21.59,21.71,84564540,30.71,30.76,30.48,30.65,59889100,2026-02-21T03:46:12Z
MSFT,2007-05-08,21.78,21.91,21.66,21.73,85517910,30.75,30.94,30.58,30.68,60564200,2026-02-21T03:46:12Z
MSFT,2007-05-09,21.8,21.91,21.65,21.74,73048316,30.78,30.93,30.57,30.7,51733300,2026-02-21T03:46:12Z
MSFT,2007-05-10,21.66,21.91,21.62,21.73,78221309,30.58,30.93,30.53,30.68,55396700,2026-02-21T03:46:12Z
MSFT,2007-05-11,21.88,21.94,21.64,21.65,61519482,30.89,30.98,30.55,30.57,43568500,2026-02-21T03:46:12Z
MSFT,2007-05-14,21.93,21.95,21.82,21.84,99243055,30.97,30.99,30.81,30.84,70284400,2026-02-21T03:46:12Z
MSFT,2007-05-15,21.95,22.09,21.91,21.95,105610242,30.9,31.09,30.84,30.9,75035904,2026-02-21T03:46:12Z
MSFT,2007-05-16,22.08,22.09,21.89,22.03,64517204,31.07,31.09,30.81,31,45839400,2026-02-21T03:46:12Z
MSFT,2007-05-17,22.01,22.13,22,22.05,58731011,30.98,31.14,30.96,31.03,41728400,2026-02-21T03:46:12Z
MSFT,2007-05-18,21.9,22.02,21.73,22,82065786,30.83,30.99,30.58,30.97,58307700,2026-02-21T03:46:12Z
MSFT,2007-05-21,22.06,22.14,21.83,21.83,58890279,31.05,31.16,30.73,30.73,41841500,2026-02-21T03:46:12Z
MSFT,2007-05-22,21.81,21.98,21.78,21.95,56306943,30.69,30.93,30.66,30.9,40006000,2026-02-21T03:46:12Z
MSFT,2007-05-23,21.73,21.91,21.72,21.91,65189833,30.58,30.84,30.57,30.84,46317400,2026-02-21T03:46:12Z
MSFT,2007-05-24,21.44,21.88,21.29,21.7,90150392,30.17,30.8,29.96,30.54,64051900,2026-02-21T03:46:12Z
MSFT,2007-05-25,21.66,21.78,21.44,21.51,67173520,30.48,30.66,30.18,30.28,47726700,2026-02-21T03:46:12Z
MSFT,2007-05-29,21.88,21.91,21.59,21.66,59639959,30.79,30.83,30.39,30.49,42374200,2026-02-21T03:46:12Z
MSFT,2007-05-30,22.1,22.12,21.68,21.71,80759248,31.11,31.13,30.51,30.55,57379300,2026-02-21T03:46:12Z
MSFT,2007-05-31,21.81,22.14,21.75,22.11,120017695,30.69,31.16,30.61,31.12,85272400,2026-02-21T03:46:12Z
MSFT,2007-06-01,21.73,21.95,21.71,21.93,55165508,30.59,30.9,30.55,30.87,39195100,2026-02-21T03:46:12Z
MSFT,2007-06-04,21.83,21.86,21.6,21.61,58320639,30.72,30.76,30.4,30.42,41436700,2026-02-21T03:46:12Z
MSFT,2007-06-05,21.73,21.76,21.55,21.76,62307498,30.58,30.63,30.33,30.62,44269500,2026-02-21T03:46:12Z
MSFT,2007-06-06,21.52,21.69,21.49,21.58,53813344,30.29,30.53,30.25,30.37,38234300,2026-02-21T03:46:12Z
MSFT,2007-06-07,21.05,21.52,21.02,21.33,101309685,29.62,30.29,29.59,30.02,71980496,2026-02-21T03:46:12Z
MSFT,2007-06-08,21.35,21.36,20.9,21.02,86342958,30.05,30.06,29.41,29.58,61346600,2026-02-21T03:46:12Z
MSFT,2007-06-11,21.33,21.49,21.27,21.27,68216216,30.02,30.25,29.93,29.94,48467600,2026-02-21T03:46:12Z
MSFT,2007-06-12,21.21,21.49,21.15,21.29,80193761,29.85,30.24,29.77,29.96,56977600,2026-02-21T03:46:12Z
MSFT,2007-06-13,21.59,21.61,21.21,21.29,90690335,30.39,30.41,29.85,29.96,64435500,2026-02-21T03:46:12Z
MSFT,2007-06-14,21.68,21.82,21.53,21.56,82592062,30.52,30.71,30.3,30.35,58681500,2026-02-21T03:46:12Z
MSFT,2007-06-15,21.66,21.94,21.62,21.93,141981300,30.49,30.88,30.43,30.86,100877504,2026-02-21T03:46:12Z
MSFT,2007-06-18,21.68,21.83,21.61,21.81,64044358,30.51,30.72,30.42,30.69,45503400,2026-02-21T03:46:12Z
MSFT,2007-06-19,21.64,21.78,21.59,21.61,65873979,30.46,30.66,30.38,30.41,46803400,2026-02-21T03:46:12Z
MSFT,2007-06-20,21.32,21.68,21.29,21.66,65738228,30.01,30.51,29.96,30.49,46707000,2026-02-21T03:46:12Z
MSFT,2007-06-21,21.47,21.53,21.25,21.3,80281668,30.22,30.3,29.91,29.98,57040100,2026-02-21T03:46:12Z
MSFT,2007-06-22,20.95,21.39,20.92,21.32,121359582,29.49,30.1,29.45,30,86225800,2026-02-21T03:46:12Z
MSFT,2007-06-25,20.95,21.15,20.88,20.94,75875739,29.49,29.77,29.38,29.47,53909600,2026-02-21T03:46:12Z
MSFT,2007-06-26,20.97,21.17,20.96,21,67999210,29.52,29.8,29.5,29.55,48313300,2026-02-21T03:46:12Z
MSFT,2007-06-27,21.22,21.28,20.86,20.86,75259239,29.87,29.95,29.36,29.36,53471600,2026-02-21T03:46:12Z
MSFT,2007-06-28,21.19,21.29,21.09,21.22,64818625,29.83,29.97,29.68,29.86,46053600,2026-02-21T03:46:12Z
MSFT,2007-06-29,20.94,21.27,20.63,21.22,100127531,29.47,29.93,29.04,29.87,71140496,2026-02-21T03:46:12Z
MSFT,2007-07-02,21.13,21.17,20.95,21.08,66600748,29.74,29.8,29.49,29.67,47319900,2026-02-21T03:46:12Z
MSFT,2007-07-03,21.33,21.47,21.16,21.17,49546116,30.02,30.22,29.78,29.79,35202500,2026-02-21T03:46:12Z
MSFT,2007-07-05,21.31,21.47,21.19,21.35,67026445,29.99,30.22,29.83,30.05,47622300,2026-02-21T03:46:12Z
MSFT,2007-07-06,21.29,21.34,21.07,21.25,73965183,29.97,30.04,29.66,29.91,52552300,2026-02-21T03:46:12Z
MSFT,2007-07-09,21.22,21.28,21.18,21.22,47603174,29.87,29.95,29.81,29.86,33822000,2026-02-21T03:46:12Z
MSFT,2007-07-10,20.84,21.31,20.73,21.11,91992802,29.33,29.99,29.18,29.71,65361000,2026-02-21T03:46:12Z
MSFT,2007-07-11,20.95,21.07,20.75,20.78,67578330,29.49,29.65,29.21,29.24,48014300,2026-02-21T03:46:12Z
MSFT,2007-07-12,21.36,21.39,20.92,21,76380843,30.07,30.11,29.44,29.56,54268500,2026-02-21T03:46:12Z
MSFT,2007-07-13,21.19,21.33,21.07,21.27,59338804,29.82,30.02,29.66,29.94,42160200,2026-02-21T03:46:12Z
MSFT,2007-07-16,21.34,21.49,21.12,21.16,67590621,30.03,30.24,29.72,29.78,48023100,2026-02-21T03:46:12Z
MSFT,2007-07-17,21.87,21.94,21.32,21.33,109129992,30.78,30.88,30.01,30.02,77536896,2026-02-21T03:46:12Z
MSFT,2007-07-18,21.97,22,21.67,21.68,90664713,30.92,30.97,30.5,30.51,64417100,2026-02-21T03:46:12Z
MSFT,2007-07-19,22.39,22.62,21.98,22.06,170509642,31.51,31.84,30.93,31.05,121146800,2026-02-21T03:46:12Z
MSFT,2007-07-20,22.14,22.17,21.88,22.13,137914448,31.16,31.2,30.79,31.15,97988304,2026-02-21T03:46:12Z
MSFT,2007-07-23,22.16,22.4,22.11,22.23,68610259,31.19,31.52,31.12,31.29,48747600,2026-02-21T03:46:12Z
MSFT,2007-07-24,21.88,22.37,21.82,22.03,87625193,30.8,31.48,30.71,31.01,62257700,2026-02-21T03:46:12Z
MSFT,2007-07-25,21.82,22.24,21.58,22.02,77520107,30.71,31.3,30.37,30.99,55077900,2026-02-21T03:46:12Z
MSFT,2007-07-26,21.3,21.69,20.97,21.49,122793598,29.98,30.53,29.51,30.24,87244896,2026-02-21T03:46:12Z
MSFT,2007-07-27,20.88,21.32,20.86,21.27,96751987,29.39,30,29.36,29.93,68742304,2026-02-21T03:46:12Z
MSFT,2007-07-30,20.89,20.95,20.57,20.9,94569452,29.4,29.49,28.95,29.41,67191600,2026-02-21T03:46:12Z
MSFT,2007-07-31,20.6,21.12,20.59,21.11,93413909,28.99,29.72,28.98,29.71,66370600,2026-02-21T03:46:12Z
MSFT,2007-08-01,20.82,21,20.48,20.57,112542702,29.3,29.55,28.82,28.95,79961400,2026-02-21T03:46:12Z
MSFT,2007-08-02,20.97,21.17,20.62,20.74,67537141,29.52,29.79,29.02,29.19,47985000,2026-02-21T03:46:12Z
MSFT,2007-08-03,20.58,21.16,20.53,20.92,86499986,28.96,29.78,28.9,29.45,61458300,2026-02-21T03:46:12Z
MSFT,2007-08-06,20.99,20.99,20.43,20.64,83463642,29.54,29.54,28.75,29.05,59301000,2026-02-21T03:46:12Z
MSFT,2007-08-07,21,21.17,20.64,20.84,67890558,29.55,29.79,29.05,29.33,48236300,2026-02-21T03:46:12Z
MSFT,2007-08-08,21.32,21.32,20.75,21.12,74303304,30,30.01,29.21,29.72,52792500,2026-02-21T03:46:12Z
MSFT,2007-08-09,20.82,21.39,20.55,21.09,102216707,29.3,30.1,28.92,29.68,72624800,2026-02-21T03:46:12Z
MSFT,2007-08-10,20.4,20.64,20.08,20.53,107785661,28.71,29.05,28.26,28.9,76581504,2026-02-21T03:46:12Z
MSFT,2007-08-13,20.34,20.6,20.21,20.56,77762899,28.63,28.99,28.44,28.94,55250500,2026-02-21T03:46:12Z
MSFT,2007-08-14,20.16,20.6,20.11,20.51,60232342,28.27,28.89,28.2,28.77,42945000,2026-02-21T03:46:12Z
MSFT,2007-08-15,20.04,20.67,20,20.14,67490212,28.1,28.99,28.05,28.24,48119800,2026-02-21T03:46:12Z
MSFT,2007-08-16,19.83,20.21,19.61,19.88,113208896,27.81,28.35,27.51,27.88,80716600,2026-02-21T03:46:12Z
MSFT,2007-08-17,20.14,20.14,19.84,20.03,107642571,28.25,28.25,27.82,28.09,76748200,2026-02-21T03:46:12Z
MSFT,2007-08-20,20.15,20.31,20.02,20.09,69148227,28.26,28.49,28.08,28.18,49302000,2026-02-21T03:46:12Z
MSFT,2007-08-21,20.01,20.19,19.87,20.04,71227752,28.07,28.32,27.87,28.1,50784600,2026-02-21T03:46:12Z
MSFT,2007-08-22,20.12,20.19,19.97,20.16,61709212,28.22,28.32,28.01,28.27,43998100,2026-02-21T03:46:12Z
MSFT,2007-08-23,20.18,20.2,20.04,20.18,47527350,28.3,28.33,28.1,28.3,33886500,2026-02-21T03:46:12Z
MSFT,2007-08-24,20.54,20.56,20.01,20.03,63324018,28.81,28.84,28.07,28.09,45149300,2026-02-21T03:46:12Z
MSFT,2007-08-27,20.31,20.51,20.25,20.4,45982516,28.49,28.77,28.4,28.61,32785100,2026-02-21T03:46:12Z
MSFT,2007-08-28,19.91,20.31,19.9,20.18,57481346,27.93,28.49,27.91,28.3,40983600,2026-02-21T03:46:12Z
MSFT,2007-08-29,20.38,20.4,19.84,20.06,64173505,28.59,28.61,27.82,28.13,45755100,2026-02-21T03:46:12Z
MSFT,2007-08-30,20.28,20.63,20.19,20.26,47069867,28.45,28.93,28.32,28.42,33560400,2026-02-21T03:46:12Z
MSFT,2007-08-31,20.48,20.62,20.22,20.46,59586537,28.73,28.92,28.36,28.7,42484600,2026-02-21T03:46:12Z
MSFT,2007-09-04,20.54,20.75,20.31,20.32,64042963,28.81,29.1,28.48,28.5,45661900,2026-02-21T03:46:12Z
MSFT,2007-09-05,20.31,20.48,20.26,20.43,66865023,28.48,28.73,28.42,28.65,47674200,2026-02-21T03:46:12Z
MSFT,2007-09-06,20.61,20.68,20.36,20.36,63718691,28.91,29.01,28.55,28.56,45430700,2026-02-21T03:46:12Z
MSFT,2007-09-07,20.28,20.56,20.19,20.41,73162172,28.44,28.83,28.32,28.63,52163800,2026-02-21T03:46:12Z
MSFT,2007-09-10,20.31,20.5,20.26,20.44,52249564,28.48,28.75,28.41,28.67,37253500,2026-02-21T03:46:12Z
MSFT,2007-09-11,20.63,20.64,20.38,20.41,48220452,28.93,28.95,28.58,28.63,34380700,2026-02-21T03:46:12Z
MSFT,2007-09-12,20.63,20.8,20.53,20.54,59560160,28.93,29.17,28.8,28.81,42465800,2026-02-21T03:46:12Z
MSFT,2007-09-13,20.79,20.86,20.65,20.76,49493654,29.16,29.26,28.96,29.12,35288500,2026-02-21T03:46:12Z
MSFT,2007-09-14,20.71,20.76,20.59,20.66,46983053,29.04,29.11,28.88,28.98,33498400,2026-02-21T03:46:12Z
MSFT,2007-09-17,20.48,20.59,20.41,20.53,55451554,28.73,28.88,28.62,28.79,39536400,2026-02-21T03:46:12Z
MSFT,2007-09-18,20.63,20.66,20.16,20.46,108658337,28.93,28.97,28.27,28.7,77472304,2026-02-21T03:46:12Z
MSFT,2007-09-19,20.44,20.61,20.18,20.58,132178860,28.67,28.91,28.3,28.87,94242096,2026-02-21T03:46:12Z
MSFT,2007-09-20,20.26,20.38,20.21,20.31,94207230,28.42,28.58,28.34,28.48,67168896,2026-02-21T03:46:12Z
MSFT,2007-09-21,20.43,20.54,20.28,20.46,190235147,28.65,28.81,28.44,28.69,135636000,2026-02-21T03:46:12Z
MSFT,2007-09-24,20.73,21.11,20.53,20.54,146509696,29.08,29.61,28.8,28.81,104459696,2026-02-21T03:46:12Z
MSFT,2007-09-25,21.08,21.08,20.76,20.78,106025807,29.56,29.56,29.11,29.14,75595400,2026-02-21T03:46:12Z
MSFT,2007-09-26,21.03,21.28,21.02,21.16,84635289,29.5,29.85,29.48,29.68,60344100,2026-02-21T03:46:12Z
MSFT,2007-09-27,21.03,21.19,20.99,21.18,60880165,29.49,29.72,29.44,29.7,43407000,2026-02-21T03:46:12Z
MSFT,2007-09-28,21,21.17,20.84,21.03,64263128,29.46,29.69,29.23,29.49,45819000,2026-02-21T03:46:12Z
MSFT,2007-10-01,21.23,21.24,20.97,21.01,61536660,29.77,29.79,29.41,29.46,43875000,2026-02-21T03:46:12Z
MSFT,2007-10-02,21.18,21.28,21.08,21.18,47273881,29.7,29.85,29.57,29.7,33705800,2026-02-21T03:46:12Z
MSFT,2007-10-03,21,21.28,20.88,21.18,52782954,29.45,29.85,29.29,29.71,37633800,2026-02-21T03:46:12Z
MSFT,2007-10-04,21.18,21.23,20.99,21.08,53111484,29.71,29.77,29.44,29.56,37867900,2026-02-21T03:46:12Z
MSFT,2007-10-05,21.28,21.38,21.2,21.31,63137697,29.84,29.99,29.73,29.89,45016500,2026-02-21T03:46:12Z
MSFT,2007-10-08,21.28,21.28,21.11,21.15,42448884,29.84,29.85,29.6,29.66,30265600,2026-02-21T03:46:12Z
MSFT,2007-10-09,21.46,21.67,21.39,21.41,89236169,30.1,30.39,30,30.03,63624500,2026-02-21T03:46:12Z
MSFT,2007-10-10,21.55,21.65,21.41,21.42,45233989,30.23,30.37,30.03,30.04,32251400,2026-02-21T03:46:12Z
MSFT,2007-10-11,21.33,21.84,21.24,21.6,71234058,29.91,30.63,29.79,30.3,50789100,2026-02-21T03:46:12Z
MSFT,2007-10-12,21.51,21.68,21.35,21.41,43648734,30.17,30.4,29.95,30.03,31121100,2026-02-21T03:46:12Z
MSFT,2007-10-15,21.42,21.63,21.39,21.46,66130585,30.04,30.33,30,30.1,47150400,2026-02-21T03:46:12Z
MSFT,2007-10-16,21.62,21.8,21.55,21.56,78943583,30.32,30.58,30.23,30.24,56286100,2026-02-21T03:46:12Z
MSFT,2007-10-17,22.16,22.27,21.85,21.92,120748422,31.08,31.23,30.65,30.75,86092304,2026-02-21T03:46:12Z
MSFT,2007-10-18,22.22,22.27,21.84,22.26,69026115,31.16,31.23,30.63,31.22,49215000,2026-02-21T03:46:12Z
MSFT,2007-10-19,21.51,22.17,21.47,22.17,105471500,30.17,31.09,30.11,31.09,75200096,2026-02-21T03:46:12Z
MSFT,2007-10-22,21.75,21.89,21.48,21.48,82448657,30.51,30.7,30.12,30.12,58785000,2026-02-21T03:46:12Z
MSFT,2007-10-23,22.03,22.19,21.9,21.9,70065609,30.9,31.12,30.71,30.71,49956100,2026-02-21T03:46:12Z
MSFT,2007-10-24,22.28,22.32,21.75,22,109369334,31.25,31.3,30.5,30.85,77979104,2026-02-21T03:46:12Z
MSFT,2007-10-25,22.81,22.97,22.45,22.51,237856181,31.99,32.22,31.49,31.57,169588704,2026-02-21T03:46:12Z
MSFT,2007-10-26,24.98,25.69,24.64,25.68,404103177,35.03,36.03,34.56,36.01,288121088,2026-02-21T03:46:12Z
MSFT,2007-10-29,24.65,25.16,24.56,24.85,160809319,34.57,35.29,34.45,34.85,114655600,2026-02-21T03:46:12Z
MSFT,2007-10-30,25.36,25.38,24.49,24.51,150488800,35.57,35.59,34.35,34.37,107297200,2026-02-21T03:46:12Z
MSFT,2007-10-31,26.25,26.38,25.32,25.33,260361914,36.81,37,35.51,35.53,185635696,2026-02-21T03:46:12Z
MSFT,2007-11-01,26.42,26.73,25.92,26.05,213297324,37.06,37.49,36.36,36.53,152078800,2026-02-21T03:46:12Z
MSFT,2007-11-02,26.42,26.74,25.97,26.52,135203908,37.06,37.5,36.42,37.19,96399000,2026-02-21T03:46:12Z
MSFT,2007-11-05,26.19,26.45,26.12,26.21,105871555,36.73,37.1,36.63,36.76,75485296,2026-02-21T03:46:12Z
MSFT,2007-11-06,25.96,26.14,25.58,26.09,141609935,36.41,36.66,35.87,36.59,100966600,2026-02-21T03:46:12Z
MSFT,2007-11-07,25.33,25.78,25.28,25.7,105047349,35.52,36.16,35.45,36.04,74897696,2026-02-21T03:46:12Z
MSFT,2007-11-08,24.77,25.6,24.53,25.38,187588538,34.74,35.9,34.4,35.6,133748896,2026-02-21T03:46:12Z
MSFT,2007-11-09,24.05,24.63,23.99,24.37,175510400,33.73,34.54,33.65,34.18,125136896,2026-02-21T03:46:12Z
MSFT,2007-11-12,23.8,24.04,23.54,23.76,119027089,33.38,33.71,33.02,33.32,84865104,2026-02-21T03:46:12Z
MSFT,2007-11-13,24.65,24.8,23.88,23.99,145819047,34.46,34.67,33.38,33.54,104311400,2026-02-21T03:46:12Z
MSFT,2007-11-14,24.27,24.86,24.14,24.77,117513711,33.93,34.75,33.75,34.62,84063000,2026-02-21T03:46:12Z
MSFT,2007-11-15,24.15,24.39,24,24.15,89452578,33.76,34.1,33.55,33.76,63989600,2026-02-21T03:46:12Z
MSFT,2007-11-16,24.39,24.51,24.11,24.22,99416153,34.09,34.26,33.71,33.86,71117104,2026-02-21T03:46:12Z
MSFT,2007-11-19,24.29,24.49,24.23,24.29,88082086,33.96,34.24,33.87,33.96,63009300,2026-02-21T03:46:12Z
MSFT,2007-11-20,24.74,25.02,24.39,24.49,139805295,34.58,34.97,34.1,34.23,100009296,2026-02-21T03:46:12Z
MSFT,2007-11-21,24.49,24.84,24.45,24.61,125147235,34.23,34.73,34.18,34.4,89523600,2026-02-21T03:46:12Z
MSFT,2007-11-23,24.4,24.64,24.11,24.58,46785801,34.11,34.44,33.71,34.36,33468100,2026-02-21T03:46:12Z
MSFT,2007-11-26,23.59,24.59,23.56,24.39,112301956,32.97,34.37,32.93,34.09,80334896,2026-02-21T03:46:12Z
MSFT,2007-11-27,23.65,24.04,23.38,23.8,117677294,33.06,33.6,32.68,33.27,84180200,2026-02-21T03:46:12Z
MSFT,2007-11-28,24.11,24.24,23.54,23.88,123838329,33.7,33.89,32.9,33.38,88587400,2026-02-21T03:46:12Z
MSFT,2007-11-29,24.03,24.27,23.83,24.02,74975522,33.59,33.93,33.31,33.58,53633500,2026-02-21T03:46:12Z
MSFT,2007-11-30,24.04,24.41,23.74,24.27,99291078,33.6,34.12,33.19,33.92,71027696,2026-02-21T03:46:12Z
MSFT,2007-12-03,23.55,24.06,23.38,23.96,86350483,32.92,33.64,32.68,33.5,61770500,2026-02-21T03:46:12Z
MSFT,2007-12-04,23.44,23.78,23.34,23.42,76608484,32.77,33.24,32.63,32.74,54801600,2026-02-21T03:46:12Z
MSFT,2007-12-05,24.43,24.69,23.63,23.71,118676111,34.15,34.52,33.03,33.14,84894600,2026-02-21T03:46:12Z
MSFT,2007-12-06,24.72,24.76,24.23,24.51,70769121,34.55,34.61,33.87,34.26,50624400,2026-02-21T03:46:12Z
MSFT,2007-12-07,24.7,24.82,24.48,24.76,56994651,34.53,34.7,34.22,34.61,40770900,2026-02-21T03:46:12Z
MSFT,2007-12-10,24.87,25,24.66,24.78,50443691,34.76,34.95,34.47,34.64,36084800,2026-02-21T03:46:12Z
MSFT,2007-12-11,24.39,25.03,24.27,24.84,76997838,34.1,34.99,33.93,34.73,55080100,2026-02-21T03:46:12Z
MSFT,2007-12-12,24.66,25.1,24.27,24.76,88561949,34.47,35.09,33.93,34.61,63352500,2026-02-21T03:46:12Z
MSFT,2007-12-13,25.19,25.36,24.52,24.67,103350079,35.22,35.45,34.28,34.48,73931104,2026-02-21T03:46:12Z
MSFT,2007-12-14,25.26,25.64,25.04,25.07,99431609,35.31,35.84,35.01,35.05,71128096,2026-02-21T03:46:12Z
MSFT,2007-12-17,24.6,25.13,24.58,25.06,81248767,34.39,35.13,34.36,35.03,58121100,2026-02-21T03:46:12Z
MSFT,2007-12-18,24.85,25.04,24.47,24.78,73798598,34.74,35,34.21,34.64,52791700,2026-02-21T03:46:12Z
MSFT,2007-12-19,24.89,25.14,24.59,24.82,81735233,34.79,35.14,34.38,34.69,58469000,2026-02-21T03:46:12Z
MSFT,2007-12-20,25.41,25.6,25.09,25.25,82964016,35.52,35.79,35.08,35.29,59348000,2026-02-21T03:46:12Z
MSFT,2007-12-21,25.8,25.8,25.57,25.68,117078627,36.06,36.06,35.75,35.9,83751800,2026-02-21T03:46:12Z
MSFT,2007-12-24,26.17,26.27,25.79,25.85,41409966,36.58,36.72,36.05,36.13,29622500,2026-02-21T03:46:12Z
MSFT,2007-12-26,26.19,26.21,25.94,26.05,42284159,36.61,36.64,36.26,36.41,30247900,2026-02-21T03:46:12Z
MSFT,2007-12-27,25.73,26.15,25.71,26,46577174,35.97,36.55,35.94,36.35,33318800,2026-02-21T03:46:12Z
MSFT,2007-12-28,25.84,25.92,25.52,25.82,46721858,36.12,36.23,35.67,36.1,33422300,2026-02-21T03:46:12Z
MSFT,2007-12-31,25.47,25.75,25.41,25.68,49252089,35.6,35.99,35.52,35.9,35232400,2026-02-21T03:46:12Z
MSFT,2008-01-02,25.19,25.72,25.04,25.6,88077747,35.22,35.96,35,35.79,63006100,2026-02-21T03:46:12Z
MSFT,2008-01-03,25.3,25.5,24.94,25.2,69338718,35.37,35.65,34.86,35.22,49601200,2026-02-21T03:46:12Z
MSFT,2008-01-04,24.59,25.18,24.39,25.17,100781703,34.38,35.2,34.09,35.19,72093800,2026-02-21T03:46:12Z
MSFT,2008-01-07,24.76,24.89,24.5,24.72,112076057,34.61,34.8,34.25,34.55,80173400,2026-02-21T03:46:12Z
MSFT,2008-01-08,23.93,24.83,23.89,24.83,110653240,33.45,34.71,33.4,34.71,79155600,2026-02-21T03:46:12Z
MSFT,2008-01-09,24.64,24.71,23.86,23.86,103889367,34.44,34.54,33.35,33.36,74317104,2026-02-21T03:46:12Z
MSFT,2008-01-10,24.56,24.68,24.16,24.57,101275882,34.33,34.5,33.78,34.35,72447504,2026-02-21T03:46:12Z
MSFT,2008-01-11,24.26,24.49,24.12,24.42,77160647,33.91,34.24,33.72,34.14,55196600,2026-02-21T03:46:12Z
MSFT,2008-01-14,24.6,24.73,24.38,24.65,73799659,34.39,34.57,34.08,34.46,52792400,2026-02-21T03:46:12Z
MSFT,2008-01-15,24.32,24.59,24.32,24.34,86164611,34,34.38,34,34.03,61637600,2026-02-21T03:46:12Z
MSFT,2008-01-16,23.77,24.07,23.26,23.91,168843518,33.23,33.65,32.51,33.42,120781800,2026-02-21T03:46:12Z
MSFT,2008-01-17,23.69,24.18,23.59,23.99,131759619,33.11,33.8,32.97,33.54,94253696,2026-02-21T03:46:12Z
MSFT,2008-01-18,23.61,24.32,23.59,23.72,163643547,33.01,34,32.97,33.16,117061904,2026-02-21T03:46:12Z
MSFT,2008-01-22,22.88,23.27,22.53,22.56,152186502,31.99,32.53,31.5,31.54,108866400,2026-02-21T03:46:12Z
MSFT,2008-01-23,22.84,22.93,22.2,22.52,192432471,31.93,32.05,31.04,31.48,137655808,2026-02-21T03:46:12Z
MSFT,2008-01-24,23.79,23.86,22.98,23.14,217573045,33.25,33.36,32.12,32.35,155640304,2026-02-21T03:46:12Z
MSFT,2008-01-25,23.56,25.04,23.51,24.97,275380260,32.94,35,32.87,34.9,196992192,2026-02-21T03:46:12Z
MSFT,2008-01-28,23.41,23.68,23.19,23.62,113257953,32.72,33.1,32.42,33.02,81018896,2026-02-21T03:46:12Z
MSFT,2008-01-29,23.32,23.53,23.14,23.5,95090814,32.6,32.89,32.35,32.85,68022896,2026-02-21T03:46:12Z
MSFT,2008-01-30,23.03,23.46,22.93,23.29,148784261,32.2,32.8,32.05,32.56,106432496,2026-02-21T03:46:12Z
MSFT,2008-01-31,23.32,23.42,22.69,22.83,144883745,32.6,32.74,31.72,31.91,103642096,2026-02-21T03:46:12Z
MSFT,2008-02-01,21.78,23.79,21.64,22.22,406989951,30.45,33.25,30.25,31.06,291138816,2026-02-21T03:46:12Z
MSFT,2008-02-04,21.6,21.98,21.54,21.81,167748852,30.19,30.72,30.11,30.49,119998496,2026-02-21T03:46:12Z
MSFT,2008-02-05,20.8,21.42,20.67,21.4,192262284,29.07,29.94,28.89,29.91,137534000,2026-02-21T03:46:12Z
MSFT,2008-02-06,20.4,21,20.24,20.95,193354399,28.52,29.35,28.29,29.28,138315504,2026-02-21T03:46:12Z
MSFT,2008-02-07,20.12,20.59,19.96,20.27,231031453,28.12,28.78,27.9,28.34,165268000,2026-02-21T03:46:12Z
MSFT,2008-02-08,20.43,20.8,20.2,20.24,174561395,28.56,29.08,28.24,28.29,124871904,2026-02-21T03:46:12Z
MSFT,2008-02-11,20.18,20.47,19.97,20.4,219214452,28.21,28.61,27.91,28.52,156814096,2026-02-21T03:46:12Z
MSFT,2008-02-12,20.27,20.47,20.11,20.34,117937092,28.34,28.62,28.11,28.43,84365800,2026-02-21T03:46:12Z
MSFT,2008-02-13,20.72,20.78,20.41,20.47,124406736,28.96,29.05,28.53,28.62,88994200,2026-02-21T03:46:12Z
MSFT,2008-02-14,20.39,20.77,20.36,20.66,96615157,28.5,29.04,28.46,28.88,69113400,2026-02-21T03:46:12Z
MSFT,2008-02-15,20.33,20.49,20.21,20.25,95290635,28.42,28.64,28.25,28.31,68166000,2026-02-21T03:46:12Z
MSFT,2008-02-19,20.23,20.71,20.16,20.68,95044918,28.17,28.84,28.07,28.8,68254200,2026-02-21T03:46:12Z
MSFT,2008-02-20,20.27,20.29,20.05,20.22,129581949,28.22,28.26,27.92,28.15,93056096,2026-02-21T03:46:12Z
MSFT,2008-02-21,20.18,20.8,20.08,20.55,137557916,28.1,28.96,27.96,28.62,98784200,2026-02-21T03:46:12Z
MSFT,2008-02-22,19.88,20.39,19.53,20.24,175057116,27.68,28.39,27.2,28.19,125712896,2026-02-21T03:46:12Z
MSFT,2008-02-25,19.99,20.28,19.73,19.86,153140608,27.84,28.24,27.48,27.65,109974096,2026-02-21T03:46:12Z
MSFT,2008-02-26,20.38,20.73,19.87,19.93,151681710,28.38,28.86,27.67,27.75,108926496,2026-02-21T03:46:12Z
MSFT,2008-02-27,20.29,20.6,20.18,20.24,104715860,28.26,28.68,28.1,28.19,75199400,2026-02-21T03:46:12Z
MSFT,2008-02-28,20.06,20.3,19.96,20.12,115592293,27.93,28.27,27.8,28.02,83010000,2026-02-21T03:46:12Z
MSFT,2008-02-29,19.53,19.99,19.4,19.89,163497020,27.2,27.83,27.02,27.69,117411296,2026-02-21T03:46:12Z
MSFT,2008-03-03,19.38,19.67,19.3,19.56,106640029,26.99,27.39,26.87,27.24,76580896,2026-02-21T03:46:12Z
MSFT,2008-03-04,19.81,19.84,19.36,19.4,121044887,27.59,27.63,26.96,27.02,86925504,2026-02-21T03:46:12Z
MSFT,2008-03-05,20.19,20.4,19.89,19.93,148288479,28.12,28.41,27.7,27.75,106489800,2026-02-21T03:46:12Z
MSFT,2008-03-06,19.8,20.23,19.75,20.15,126905304,27.57,28.17,27.5,28.06,91134304,2026-02-21T03:46:12Z
MSFT,2008-03-07,20.01,20.16,19.62,19.63,108068626,27.87,28.07,27.32,27.34,77607000,2026-02-21T03:46:12Z
MSFT,2008-03-10,20.14,20.29,19.93,19.99,101010078,28.05,28.26,27.75,27.83,72538200,2026-02-21T03:46:12Z
MSFT,2008-03-11,21.03,21.07,20.38,20.4,137529725,29.28,29.34,28.38,28.4,98764000,2026-02-21T03:46:12Z
MSFT,2008-03-12,20.56,21.18,20.5,21.13,105822110,28.63,29.49,28.54,29.43,75993800,2026-02-21T03:46:12Z
MSFT,2008-03-13,20.55,20.82,20.22,20.5,117746701,28.62,28.99,28.16,28.54,84557104,2026-02-21T03:46:12Z
MSFT,2008-03-14,20.08,20.83,19.85,20.63,146513028,27.96,29.01,27.64,28.72,105214800,2026-02-21T03:46:12Z
MSFT,2008-03-17,20.32,20.63,19.59,19.61,117663548,28.3,28.73,27.28,27.3,84497400,2026-02-21T03:46:12Z
MSFT,2008-03-18,21.13,21.17,20.59,20.59,116546490,29.42,29.48,28.67,28.67,83695200,2026-02-21T03:46:12Z
MSFT,2008-03-19,20.55,21.25,20.55,21.1,85572170,28.62,29.59,28.62,29.38,61451700,2026-02-21T03:46:12Z
MSFT,2008-03-20,20.95,20.98,20.53,20.64,83795525,29.18,29.22,28.59,28.74,60175700,2026-02-21T03:46:12Z
MSFT,2008-03-24,20.95,21.11,20.87,21.06,67254011,29.17,29.4,29.06,29.33,48297000,2026-02-21T03:46:12Z
MSFT,2008-03-25,20.93,21.09,20.78,21.06,68579852,29.14,29.37,28.94,29.33,49249000,2026-02-21T03:46:12Z
MSFT,2008-03-26,20.51,20.88,20.38,20.85,63871727,28.56,29.07,28.38,29.03,45868000,2026-02-21T03:46:12Z
MSFT,2008-03-27,20.14,20.46,20.11,20.45,66693234,28.05,28.49,28,28.48,47894300,2026-02-21T03:46:12Z
MSFT,2008-03-28,20.04,20.42,19.99,20.27,68597977,27.91,28.43,27.83,28.23,49262000,2026-02-21T03:46:12Z
MSFT,2008-03-31,20.38,20.53,19.99,20.02,65142519,28.38,28.59,27.84,27.88,46780500,2026-02-21T03:46:12Z
MSFT,2008-04-01,21.18,21.21,20.56,20.7,91622017,29.5,29.54,28.63,28.83,65796100,2026-02-21T03:46:12Z
MSFT,2008-04-02,20.94,21.24,20.83,21.24,68938031,29.16,29.58,29,29.57,49506300,2026-02-21T03:46:12Z
MSFT,2008-04-03,20.83,21.06,20.68,20.83,54259995,29,29.32,28.8,29,38965600,2026-02-21T03:46:12Z
MSFT,2008-04-04,20.94,21.01,20.64,20.92,61130781,29.16,29.26,28.74,29.13,43899700,2026-02-21T03:46:12Z
MSFT,2008-04-07,20.94,21.25,20.85,21.22,61888728,29.16,29.59,29.03,29.55,44444000,2026-02-21T03:46:12Z
MSFT,2008-04-08,20.65,20.83,20.5,20.78,64854850,28.75,29,28.54,28.94,46573900,2026-02-21T03:46:12Z
MSFT,2008-04-09,20.75,20.85,20.5,20.63,63856912,28.89,29.04,28.54,28.72,45857400,2026-02-21T03:46:12Z
MSFT,2008-04-10,20.9,21.11,20.68,20.7,91344330,29.11,29.4,28.8,28.83,65596900,2026-02-21T03:46:12Z
MSFT,2008-04-11,20.31,20.83,20.26,20.73,75715979,28.28,29.01,28.21,28.87,54373600,2026-02-21T03:46:12Z
MSFT,2008-04-14,20.15,20.33,20.06,20.28,60460189,28.06,28.31,27.93,28.24,43418000,2026-02-21T03:46:12Z
MSFT,2008-04-15,20.29,20.45,20.13,20.2,47776895,28.25,28.48,28.03,28.13,34309900,2026-02-21T03:46:12Z
MSFT,2008-04-16,20.79,20.86,20.38,20.5,75344945,28.95,29.05,28.38,28.55,54107300,2026-02-21T03:46:12Z
MSFT,2008-04-17,20.98,21.07,20.75,20.91,67918812,29.22,29.34,28.9,29.12,48774400,2026-02-21T03:46:12Z
MSFT,2008-04-18,21.54,21.62,21.26,21.55,102570765,30,30.1,29.61,30.01,73658800,2026-02-21T03:46:12Z
MSFT,2008-04-21,21.85,21.98,21.63,21.68,75768993,30.42,30.6,30.12,30.19,54411700,2026-02-21T03:46:12Z
MSFT,2008-04-22,21.72,22.05,21.52,22,93837896,30.25,30.7,29.97,30.64,67387400,2026-02-21T03:46:12Z
MSFT,2008-04-23,22.59,22.59,21.76,21.89,136955402,31.45,31.46,30.3,30.48,98351400,2026-02-21T03:46:12Z
MSFT,2008-04-24,22.84,23.05,22.38,22.71,162160173,31.8,32.1,31.16,31.63,116451400,2026-02-21T03:46:12Z
MSFT,2008-04-25,21.42,21.82,21.26,21.58,202185689,29.83,30.39,29.6,30.05,145194800,2026-02-21T03:46:12Z
MSFT,2008-04-28,20.82,21.43,20.7,21.4,135732122,28.99,29.84,28.82,29.8,97472896,2026-02-21T03:46:12Z
MSFT,2008-04-29,20.57,20.75,20.43,20.68,117568386,28.64,28.9,28.45,28.8,84428800,2026-02-21T03:46:12Z
MSFT,2008-04-30,20.48,20.98,20.47,20.64,104067157,28.52,29.21,28.51,28.74,74733504,2026-02-21T03:46:12Z
MSFT,2008-05-01,21.11,21.18,20.45,20.47,99842244,29.4,29.49,28.48,28.5,71699296,2026-02-21T03:46:12Z
MSFT,2008-05-02,21,21.27,20.73,21.24,91939456,29.24,29.62,28.86,29.58,66024100,2026-02-21T03:46:12Z
MSFT,2008-05-05,20.88,21.71,20.82,21.49,166666598,29.08,30.23,28.99,29.93,119687600,2026-02-21T03:46:12Z
MSFT,2008-05-06,21.33,21.44,20.78,20.83,130313693,29.7,29.86,28.93,29,93581904,2026-02-21T03:46:12Z
MSFT,2008-05-07,20.98,21.64,20.88,21.32,123630996,29.21,30.14,29.08,29.69,88782800,2026-02-21T03:46:12Z
MSFT,2008-05-08,21.02,21.11,20.83,21.04,96906856,29.27,29.39,29,29.3,69591504,2026-02-21T03:46:12Z
MSFT,2008-05-09,21.11,21.22,20.79,20.94,71883145,29.39,29.55,28.95,29.16,51621100,2026-02-21T03:46:12Z
MSFT,2008-05-12,21.54,21.59,21.08,21.11,89519383,29.99,30.06,29.35,29.4,64286200,2026-02-21T03:46:12Z
MSFT,2008-05-13,21.46,21.72,21.28,21.62,98415166,29.78,30.13,29.53,30,70934600,2026-02-21T03:46:12Z
MSFT,2008-05-14,21.57,21.81,21.43,21.54,92593102,29.93,30.26,29.73,29.89,66738500,2026-02-21T03:46:12Z
MSFT,2008-05-15,21.95,22.01,21.58,21.61,74036890,30.45,30.53,29.94,29.98,53363700,2026-02-21T03:46:12Z
MSFT,2008-05-16,21.62,21.97,21.57,21.96,113132022,29.99,30.48,29.92,30.47,81542200,2026-02-21T03:46:12Z
MSFT,2008-05-19,21.23,21.54,21.13,21.53,82725353,29.46,29.89,29.31,29.87,59626000,2026-02-21T03:46:12Z
MSFT,2008-05-20,20.73,21.13,20.64,21.12,105119948,28.76,29.31,28.63,29.3,75767504,2026-02-21T03:46:12Z
MSFT,2008-05-21,20.36,20.94,20.32,20.77,83417539,28.25,29.05,28.19,28.81,60125000,2026-02-21T03:46:12Z
MSFT,2008-05-22,20.52,20.69,20.31,20.38,72436081,28.47,28.7,28.18,28.28,52209700,2026-02-21T03:46:12Z
MSFT,2008-05-23,20.22,20.42,20.15,20.37,67859785,28.05,28.33,27.95,28.26,48911300,2026-02-21T03:46:12Z
MSFT,2008-05-27,20.5,20.54,20.22,20.26,65672125,28.44,28.5,28.05,28.11,47334500,2026-02-21T03:46:12Z
MSFT,2008-05-28,20.31,20.59,20.21,20.59,72586812,28.18,28.57,28.04,28.56,52318400,2026-02-21T03:46:12Z
MSFT,2008-05-29,20.41,20.67,20.28,20.33,66177967,28.31,28.68,28.14,28.21,47699100,2026-02-21T03:46:12Z
MSFT,2008-05-30,20.41,20.69,20.33,20.46,87960261,28.32,28.7,28.2,28.38,63399100,2026-02-21T03:46:12Z
MSFT,2008-06-02,20.04,20.44,19.86,20.36,106820658,27.8,28.36,27.55,28.24,76993104,2026-02-21T03:46:12Z
MSFT,2008-06-03,19.68,20.41,19.66,20.12,127156418,27.31,28.31,27.27,27.91,91650400,2026-02-21T03:46:12Z
MSFT,2008-06-04,19.85,19.92,19.61,19.66,110453577,27.54,27.64,27.2,27.28,79611600,2026-02-21T03:46:12Z
MSFT,2008-06-05,20.4,20.4,19.89,19.99,105530550,28.3,28.3,27.6,27.73,76063296,2026-02-21T03:46:12Z
MSFT,2008-06-06,19.81,20.3,19.81,20.17,108912099,27.49,28.17,27.49,27.99,78500704,2026-02-21T03:46:12Z
MSFT,2008-06-09,19.97,20.12,19.68,19.93,92660791,27.71,27.91,27.3,27.65,66787000,2026-02-21T03:46:12Z
MSFT,2008-06-10,20.1,20.39,19.69,19.74,107431909,27.89,28.29,27.32,27.38,77433800,2026-02-21T03:46:12Z
MSFT,2008-06-11,19.55,20.14,19.54,20.07,82315641,27.12,27.94,27.11,27.85,59330700,2026-02-21T03:46:12Z
MSFT,2008-06-12,20.35,20.58,19.6,19.75,158158618,28.24,28.55,27.19,27.4,113996304,2026-02-21T03:46:12Z
MSFT,2008-06-13,20.95,21.31,20.54,20.64,183094314,29.07,29.57,28.5,28.63,131969000,2026-02-21T03:46:12Z
MSFT,2008-06-16,20.85,20.98,20.64,20.92,103674002,28.93,29.11,28.64,29.03,74725200,2026-02-21T03:46:12Z
MSFT,2008-06-17,20.76,20.99,20.75,20.9,61402041,28.8,29.12,28.79,29,44256800,2026-02-21T03:46:12Z
MSFT,2008-06-18,20.51,20.8,20.51,20.58,68923281,28.46,28.86,28.46,28.55,49677800,2026-02-21T03:46:12Z
MSFT,2008-06-19,20.85,21.04,20.42,20.58,86085200,28.93,29.19,28.33,28.55,62047700,2026-02-21T03:46:12Z
MSFT,2008-06-20,20.35,20.85,20.25,20.83,135255879,28.23,28.92,28.1,28.9,97488200,2026-02-21T03:46:12Z
MSFT,2008-06-23,20.16,20.48,20.03,20.41,79290898,27.97,28.41,27.79,28.32,57150400,2026-02-21T03:46:12Z
MSFT,2008-06-24,19.99,20.19,19.83,20.12,90493703,27.73,28.01,27.51,27.92,65225300,2026-02-21T03:46:12Z
MSFT,2008-06-25,20.43,20.67,20.01,20.04,89182672,28.35,28.67,27.76,27.8,64280100,2026-02-21T03:46:12Z
MSFT,2008-06-26,20,20.33,20,20.2,93023977,27.75,28.2,27.75,28.03,67049000,2026-02-21T03:46:12Z
MSFT,2008-06-27,19.91,20.12,19.79,19.95,101904908,27.63,27.91,27.46,27.68,73450096,2026-02-21T03:46:12Z
MSFT,2008-06-30,19.83,20.17,19.81,19.99,80242452,27.51,27.98,27.49,27.73,57836400,2026-02-21T03:46:12Z
MSFT,2008-07-01,19.37,19.74,19.06,19.66,139194957,26.87,27.38,26.44,27.27,100327600,2026-02-21T03:46:12Z
MSFT,2008-07-02,18.65,19.46,18.65,19.4,117517266,25.88,27,25.88,26.91,84702800,2026-02-21T03:46:12Z
MSFT,2008-07-03,18.73,18.81,18.45,18.7,51440001,25.98,26.1,25.6,25.95,37076400,2026-02-21T03:46:12Z
MSFT,2008-07-07,18.76,19.02,18.34,18.81,99237460,26.03,26.39,25.45,26.1,71527600,2026-02-21T03:46:12Z
MSFT,2008-07-08,18.63,18.88,18.39,18.69,90972589,25.85,26.2,25.51,25.93,65570300,2026-02-21T03:46:12Z
MSFT,2008-07-09,18.18,18.63,18.15,18.59,75280578,25.23,25.85,25.18,25.79,54259900,2026-02-21T03:46:12Z
MSFT,2008-07-10,18.34,18.5,18.01,18.17,80243755,25.45,25.67,24.98,25.21,57837300,2026-02-21T03:46:12Z
MSFT,2008-07-11,18.2,18.48,17.93,18.14,96469439,25.25,25.64,24.87,25.16,69532496,2026-02-21T03:46:12Z
MSFT,2008-07-14,18.13,18.6,18.07,18.36,71066643,25.15,25.81,25.07,25.48,51222800,2026-02-21T03:46:12Z
MSFT,2008-07-15,18.85,19.2,17.97,17.97,128641418,26.15,26.64,24.93,24.93,92720704,2026-02-21T03:46:12Z
MSFT,2008-07-16,19.65,19.67,18.68,18.83,113850833,27.26,27.29,25.92,26.13,82060304,2026-02-21T03:46:12Z
MSFT,2008-07-17,19.84,20.12,19.54,19.88,133920604,27.52,27.91,27.11,27.58,96526000,2026-02-21T03:46:12Z
MSFT,2008-07-18,18.64,19.08,18.1,19,208495089,25.86,26.47,25.11,26.36,150276896,2026-02-21T03:46:12Z
MSFT,2008-07-21,18.48,18.86,18.4,18.5,107628316,25.64,26.17,25.53,25.66,77575504,2026-02-21T03:46:12Z
MSFT,2008-07-22,18.6,18.7,18.36,18.41,123003088,25.8,25.94,25.48,25.54,88657104,2026-02-21T03:46:12Z
MSFT,2008-07-23,19.05,19.35,18.63,18.64,110171767,26.43,26.84,25.85,25.86,79408704,2026-02-21T03:46:12Z
MSFT,2008-07-24,18.34,18.86,18.34,18.81,112508085,25.44,26.17,25.44,26.09,81092496,2026-02-21T03:46:12Z
MSFT,2008-07-25,18.86,18.9,18.38,18.48,81415742,26.16,26.22,25.5,25.64,58682200,2026-02-21T03:46:12Z
MSFT,2008-07-28,18.38,18.82,18.26,18.78,82846973,25.5,26.11,25.34,26.06,59713500,2026-02-21T03:46:12Z
MSFT,2008-07-29,18.82,18.88,18.31,18.39,92085572,26.11,26.19,25.4,25.52,66372500,2026-02-21T03:46:12Z
MSFT,2008-07-30,18.91,19.09,18.67,18.88,72117308,26.23,26.49,25.9,26.2,51980000,2026-02-21T03:46:12Z
MSFT,2008-07-31,18.54,18.94,18.53,18.63,83888496,25.72,26.28,25.71,25.85,60464300,2026-02-21T03:46:12Z
MSFT,2008-08-01,18.34,18.7,18.07,18.7,114787309,25.44,25.95,25.07,25.95,82735296,2026-02-21T03:46:12Z
MSFT,2008-08-04,18.22,18.42,18.1,18.3,84066048,25.28,25.55,25.11,25.39,60592400,2026-02-21T03:46:12Z
MSFT,2008-08-05,18.89,18.94,18.38,18.48,116965080,26.21,26.28,25.5,25.64,84305000,2026-02-21T03:46:12Z
MSFT,2008-08-06,19.48,19.58,19.01,19.27,132566462,27.02,27.16,26.38,26.73,95549904,2026-02-21T03:46:12Z
MSFT,2008-08-07,19.74,20,19.27,19.39,114552011,27.39,27.75,26.73,26.9,82565696,2026-02-21T03:46:12Z
MSFT,2008-08-08,20.28,20.35,19.6,19.71,112126535,28.13,28.23,27.19,27.35,80817600,2026-02-21T03:46:12Z
MSFT,2008-08-11,20.11,20.47,19.94,20.08,95384441,27.9,28.4,27.66,27.86,68750304,2026-02-21T03:46:12Z
MSFT,2008-08-12,20.27,20.44,19.88,20.02,87147566,28.12,28.36,27.58,27.78,62813500,2026-02-21T03:46:12Z
MSFT,2008-08-13,20.12,20.54,20.01,20.23,70988632,27.91,28.5,27.76,28.07,51166500,2026-02-21T03:46:12Z
MSFT,2008-08-14,20.12,20.38,19.86,20.05,68874510,27.91,28.28,27.56,27.81,49642700,2026-02-21T03:46:12Z
MSFT,2008-08-15,20.04,20.29,19.88,20.17,65581160,27.81,28.15,27.58,27.98,47268900,2026-02-21T03:46:12Z
MSFT,2008-08-18,19.96,20.22,19.86,20.02,52829809,27.69,28.05,27.55,27.78,38078100,2026-02-21T03:46:12Z
MSFT,2008-08-19,19.77,20.08,19.73,19.93,55743856,27.32,27.75,27.27,27.54,40338800,2026-02-21T03:46:12Z
MSFT,2008-08-20,19.75,19.96,19.66,19.93,57344475,27.29,27.58,27.17,27.54,41497100,2026-02-21T03:46:12Z
MSFT,2008-08-21,19.67,19.7,19.44,19.61,60270348,27.18,27.23,26.86,27.1,43614400,2026-02-21T03:46:12Z
MSFT,2008-08-22,20.15,20.18,19.7,19.7,66234472,27.84,27.88,27.22,27.23,47930300,2026-02-21T03:46:12Z
MSFT,2008-08-25,20.02,20.15,19.87,19.99,71004083,27.66,27.84,27.46,27.62,51381700,2026-02-21T03:46:12Z
MSFT,2008-08-26,19.73,20.06,19.66,19.98,61874808,27.27,27.72,27.17,27.61,44775400,2026-02-21T03:46:12Z
MSFT,2008-08-27,19.94,20.11,19.63,19.79,46952335,27.56,27.79,27.13,27.34,33976900,2026-02-21T03:46:12Z
MSFT,2008-08-28,20.22,20.27,19.97,19.98,66856954,27.94,28.01,27.6,27.61,48380600,2026-02-21T03:46:12Z
MSFT,2008-08-29,19.75,20.1,19.75,20.05,70136224,27.29,27.78,27.29,27.7,50753800,2026-02-21T03:46:12Z
MSFT,2008-09-02,19.61,20.09,19.58,20.02,91318440,27.1,27.76,27.06,27.67,66082200,2026-02-21T03:46:12Z
MSFT,2008-09-03,19.47,19.67,19.42,19.54,78945409,26.9,27.18,26.84,27,57128600,2026-02-21T03:46:12Z
MSFT,2008-09-04,19.07,19.46,19.07,19.35,92495370,26.35,26.89,26.35,26.74,66934000,2026-02-21T03:46:12Z
MSFT,2008-09-05,18.56,18.97,18.55,18.87,113736811,25.65,26.22,25.63,26.08,82305104,2026-02-21T03:46:12Z
MSFT,2008-09-08,18.9,19.05,18.58,18.97,85834254,26.12,26.33,25.67,26.21,62113500,2026-02-21T03:46:12Z
MSFT,2008-09-09,18.89,19.25,18.85,18.96,118477640,26.1,26.6,26.05,26.2,85735600,2026-02-21T03:46:12Z
MSFT,2008-09-10,19.13,19.44,19,19.2,103731520,26.44,26.86,26.25,26.53,75064896,2026-02-21T03:46:12Z
MSFT,2008-09-11,19.78,19.87,18.84,18.89,100759947,27.34,27.46,26.03,26.1,72914600,2026-02-21T03:46:12Z
MSFT,2008-09-12,19.99,20.07,19.5,19.64,104510228,27.62,27.74,26.94,27.14,75628400,2026-02-21T03:46:12Z
MSFT,2008-09-15,19.41,19.89,19.34,19.48,113797677,26.82,27.49,26.73,26.92,82349296,2026-02-21T03:46:12Z
MSFT,2008-09-16,18.81,19.17,18.47,18.88,154398625,25.99,26.49,25.52,26.09,111729600,2026-02-21T03:46:12Z
MSFT,2008-09-17,17.78,18.72,17.73,18.62,147823508,24.57,25.87,24.5,25.73,106972000,2026-02-21T03:46:12Z
MSFT,2008-09-18,18.28,18.34,17.38,17.95,182812014,25.26,25.35,24.01,24.8,132291200,2026-02-21T03:46:12Z
MSFT,2008-09-19,18.21,19.1,17.01,19.08,186475494,25.16,26.4,23.5,26.37,134942000,2026-02-21T03:46:12Z
MSFT,2008-09-22,18.38,19.05,18.32,18.97,145385648,25.4,26.32,25.32,26.22,105207696,2026-02-21T03:46:12Z
MSFT,2008-09-23,18.41,18.94,18.34,18.57,127476095,25.44,26.17,25.34,25.66,92247296,2026-02-21T03:46:12Z
MSFT,2008-09-24,18.61,18.88,18.42,18.52,110904221,25.72,26.09,25.46,25.6,80255504,2026-02-21T03:46:12Z
MSFT,2008-09-25,19.26,19.45,18.63,18.68,132942766,26.61,26.88,25.74,25.82,96203400,2026-02-21T03:46:12Z
MSFT,2008-09-26,19.83,19.94,18.92,18.94,139217525,27.4,27.56,26.14,26.17,100744200,2026-02-21T03:46:12Z
MSFT,2008-09-29,18.1,20.02,18.1,19.5,185702676,25.01,27.66,25.01,26.94,134383104,2026-02-21T03:46:12Z
MSFT,2008-09-30,19.31,19.31,18.48,18.65,148152636,26.69,26.69,25.54,25.77,107210000,2026-02-21T03:46:12Z
MSFT,2008-10-01,19.16,19.53,19.02,19.09,122970646,26.48,26.99,26.28,26.38,88987000,2026-02-21T03:46:12Z
MSFT,2008-10-02,19,19.2,18.6,18.96,129661783,26.25,26.53,25.7,26.2,93829200,2026-02-21T03:46:12Z
MSFT,2008-10-03,19.05,19.88,18.99,19.08,160394409,26.32,27.47,26.24,26.37,116068400,2026-02-21T03:46:12Z
MSFT,2008-10-06,18.03,18.81,17.47,18.55,202321414,24.91,25.99,24.14,25.63,146408896,2026-02-21T03:46:12Z
MSFT,2008-10-07,16.81,18.24,16.75,18.08,201711567,23.23,25.21,23.14,24.98,145967808,2026-02-21T03:46:12Z
MSFT,2008-10-08,16.65,17.59,16.28,16.57,237169189,23.01,24.3,22.5,22.9,171626592,2026-02-21T03:46:12Z
MSFT,2008-10-09,16.14,17.3,15.97,17.2,182364915,22.3,23.91,22.07,23.77,131967600,2026-02-21T03:46:12Z
MSFT,2008-10-10,15.56,16.17,14.94,15.78,315746570,21.5,22.35,20.65,21.8,228488896,2026-02-21T03:46:12Z
MSFT,2008-10-13,18.45,18.45,16.38,16.54,200346555,25.5,25.5,22.63,22.86,144980192,2026-02-21T03:46:12Z
MSFT,2008-10-14,17.44,18.62,17.08,18.55,228957602,24.1,25.73,23.6,25.64,165683600,2026-02-21T03:46:12Z
MSFT,2008-10-15,16.4,17.55,16.27,17.21,156540924,22.66,24.25,22.48,23.78,113280096,2026-02-21T03:46:12Z
MSFT,2008-10-16,17.51,17.51,15.42,16.6,222688553,24.19,24.19,21.31,22.94,161147696,2026-02-21T03:46:12Z
MSFT,2008-10-17,17.32,18.17,16.87,17.06,184726343,23.93,25.11,23.31,23.57,133676096,2026-02-21T03:46:12Z
MSFT,2008-10-20,17.89,17.91,16.65,17.51,129188916,24.72,24.75,23.01,24.2,93486896,2026-02-21T03:46:12Z
MSFT,2008-10-21,16.9,18.1,16.84,17.59,138711917,23.36,25.01,23.27,24.3,100378496,2026-02-21T03:46:12Z
MSFT,2008-10-22,15.58,16.69,15.12,16.67,207359243,21.53,23.06,20.9,23.04,150054704,2026-02-21T03:46:12Z
MSFT,2008-10-23,16.15,16.35,15.12,15.6,213880534,22.32,22.59,20.89,21.55,154774000,2026-02-21T03:46:12Z
MSFT,2008-10-24,15.89,16.54,15.16,15.24,212701005,21.96,22.86,20.95,21.06,153919600,2026-02-21T03:46:12Z
MSFT,2008-10-27,15.33,15.89,15.21,15.67,162679638,21.18,21.96,21.02,21.66,117722304,2026-02-21T03:46:12Z
MSFT,2008-10-28,16.72,16.8,15.44,15.66,185322487,23.1,23.21,21.34,21.64,134107696,2026-02-21T03:46:12Z
MSFT,2008-10-29,16.64,17.35,16.43,16.74,154445107,23,23.97,22.7,23.13,111763200,2026-02-21T03:46:12Z
MSFT,2008-10-30,16.38,17.28,16.2,17.14,131725932,22.63,23.88,22.39,23.69,95322896,2026-02-21T03:46:12Z
MSFT,2008-10-31,16.16,16.58,16.01,16.27,128603883,22.33,22.91,22.12,22.49,93063600,2026-02-21T03:46:12Z
MSFT,2008-11-03,16.37,16.58,16.07,16.27,85603455,22.62,22.91,22.21,22.48,61946700,2026-02-21T03:46:12Z
MSFT,2008-11-04,17.03,17.12,16.55,16.74,99764757,23.53,23.66,22.87,23.13,72194400,2026-02-21T03:46:12Z
MSFT,2008-11-05,15.98,16.89,15.96,16.88,112232523,22.08,23.34,22.05,23.33,81216600,2026-02-21T03:46:12Z
MSFT,2008-11-06,15.11,15.98,15.1,15.83,132065641,20.88,22.08,20.86,21.87,95568600,2026-02-21T03:46:12Z
MSFT,2008-11-07,15.56,15.59,15.2,15.43,98035293,21.5,21.54,21,21.32,70942896,2026-02-21T03:46:12Z
MSFT,2008-11-10,15.41,15.9,15.33,15.81,93419795,21.3,21.97,21.19,21.85,67602600,2026-02-21T03:46:12Z
MSFT,2008-11-11,15.34,15.41,15.05,15.41,107832672,21.2,21.3,20.79,21.29,78032704,2026-02-21T03:46:12Z
MSFT,2008-11-12,14.69,15.2,14.68,15.12,124591143,20.3,21,20.28,20.89,90159800,2026-02-21T03:46:12Z
MSFT,2008-11-13,15.38,15.38,13.56,14.57,205214832,21.25,21.25,18.74,20.14,148503104,2026-02-21T03:46:12Z
MSFT,2008-11-14,14.52,15.44,14.22,14.87,133528203,20.06,21.34,19.65,20.55,96626896,2026-02-21T03:46:12Z
MSFT,2008-11-17,13.98,14.65,13.86,14.29,134454258,19.32,20.24,19.15,19.74,97297000,2026-02-21T03:46:12Z
MSFT,2008-11-18,14.29,14.32,13.66,14.19,149591921,19.62,19.66,18.75,19.48,108984800,2026-02-21T03:46:12Z
MSFT,2008-11-19,13.33,14.53,13.3,14.3,141444539,18.29,19.95,18.25,19.63,103048800,2026-02-21T03:46:12Z
MSFT,2008-11-20,12.77,13.73,12.75,13.2,191522325,17.53,18.84,17.5,18.12,139532704,2026-02-21T03:46:12Z
MSFT,2008-11-21,14.34,14.35,13.1,13.11,215834471,19.68,19.7,17.98,17.99,157245504,2026-02-21T03:46:12Z
MSFT,2008-11-24,15.07,15.26,14.48,14.49,171985073,20.69,20.94,19.87,19.89,125298896,2026-02-21T03:46:12Z
MSFT,2008-11-25,14.56,15.25,14.24,15.2,127612373,19.99,20.93,19.55,20.86,92971904,2026-02-21T03:46:12Z
MSFT,2008-11-26,14.93,15.07,14.37,14.37,109371594,20.49,20.68,19.73,19.73,79682200,2026-02-21T03:46:12Z
MSFT,2008-11-28,14.73,14.8,14.59,14.74,43060970,20.22,20.31,20.02,20.23,31371900,2026-02-21T03:46:12Z
MSFT,2008-12-01,13.56,14.53,13.55,14.48,109633916,18.61,19.95,18.6,19.88,79873696,2026-02-21T03:46:12Z
MSFT,2008-12-02,13.95,14.07,13.52,13.84,109385065,19.15,19.31,18.56,18.99,79692304,2026-02-21T03:46:12Z
MSFT,2008-12-03,14.48,14.5,13.55,13.59,111139795,19.87,19.9,18.6,18.65,80970400,2026-02-21T03:46:12Z
MSFT,2008-12-04,13.92,14.51,13.69,14.13,108057404,19.11,19.92,18.79,19.4,78724704,2026-02-21T03:46:12Z
MSFT,2008-12-05,14.48,14.56,13.46,13.78,126276673,19.87,19.98,18.47,18.91,91998304,2026-02-21T03:46:12Z
MSFT,2008-12-08,15.31,15.48,14.67,14.83,147182975,21.01,21.25,20.14,20.35,107229904,2026-02-21T03:46:12Z
MSFT,2008-12-09,15.01,15.48,14.91,15.02,110492989,20.6,21.25,20.46,20.62,80499504,2026-02-21T03:46:12Z
MSFT,2008-12-10,15.02,15.27,14.79,15.17,84416671,20.61,20.96,20.3,20.82,61501700,2026-02-21T03:46:12Z
MSFT,2008-12-11,14.17,14.66,14.07,14.65,114782480,19.45,20.12,19.31,20.11,83624200,2026-02-21T03:46:12Z
MSFT,2008-12-12,14.1,14.46,13.62,13.95,107241587,19.36,19.85,18.7,19.15,78130704,2026-02-21T03:46:12Z
MSFT,2008-12-15,13.87,14.16,13.76,14.09,82268616,19.04,19.44,18.89,19.34,59936400,2026-02-21T03:46:12Z
MSFT,2008-12-16,14.65,14.7,13.84,14,134112513,20.11,20.18,19,19.21,97707400,2026-02-21T03:46:12Z
MSFT,2008-12-17,14.32,14.61,14.21,14.43,108520641,19.66,20.05,19.5,19.81,79062200,2026-02-21T03:46:12Z
MSFT,2008-12-18,14.06,14.59,13.84,14.47,110857295,19.3,20.02,18.99,19.86,80765000,2026-02-21T03:46:12Z
MSFT,2008-12-19,13.93,14.43,13.92,14.15,158441611,19.12,19.8,19.11,19.42,115432000,2026-02-21T03:46:12Z
MSFT,2008-12-22,13.97,14.05,13.76,14.02,80403775,19.18,19.29,18.89,19.25,58577800,2026-02-21T03:46:12Z
MSFT,2008-12-23,14.05,14.26,13.85,14.05,65247339,19.28,19.57,19.01,19.28,47535800,2026-02-21T03:46:12Z
MSFT,2008-12-24,13.97,14.17,13.92,14.03,23188531,19.17,19.45,19.1,19.26,16894000,2026-02-21T03:46:12Z
MSFT,2008-12-26,13.94,14.08,13.91,13.99,31713266,19.13,19.33,19.09,19.2,23104600,2026-02-21T03:46:12Z
MSFT,2008-12-29,13.81,14,13.58,13.95,80826754,18.96,19.21,18.64,19.15,58886300,2026-02-21T03:46:12Z
MSFT,2008-12-30,14.09,14.2,13.84,13.85,59335631,19.34,19.49,19,19.01,43228800,2026-02-21T03:46:12Z
MSFT,2008-12-31,14.16,14.34,14.04,14.07,63722381,19.44,19.68,19.27,19.31,46424900,2026-02-21T03:46:12Z
MSFT,2009-01-02,14.81,14.86,14.11,14.23,68796748,20.33,20.4,19.37,19.53,50121800,2026-02-21T03:46:12Z
MSFT,2009-01-05,14.95,15.06,14.62,14.72,84382258,20.52,20.67,20.06,20.2,61476500,2026-02-21T03:46:12Z
MSFT,2009-01-06,15.12,15.3,15.02,15.12,79728469,20.76,21,20.61,20.75,58085800,2026-02-21T03:46:12Z
MSFT,2009-01-07,14.21,14.78,14.19,14.71,99851978,19.51,20.29,19.48,20.19,72747104,2026-02-21T03:46:12Z
MSFT,2009-01-08,14.66,14.71,14.24,14.3,96431443,20.12,20.19,19.55,19.63,70255000,2026-02-21T03:46:12Z
MSFT,2009-01-09,14.22,14.79,14.14,14.7,68394120,19.52,20.3,19.41,20.17,49828200,2026-02-21T03:46:12Z
MSFT,2009-01-12,14.18,14.42,14.06,14.36,71655134,19.47,19.79,19.3,19.71,52204100,2026-02-21T03:46:12Z
MSFT,2009-01-13,14.44,14.56,14.22,14.22,90382236,19.82,19.99,19.52,19.52,65847700,2026-02-21T03:46:12Z
MSFT,2009-01-14,13.91,14.34,13.85,14.23,110276316,19.09,19.68,19.01,19.53,80341696,2026-02-21T03:46:12Z
MSFT,2009-01-15,14.02,14.06,13.49,13.89,132063708,19.24,19.3,18.52,19.07,96215000,2026-02-21T03:46:12Z
MSFT,2009-01-16,14.36,14.51,13.95,14.3,109313444,19.71,19.91,19.15,19.63,79640200,2026-02-21T03:46:12Z
MSFT,2009-01-20,13.46,14.29,13.38,14.18,123384560,18.48,19.62,18.37,19.46,89891800,2026-02-21T03:46:12Z
MSFT,2009-01-21,14.12,14.17,13.45,13.75,93828121,19.38,19.45,18.46,18.87,68358000,2026-02-21T03:46:12Z
MSFT,2009-01-22,12.47,13.25,12.44,13.15,305314847,17.11,18.18,17.07,18.05,222435504,2026-02-21T03:46:12Z
MSFT,2009-01-23,12.53,12.74,12.2,12.36,160622010,17.2,17.49,16.75,16.97,117020600,2026-02-21T03:46:12Z
MSFT,2009-01-26,12.84,12.98,12.55,12.6,127809566,17.63,17.81,17.23,17.29,93115400,2026-02-21T03:46:12Z
MSFT,2009-01-27,12.87,13.09,12.7,12.95,84699673,17.66,17.97,17.43,17.78,61707500,2026-02-21T03:46:12Z
MSFT,2009-01-28,13.14,13.34,12.94,12.97,88810255,18.04,18.31,17.76,17.8,64702500,2026-02-21T03:46:12Z
MSFT,2009-01-29,12.82,13.09,12.79,12.95,67544664,17.59,17.96,17.56,17.78,49209300,2026-02-21T03:46:12Z
MSFT,2009-01-30,12.46,12.96,12.46,12.92,85630945,17.1,17.79,17.1,17.74,62386400,2026-02-21T03:46:12Z
MSFT,2009-02-02,12.99,13.21,12.39,12.41,121999610,17.83,18.13,17,17.03,88882496,2026-02-21T03:46:12Z
MSFT,2009-02-03,13.48,13.56,12.82,13.01,119252874,18.5,18.61,17.6,17.85,86881200,2026-02-21T03:46:12Z
MSFT,2009-02-04,13.57,13.84,13.48,13.51,103792849,18.63,19,18.5,18.54,75617800,2026-02-21T03:46:12Z
MSFT,2009-02-05,13.87,13.94,13.3,13.49,103216536,19.04,19.14,18.25,18.51,75197904,2026-02-21T03:46:12Z
MSFT,2009-02-06,14.32,14.52,13.89,13.96,119067281,19.66,19.93,19.06,19.16,86745904,2026-02-21T03:46:12Z
MSFT,2009-02-09,14.16,14.4,14.03,14.31,71643876,19.44,19.77,19.26,19.64,52196100,2026-02-21T03:46:12Z
MSFT,2009-02-10,13.7,14.43,13.62,14.02,115241155,18.8,19.8,18.7,19.25,83958704,2026-02-21T03:46:12Z
MSFT,2009-02-11,14,14.2,13.78,13.8,80433173,19.21,19.49,18.92,18.94,58599400,2026-02-21T03:46:12Z
MSFT,2009-02-12,14.03,14.08,13.51,13.82,103388636,19.26,19.32,18.54,18.97,75323400,2026-02-21T03:46:12Z
MSFT,2009-02-13,13.91,14.19,13.87,14.04,65087318,19.09,19.47,19.04,19.27,47419300,2026-02-21T03:46:12Z
MSFT,2009-02-17,13.27,13.57,13.12,13.56,103406564,18.09,18.5,17.89,18.49,75853200,2026-02-21T03:46:12Z
MSFT,2009-02-18,13.29,13.53,13.2,13.37,74917352,18.12,18.45,18,18.22,54955100,2026-02-21T03:46:12Z
MSFT,2009-02-19,13.14,13.48,13.06,13.42,67068231,17.91,18.38,17.81,18.3,49197600,2026-02-21T03:46:12Z
MSFT,2009-02-20,13.2,13.34,12.95,13.04,94631064,18,18.19,17.66,17.77,69416096,2026-02-21T03:46:12Z
MSFT,2009-02-23,12.62,13.31,12.59,13.22,96522157,17.21,18.15,17.16,18.02,70803296,2026-02-21T03:46:12Z
MSFT,2009-02-24,12.59,12.73,12,12.49,167235221,17.17,17.35,16.36,17.03,122673904,2026-02-21T03:46:12Z
MSFT,2009-02-25,12.44,12.65,12.07,12.48,144360181,16.96,17.24,16.46,17.01,105894496,2026-02-21T03:46:12Z
MSFT,2009-02-26,12.04,12.53,12.05,12.51,113448344,16.42,17.08,16.42,17.05,83219400,2026-02-21T03:46:12Z
MSFT,2009-02-27,11.85,12.12,11.81,11.95,127374065,16.15,16.52,16.1,16.29,93434200,2026-02-21T03:46:12Z
MSFT,2009-03-02,11.58,11.92,11.53,11.71,109874144,15.79,16.25,15.72,15.96,80597104,2026-02-21T03:46:12Z
MSFT,2009-03-03,11.65,11.91,11.47,11.76,109708958,15.88,16.24,15.64,16.03,80476496,2026-02-21T03:46:12Z
MSFT,2009-03-04,11.82,12.03,11.66,11.83,94459465,16.12,16.4,15.89,16.12,69290000,2026-02-21T03:46:12Z
MSFT,2009-03-05,11.2,11.65,11.2,11.63,122289656,15.27,15.88,15.27,15.86,89704704,2026-02-21T03:46:12Z
MSFT,2009-03-06,11.21,11.46,10.91,11.26,126582905,15.28,15.62,14.87,15.35,92853696,2026-02-21T03:46:12Z
MSFT,2009-03-09,11.11,11.55,11.08,11.15,90675061,15.15,15.74,15.1,15.2,66514200,2026-02-21T03:46:12Z
MSFT,2009-03-10,12.09,12.19,11.19,11.28,129769768,16.48,16.62,15.25,15.37,95191800,2026-02-21T03:46:12Z
MSFT,2009-03-11,12.55,12.62,12.05,12.2,115293362,17.11,17.2,16.43,16.63,84572496,2026-02-21T03:46:12Z
MSFT,2009-03-12,12.48,12.5,12.09,12.48,127762712,17.01,17.04,16.48,17.01,93719696,2026-02-21T03:46:12Z
MSFT,2009-03-13,12.21,12.51,11.87,12.46,113114616,16.65,17.05,16.18,16.98,82974496,2026-02-21T03:46:12Z
MSFT,2009-03-16,11.92,12.44,11.91,12.34,91389663,16.25,16.96,16.24,16.82,67038400,2026-02-21T03:46:12Z
MSFT,2009-03-17,12.4,12.4,11.93,11.97,85433408,16.9,16.9,16.26,16.32,62669200,2026-02-21T03:46:12Z
MSFT,2009-03-18,12.44,12.63,12.18,12.49,96426702,16.96,17.22,16.6,17.03,70733200,2026-02-21T03:46:12Z
MSFT,2009-03-19,12.57,12.8,12.41,12.74,80430086,17.14,17.45,16.92,17.37,58998800,2026-02-21T03:46:12Z
MSFT,2009-03-20,12.51,12.95,12.38,12.71,111435565,17.06,17.65,16.88,17.32,81742496,2026-02-21T03:46:12Z
MSFT,2009-03-23,13.45,13.64,12.7,12.74,97619407,18.33,18.59,17.31,17.37,71607800,2026-02-21T03:46:12Z
MSFT,2009-03-24,13.15,13.36,13.09,13.23,68285567,17.93,18.21,17.84,18.04,50090300,2026-02-21T03:46:12Z
MSFT,2009-03-25,13.12,13.43,12.85,13.19,100788049,17.88,18.31,17.52,17.98,73932096,2026-02-21T03:46:12Z
MSFT,2009-03-26,13.81,13.85,13.29,13.33,86947960,18.83,18.88,18.12,18.17,63780000,2026-02-21T03:46:12Z
MSFT,2009-03-27,13.3,13.65,13.24,13.6,64991037,18.13,18.61,18.05,18.54,47673600,2026-02-21T03:46:12Z
MSFT,2009-03-30,12.82,13.03,12.67,13.01,67672546,17.48,17.76,17.27,17.74,49640600,2026-02-21T03:46:12Z
MSFT,2009-03-31,13.48,13.78,13.04,13.08,125995481,18.37,18.79,17.78,17.83,92423200,2026-02-21T03:46:12Z
MSFT,2009-04-01,14.16,14.2,13.34,13.37,131470011,19.31,19.36,18.18,18.23,96438800,2026-02-21T03:46:12Z
MSFT,2009-04-02,14.15,14.59,13.94,14.3,135073907,19.29,19.89,19,19.5,99082200,2026-02-21T03:46:12Z
MSFT,2009-04-03,13.75,14.05,13.52,14.03,111602436,18.75,19.15,18.43,19.13,81865000,2026-02-21T03:46:12Z
MSFT,2009-04-06,13.76,13.76,13.4,13.6,64724884,18.76,18.76,18.26,18.54,47478600,2026-02-21T03:46:12Z
MSFT,2009-04-07,13.76,14.04,13.67,13.76,89721997,18.76,19.14,18.63,18.76,65815100,2026-02-21T03:46:12Z
MSFT,2009-04-08,14.08,14.39,13.91,13.92,76899049,19.19,19.62,18.96,18.97,56408800,2026-02-21T03:46:12Z
MSFT,2009-04-09,14.43,14.45,14.1,14.27,76013903,19.67,19.7,19.22,19.45,55759500,2026-02-21T03:46:12Z
MSFT,2009-04-13,14.37,14.56,14.21,14.44,60596889,19.59,19.85,19.37,19.69,44450400,2026-02-21T03:46:12Z
MSFT,2009-04-14,14.19,14.34,13.94,14.26,86969685,19.35,19.55,19,19.44,63796200,2026-02-21T03:46:12Z
MSFT,2009-04-15,13.81,14.12,13.58,14.09,99142757,18.83,19.25,18.51,19.21,72725400,2026-02-21T03:46:12Z
MSFT,2009-04-16,14.49,14.51,13.93,14.06,92280824,19.76,19.78,18.99,19.16,67691904,2026-02-21T03:46:12Z
MSFT,2009-04-17,14.08,14.44,13.94,14.44,83701314,19.2,19.69,19,19.69,61398400,2026-02-21T03:46:12Z
MSFT,2009-04-20,13.65,13.9,13.62,13.86,85807602,18.61,18.95,18.57,18.89,62943400,2026-02-21T03:46:12Z
MSFT,2009-04-21,13.92,14,13.62,13.64,83060217,18.97,19.08,18.57,18.59,60928200,2026-02-21T03:46:12Z
MSFT,2009-04-22,13.78,14.08,13.72,13.76,80978298,18.78,19.19,18.7,18.76,59400900,2026-02-21T03:46:12Z
MSFT,2009-04-23,13.88,13.89,13.55,13.88,117397901,18.92,18.94,18.47,18.92,86116200,2026-02-21T03:46:12Z
MSFT,2009-04-24,15.34,15.55,14.3,14.54,229677502,20.91,21.2,19.5,19.82,168478496,2026-02-21T03:46:12Z
MSFT,2009-04-27,14.96,15.27,14.88,15.07,92999860,20.4,20.82,20.28,20.55,68219504,2026-02-21T03:46:12Z
MSFT,2009-04-28,14.62,14.87,14.52,14.85,104545157,19.93,20.27,19.79,20.25,76688304,2026-02-21T03:46:12Z
MSFT,2009-04-29,14.85,15.32,14.72,14.75,108107838,20.25,20.89,20.06,20.11,79301504,2026-02-21T03:46:12Z
MSFT,2009-04-30,14.86,15.48,14.68,15.11,119201860,20.26,21.1,20.01,20.6,87439800,2026-02-21T03:46:12Z
MSFT,2009-05-01,14.85,14.93,14.57,14.81,86190506,20.24,20.35,19.86,20.19,63224400,2026-02-21T03:46:12Z
MSFT,2009-05-04,14.81,14.96,14.66,14.94,74042593,20.19,20.4,19.98,20.37,54313300,2026-02-21T03:46:12Z
MSFT,2009-05-05,14.52,14.85,14.41,14.77,91668758,19.79,20.24,19.64,20.14,67242896,2026-02-21T03:46:12Z
MSFT,2009-05-06,14.52,14.72,14.39,14.72,81302758,19.79,20.07,19.61,20.06,59639000,2026-02-21T03:46:12Z
MSFT,2009-05-07,14.17,14.66,14.04,14.64,93692324,19.32,19.99,19.14,19.96,68727104,2026-02-21T03:46:12Z
MSFT,2009-05-08,14.25,14.41,14.04,14.28,92161228,19.42,19.64,19.14,19.46,67604200,2026-02-21T03:46:12Z
MSFT,2009-05-11,14.17,14.47,13.95,14.08,86933595,19.32,19.73,19.01,19.2,63769300,2026-02-21T03:46:12Z
MSFT,2009-05-12,14.59,14.72,14.28,14.31,98108160,19.89,20.06,19.47,19.51,71966704,2026-02-21T03:46:12Z
MSFT,2009-05-13,14.49,14.67,14.43,14.63,67191848,19.75,20,19.67,19.94,49288200,2026-02-21T03:46:12Z
MSFT,2009-05-14,14.71,14.84,14.52,14.55,74357875,20.06,20.23,19.8,19.83,54544800,2026-02-21T03:46:12Z
MSFT,2009-05-15,14.83,15.04,14.66,14.77,83553332,20.22,20.5,19.98,20.13,61289800,2026-02-21T03:46:12Z
MSFT,2009-05-18,15.11,15.11,14.85,14.94,62815209,20.6,20.6,20.24,20.36,46077700,2026-02-21T03:46:12Z
MSFT,2009-05-19,14.99,15.31,14.95,15.14,69585479,20.31,20.74,20.25,20.51,51368200,2026-02-21T03:46:12Z
MSFT,2009-05-20,15.04,15.27,14.93,15.07,64281016,20.38,20.69,20.22,20.41,47452200,2026-02-21T03:46:12Z
MSFT,2009-05-21,14.63,14.93,14.4,14.87,78896769,19.82,20.23,19.51,20.14,58241500,2026-02-21T03:46:12Z
MSFT,2009-05-22,14.58,14.89,14.37,14.71,50562953,19.75,20.17,19.47,19.93,37325700,2026-02-21T03:46:12Z
MSFT,2009-05-26,15.02,15.1,14.36,14.43,60954570,20.34,20.45,19.45,19.54,44996700,2026-02-21T03:46:12Z
MSFT,2009-05-27,14.86,15.21,14.82,14.95,58112031,20.13,20.6,20.07,20.25,42898400,2026-02-21T03:46:12Z
MSFT,2009-05-28,15.1,15.23,14.8,15,61615650,20.45,20.63,20.05,20.32,45484700,2026-02-21T03:46:12Z
MSFT,2009-05-29,15.42,15.46,14.99,15.18,62502702,20.89,20.94,20.3,20.56,46139500,2026-02-21T03:46:12Z
MSFT,2009-06-01,15.8,15.87,15.4,15.59,77652162,21.4,21.5,20.86,21.12,57322900,2026-02-21T03:46:12Z
MSFT,2009-06-02,15.8,16.23,15.65,15.76,66298617,21.4,21.98,21.2,21.35,48941700,2026-02-21T03:46:12Z
MSFT,2009-06-03,16.04,16.06,15.72,15.73,75924347,21.73,21.76,21.29,21.31,56047400,2026-02-21T03:46:12Z
MSFT,2009-06-04,16.11,16.17,15.93,16.07,57345588,21.83,21.9,21.58,21.77,42332500,2026-02-21T03:46:12Z
MSFT,2009-06-05,16.34,16.47,16.1,16.21,80716619,22.14,22.31,21.81,21.96,59585200,2026-02-21T03:46:12Z
MSFT,2009-06-08,16.28,16.48,15.97,16.23,66388547,22.05,22.32,21.63,21.98,49008000,2026-02-21T03:46:12Z
MSFT,2009-06-09,16.3,16.48,16.15,16.29,68934522,22.08,22.32,21.88,22.06,50887600,2026-02-21T03:46:12Z
MSFT,2009-06-10,16.65,16.7,16.33,16.37,83035945,22.55,22.62,22.12,22.17,61297100,2026-02-21T03:46:12Z
MSFT,2009-06-11,16.85,17.17,16.66,16.68,88226665,22.83,23.26,22.57,22.59,65128900,2026-02-21T03:46:12Z
MSFT,2009-06-12,17.22,17.26,16.79,16.91,69037411,23.33,23.38,22.74,22.9,50963400,2026-02-21T03:46:12Z
MSFT,2009-06-15,17.29,17.38,16.99,17.16,93591545,23.42,23.54,23.02,23.25,69089504,2026-02-21T03:46:12Z
MSFT,2009-06-16,17.31,17.8,17.3,17.33,142638096,23.45,24.11,23.44,23.47,105295504,2026-02-21T03:46:12Z
MSFT,2009-06-17,17.48,17.58,17.1,17.35,117153724,23.68,23.82,23.17,23.5,86483000,2026-02-21T03:46:12Z
MSFT,2009-06-18,17.35,17.49,17.2,17.44,79723789,23.5,23.69,23.3,23.62,58852100,2026-02-21T03:46:12Z
MSFT,2009-06-19,17.77,17.97,17.53,17.75,156405754,24.07,24.34,23.75,24.04,115458896,2026-02-21T03:46:12Z
MSFT,2009-06-22,17.19,17.68,17.16,17.68,96581388,23.28,23.95,23.25,23.95,71296400,2026-02-21T03:46:12Z
MSFT,2009-06-23,17.23,17.47,17.13,17.26,76880735,23.34,23.66,23.21,23.38,56753400,2026-02-21T03:46:12Z
MSFT,2009-06-24,17.33,17.53,17.24,17.31,73540307,23.47,23.75,23.36,23.45,54287600,2026-02-21T03:46:12Z
MSFT,2009-06-25,17.56,17.66,17.13,17.3,78200661,23.79,23.92,23.2,23.43,57727800,2026-02-21T03:46:12Z
MSFT,2009-06-26,17.24,17.49,17.22,17.4,88222961,23.35,23.69,23.32,23.57,65126300,2026-02-21T03:46:12Z
MSFT,2009-06-29,17.61,17.74,17.39,17.42,85158669,23.86,24.03,23.55,23.6,62864300,2026-02-21T03:46:12Z
MSFT,2009-06-30,17.55,17.89,17.44,17.7,90019440,23.77,24.24,23.63,23.97,66452300,2026-02-21T03:46:12Z
MSFT,2009-07-01,17.75,17.94,17.69,17.75,74390244,24.04,24.3,23.96,24.05,54915100,2026-02-21T03:46:12Z
MSFT,2009-07-02,17.25,17.75,17.13,17.54,88631060,23.37,24.04,23.21,23.76,65427700,2026-02-21T03:46:12Z
MSFT,2009-07-06,17.13,17.18,16.88,17.13,66658667,23.2,23.28,22.87,23.21,49207600,2026-02-21T03:46:12Z
MSFT,2009-07-07,16.63,17.08,16.58,17.04,71582533,22.53,23.14,22.46,23.08,52842400,2026-02-21T03:46:12Z
MSFT,2009-07-08,16.65,16.75,16.24,16.47,98920706,22.56,22.69,22,22.31,73023296,2026-02-21T03:46:12Z
MSFT,2009-07-09,16.57,16.84,16.51,16.72,63642810,22.44,22.81,22.37,22.65,46981100,2026-02-21T03:46:12Z
MSFT,2009-07-10,16.53,16.64,16.35,16.38,58573010,22.39,22.54,22.15,22.19,43238600,2026-02-21T03:46:12Z
MSFT,2009-07-13,17.15,17.19,16.34,16.55,91553435,23.23,23.29,22.14,22.42,67584800,2026-02-21T03:46:12Z
MSFT,2009-07-14,17.06,17.14,16.88,17.13,61566796,23.11,23.22,22.86,23.2,45448600,2026-02-21T03:46:12Z
MSFT,2009-07-15,17.81,17.81,17.39,17.53,91088780,24.12,24.12,23.56,23.75,67241800,2026-02-21T03:46:12Z
MSFT,2009-07-16,18.04,18.04,17.61,17.67,87457236,24.44,24.44,23.86,23.93,64560900,2026-02-21T03:46:12Z
MSFT,2009-07-17,17.93,18.05,17.79,18.01,71606656,24.29,24.45,24.1,24.4,52860100,2026-02-21T03:46:12Z
MSFT,2009-07-20,18.11,18.11,17.83,18.04,64749062,24.53,24.53,24.15,24.44,47797900,2026-02-21T03:46:12Z
MSFT,2009-07-21,18.33,18.33,17.99,18.23,70480111,24.83,24.83,24.37,24.69,52028400,2026-02-21T03:46:12Z
MSFT,2009-07-22,18.31,18.38,18.09,18.23,89667100,24.8,24.9,24.51,24.7,66192400,2026-02-21T03:46:12Z
MSFT,2009-07-23,18.87,18.99,18.34,18.4,143674276,25.56,25.72,24.84,24.93,106060400,2026-02-21T03:46:12Z
MSFT,2009-07-24,17.31,17.64,16.84,17.43,291432509,23.45,23.89,22.81,23.61,215135600,2026-02-21T03:46:12Z
MSFT,2009-07-27,17.06,17.31,16.91,17.3,109658523,23.11,23.45,22.9,23.44,80949904,2026-02-21T03:46:12Z
MSFT,2009-07-28,17.33,17.39,16.91,16.97,95215545,23.47,23.55,22.9,22.99,70288304,2026-02-21T03:46:12Z
MSFT,2009-07-29,17.57,17.65,17.23,17.52,99738051,23.8,23.91,23.34,23.73,73626800,2026-02-21T03:46:12Z
MSFT,2009-07-30,17.58,18.03,17.5,17.86,91871693,23.81,24.43,23.71,24.2,67819904,2026-02-21T03:46:12Z
MSFT,2009-07-31,17.36,17.77,17.35,17.55,73510014,23.52,24.07,23.5,23.77,54265200,2026-02-21T03:46:12Z
MSFT,2009-08-03,17.59,17.61,17.35,17.58,63536734,23.83,23.86,23.5,23.82,46902800,2026-02-21T03:46:12Z
MSFT,2009-08-04,17.55,17.56,17.37,17.48,66673312,23.77,23.79,23.53,23.68,49218200,2026-02-21T03:46:12Z
MSFT,2009-08-05,17.58,17.9,17.56,17.6,72216236,23.81,24.25,23.79,23.84,53310200,2026-02-21T03:46:12Z
MSFT,2009-08-06,17.32,17.7,17.18,17.67,80864943,23.46,23.98,23.27,23.93,59694600,2026-02-21T03:46:12Z
MSFT,2009-08-07,17.39,17.58,17.35,17.53,62549820,23.56,23.82,23.5,23.75,46174300,2026-02-21T03:46:12Z
MSFT,2009-08-10,17.29,17.39,17.2,17.32,47775923,23.42,23.55,23.3,23.46,35268300,2026-02-21T03:46:12Z
MSFT,2009-08-11,17.07,17.27,17.02,17.22,45543121,23.13,23.4,23.05,23.32,33620000,2026-02-21T03:46:12Z
MSFT,2009-08-12,17.37,17.64,17,17.08,83950165,23.53,23.9,23.03,23.13,61972200,2026-02-21T03:46:12Z
MSFT,2009-08-13,17.44,17.61,17.27,17.44,52771286,23.62,23.85,23.4,23.63,38955800,2026-02-21T03:46:12Z
MSFT,2009-08-14,17.49,17.57,17.36,17.44,62763188,23.69,23.8,23.51,23.62,46331900,2026-02-21T03:46:12Z
MSFT,2009-08-17,17.16,17.42,17.15,17.22,57549005,23.25,23.6,23.23,23.32,42482800,2026-02-21T03:46:12Z
MSFT,2009-08-18,17.5,17.56,17.27,17.29,52372476,23.58,23.65,23.27,23.29,38878900,2026-02-21T03:46:12Z
MSFT,2009-08-19,17.56,17.61,17.26,17.26,56344505,23.65,23.72,23.25,23.25,41827400,2026-02-21T03:46:12Z
MSFT,2009-08-20,17.57,17.72,17.48,17.52,53220083,23.67,23.87,23.54,23.6,39508100,2026-02-21T03:46:12Z
MSFT,2009-08-21,18.12,18.13,17.65,17.77,92973336,24.41,24.42,23.77,23.93,69018896,2026-02-21T03:46:12Z
MSFT,2009-08-24,18.29,18.36,18.02,18.12,72985138,24.64,24.73,24.28,24.41,54180800,2026-02-21T03:46:12Z
MSFT,2009-08-25,18.29,18.43,18.16,18.26,59244249,24.64,24.82,24.46,24.6,43980200,2026-02-21T03:46:12Z
MSFT,2009-08-26,18.22,18.37,18.13,18.25,55336403,24.55,24.75,24.42,24.59,41079000,2026-02-21T03:46:12Z
MSFT,2009-08-27,18.33,18.4,18.04,18.12,61285658,24.69,24.78,24.3,24.41,45495600,2026-02-21T03:46:12Z
MSFT,2009-08-28,18.32,18.92,18.27,18.61,75177338,24.68,25.49,24.61,25.07,55807900,2026-02-21T03:46:12Z
MSFT,2009-08-31,18.3,18.45,18.03,18.24,66810670,24.65,24.85,24.29,24.57,49597100,2026-02-21T03:46:12Z
MSFT,2009-09-01,17.82,18.37,17.74,18.08,84338112,24,24.74,23.9,24.35,62608400,2026-02-21T03:46:12Z
MSFT,2009-09-02,17.71,17.92,17.65,17.68,54921713,23.86,24.14,23.78,23.82,40771200,2026-02-21T03:46:12Z
MSFT,2009-09-03,17.9,17.92,17.64,17.75,45962445,24.11,24.14,23.76,23.91,34120300,2026-02-21T03:46:12Z
MSFT,2009-09-04,18.28,18.41,17.88,17.88,60617629,24.62,24.8,24.08,24.09,44999600,2026-02-21T03:46:12Z
MSFT,2009-09-08,18.43,18.44,18.12,18.28,72389555,24.82,24.84,24.41,24.62,53738600,2026-02-21T03:46:12Z
MSFT,2009-09-09,18.4,18.52,18.31,18.37,67218991,24.78,24.95,24.67,24.74,49900200,2026-02-21T03:46:12Z
MSFT,2009-09-10,18.56,18.6,18.3,18.41,62313698,25,25.05,24.65,24.8,46258700,2026-02-21T03:46:12Z
MSFT,2009-09-11,18.45,18.68,18.42,18.51,73151432,24.86,25.17,24.81,24.93,54304200,2026-02-21T03:46:12Z
MSFT,2009-09-14,18.56,18.63,18.29,18.3,57668194,25,25.09,24.64,24.65,42810100,2026-02-21T03:46:12Z
MSFT,2009-09-15,18.71,18.76,18.45,18.54,60238712,25.2,25.27,24.86,24.97,44718400,2026-02-21T03:46:12Z
MSFT,2009-09-16,18.71,18.82,18.52,18.74,67428417,25.2,25.35,24.95,25.25,50055700,2026-02-21T03:46:12Z
MSFT,2009-09-17,18.78,18.84,18.6,18.6,57158343,25.3,25.38,25.06,25.06,42431600,2026-02-21T03:46:12Z
MSFT,2009-09-18,18.75,18.92,18.63,18.9,91622899,25.26,25.48,25.1,25.46,68016400,2026-02-21T03:46:12Z
MSFT,2009-09-21,18.78,18.83,18.63,18.64,38901501,25.3,25.37,25.1,25.11,28878600,2026-02-21T03:46:12Z
MSFT,2009-09-22,19.13,19.17,18.77,18.86,82680906,25.77,25.82,25.29,25.4,61378300,2026-02-21T03:46:12Z
MSFT,2009-09-23,19.09,19.49,19.03,19.24,81637021,25.71,26.25,25.64,25.92,60603500,2026-02-21T03:46:12Z
MSFT,2009-09-24,19.26,19.38,19.05,19.24,75854356,25.94,26.11,25.66,25.92,56310600,2026-02-21T03:46:12Z
MSFT,2009-09-25,18.97,19.17,18.95,19.07,67570348,25.55,25.82,25.52,25.69,50161000,2026-02-21T03:46:12Z
MSFT,2009-09-28,19.18,19.42,19,19,59760588,25.83,26.16,25.6,25.6,44363500,2026-02-21T03:46:12Z
MSFT,2009-09-29,19.12,19.27,19.07,19.23,52603246,25.75,25.96,25.69,25.91,39050200,2026-02-21T03:46:12Z
MSFT,2009-09-30,19.09,19.29,18.84,19.12,85589553,25.72,25.99,25.38,25.76,63537600,2026-02-21T03:46:12Z
MSFT,2009-10-01,18.47,18.91,18.41,18.86,102320829,24.88,25.47,24.8,25.41,75958000,2026-02-21T03:46:12Z
MSFT,2009-10-02,18.53,18.63,18.14,18.15,69005290,24.96,25.09,24.43,24.45,51226200,2026-02-21T03:46:12Z
MSFT,2009-10-05,18.29,18.6,18.2,18.54,81914838,24.64,25.06,24.52,24.98,60809800,2026-02-21T03:46:12Z
MSFT,2009-10-06,18.64,18.72,18.31,18.32,65730401,25.11,25.21,24.66,24.68,48795200,2026-02-21T03:46:12Z
MSFT,2009-10-07,18.63,18.69,18.47,18.55,51826997,25.1,25.18,24.88,24.99,38473800,2026-02-21T03:46:12Z
MSFT,2009-10-08,19.06,19.23,18.72,18.89,81526183,25.67,25.9,25.22,25.44,60521200,2026-02-21T03:46:12Z
MSFT,2009-10-09,18.97,19.15,18.9,18.98,53239144,25.55,25.79,25.46,25.57,39522200,2026-02-21T03:46:12Z
MSFT,2009-10-12,19.09,19.22,18.97,19.05,39271785,25.72,25.89,25.55,25.66,29153500,2026-02-21T03:46:12Z
MSFT,2009-10-13,19.16,19.26,18.95,19,50850414,25.81,25.94,25.52,25.59,37748900,2026-02-21T03:46:12Z
MSFT,2009-10-14,19.27,19.45,19.17,19.41,61110229,25.96,26.2,25.82,26.14,45365400,2026-02-21T03:46:12Z
MSFT,2009-10-15,19.83,19.83,19.23,19.23,88394956,26.71,26.71,25.9,25.9,65620100,2026-02-21T03:46:12Z
MSFT,2009-10-16,19.67,19.77,19.38,19.64,76110629,26.5,26.63,26.1,26.45,56500800,2026-02-21T03:46:12Z
MSFT,2009-10-19,19.57,19.73,19.49,19.67,64852118,26.36,26.58,26.25,26.49,48143100,2026-02-21T03:46:12Z
MSFT,2009-10-20,19.58,19.68,19.26,19.61,73568150,26.37,26.51,25.94,26.42,54613400,2026-02-21T03:46:12Z
MSFT,2009-10-21,19.73,19.86,19.59,19.64,83077365,26.58,26.75,26.39,26.46,61672600,2026-02-21T03:46:12Z
MSFT,2009-10-22,19.74,19.84,19.4,19.72,82979538,26.59,26.72,26.13,26.56,61599900,2026-02-21T03:46:12Z
MSFT,2009-10-23,20.8,21.79,20.7,21.68,379551695,28.02,29.35,27.88,29.2,281760896,2026-02-21T03:46:12Z
MSFT,2009-10-26,21.29,21.54,20.87,20.88,167237827,28.68,29.02,28.11,28.13,124149600,2026-02-21T03:46:12Z
MSFT,2009-10-27,21.22,21.44,21.11,21.33,93871693,28.59,28.88,28.44,28.73,69685696,2026-02-21T03:46:12Z
MSFT,2009-10-28,20.8,21.36,20.75,20.96,99066638,28.02,28.77,27.95,28.24,73542304,2026-02-21T03:46:12Z
MSFT,2009-10-29,20.95,21.09,20.67,20.84,87873029,28.22,28.41,27.85,28.07,65232800,2026-02-21T03:46:12Z
MSFT,2009-10-30,20.59,21.08,20.53,20.81,98836901,27.73,28.4,27.66,28.03,73371696,2026-02-21T03:46:12Z
MSFT,2009-11-02,20.7,20.82,20.35,20.56,84100961,27.88,28.05,27.41,27.7,62432600,2026-02-21T03:46:12Z
