ticker,tradeDate,clsPx,hiPx,loPx,open,stockVolume,unadjClsPx,unadjHiPx,unadjLoPx,unadjOpen,unadjStockVolume,updatedAt
MU,2006-01-03,13.18,13.27,13.02,13.15,9947325,13.51,13.6,13.34,13.48,9705600,2026-01-01T03:45:57Z
MU,2006-01-04,13.71,13.8,13.31,13.42,13215209,14.05,14.14,13.64,13.75,12894000,2026-01-01T03:45:57Z
MU,2006-01-05,13.84,13.86,13.56,13.68,11798834,14.18,14.2,13.9,14.02,11512100,2026-01-01T03:45:57Z
MU,2006-01-06,14.12,14.24,13.88,14.06,10961012,14.47,14.6,14.23,14.41,10694600,2026-01-01T03:45:57Z
MU,2006-01-09,14.34,14.45,14.08,14.1,6995329,14.7,14.81,14.43,14.45,6825300,2026-01-01T03:45:57Z
MU,2006-01-10,14.22,14.23,13.93,14.15,7821180,14.57,14.58,14.28,14.5,7631100,2026-01-01T03:45:57Z
MU,2006-01-11,14.39,14.45,14.19,14.33,8423329,14.75,14.81,14.54,14.69,8218600,2026-01-01T03:45:57Z
MU,2006-01-12,14.22,14.46,14.01,14.44,8809807,14.57,14.82,14.36,14.8,8595700,2026-01-01T03:45:57Z
MU,2006-01-13,14.16,14.3,13.95,14.3,7759356,14.51,14.66,14.3,14.66,7570800,2026-01-01T03:45:57Z
MU,2006-01-17,13.63,13.96,13.57,13.81,15925318,13.97,14.31,13.91,14.15,15538300,2026-01-01T03:45:57Z
MU,2006-01-18,13.72,13.76,13.35,13.4,10999418,14.06,14.1,13.68,13.73,10732100,2026-01-01T03:45:57Z
MU,2006-01-19,13.98,14.05,13.73,13.87,7790862,14.33,14.4,14.07,14.21,7601500,2026-01-01T03:45:57Z
MU,2006-01-20,13.67,13.99,13.44,13.99,13809527,14.01,14.34,13.77,14.34,13473900,2026-01-01T03:45:57Z
MU,2006-01-23,13.84,13.95,13.68,13.7,7677579,14.18,14.3,14.02,14.04,7491000,2026-01-01T03:45:57Z
MU,2006-01-24,13.76,14.16,13.75,13.84,10992471,14.1,14.51,14.09,14.18,10725300,2026-01-01T03:45:57Z
MU,2006-01-25,13.77,13.87,13.66,13.79,6992326,14.11,14.21,14,14.13,6822400,2026-01-01T03:45:57Z
MU,2006-01-26,14,14.14,13.8,13.88,7680432,14.35,14.49,14.14,14.23,7493800,2026-01-01T03:45:57Z
MU,2006-01-27,14.34,14.38,14.01,14.05,10694952,14.7,14.74,14.36,14.4,10435000,2026-01-01T03:45:57Z
MU,2006-01-30,14.57,14.6,14.3,14.31,6496772,14.93,14.96,14.66,14.67,6338900,2026-01-01T03:45:57Z
MU,2006-01-31,14.32,14.53,14.29,14.47,5606466,14.68,14.89,14.65,14.83,5470200,2026-01-01T03:45:57Z
MU,2006-02-01,14.65,14.66,14.15,14.23,9479768,15.02,15.03,14.5,14.58,9249400,2026-01-01T03:45:57Z
MU,2006-02-02,14.59,14.98,14.47,14.64,13142987,14.95,15.35,14.83,15,12823600,2026-01-01T03:45:57Z
MU,2006-02-03,14.53,14.66,14.26,14.4,10953319,14.89,15.03,14.61,14.76,10687100,2026-01-01T03:45:57Z
MU,2006-02-06,15.62,15.75,14.93,14.99,20182507,16.01,16.14,15.3,15.36,19692000,2026-01-01T03:45:57Z
MU,2006-02-07,15.96,16.06,15.56,15.62,20545010,16.36,16.46,15.95,16.01,20045700,2026-01-01T03:45:57Z
MU,2006-02-08,15.95,16.11,15.76,15.99,18230303,16.35,16.51,16.15,16.39,17787200,2026-01-01T03:45:57Z
MU,2006-02-09,15.86,16.1,15.8,15.86,12300770,16.26,16.5,16.19,16.25,12001800,2026-01-01T03:45:57Z
MU,2006-02-10,16,16.12,15.46,15.87,11009791,16.4,16.52,15.85,16.26,10742200,2026-01-01T03:45:57Z
MU,2006-02-13,15.8,15.96,15.65,15.95,7216395,16.19,16.36,16.04,16.35,7041000,2026-01-01T03:45:57Z
MU,2006-02-14,16.23,16.36,15.7,15.8,13123984,16.63,16.77,16.09,16.19,12805000,2026-01-01T03:45:57Z
MU,2006-02-15,16.37,16.38,15.95,16.15,12505519,16.78,16.79,16.35,16.55,12201600,2026-01-01T03:45:57Z
MU,2006-02-16,16.58,16.66,16.39,16.44,11831330,16.99,17.07,16.8,16.85,11543800,2026-01-01T03:45:57Z
MU,2006-02-17,16.25,16.73,16.19,16.73,8478530,16.65,17.15,16.59,17.15,8272500,2026-01-01T03:45:57Z
MU,2006-02-21,15.69,16.19,15.53,16.18,10948178,16.08,16.59,15.92,16.58,10682100,2026-01-01T03:45:57Z
MU,2006-02-22,15.91,15.97,15.41,15.69,11179404,16.31,16.37,15.79,16.08,10907700,2026-01-01T03:45:57Z
MU,2006-02-23,15.37,15.94,15.33,15.92,14124594,15.75,16.34,15.71,16.32,13781300,2026-01-01T03:45:57Z
MU,2006-02-24,15.49,15.66,15.24,15.37,9420938,15.88,16.05,15.62,15.75,9192000,2026-01-01T03:45:57Z
MU,2006-02-27,15.27,15.44,14.99,15.44,14086916,15.65,15.82,15.36,15.82,13744600,2026-01-01T03:45:57Z
MU,2006-02-28,15.13,15.43,15.04,15.27,10758230,15.51,15.81,15.42,15.65,10496800,2026-01-01T03:45:57Z
MU,2006-03-01,15.56,15.7,15.17,15.23,13972750,15.95,16.09,15.55,15.61,13633200,2026-01-01T03:45:57Z
MU,2006-03-02,15.46,15.69,15.14,15.39,9561266,15.85,16.08,15.52,15.77,9328900,2026-01-01T03:45:57Z
MU,2006-03-03,15.5,15.84,15.24,15.38,9315919,15.89,16.23,15.62,15.76,9089500,2026-01-01T03:45:57Z
MU,2006-03-06,15.22,15.81,15.1,15.69,6982073,15.6,16.2,15.48,16.08,6812400,2026-01-01T03:45:57Z
MU,2006-03-07,14.62,15.27,14.59,15.22,15694054,14.98,15.65,14.95,15.6,15312600,2026-01-01T03:45:57Z
MU,2006-03-08,14.51,14.62,14.07,14.21,28928373,14.87,14.98,14.42,14.56,28225300,2026-01-01T03:45:57Z
MU,2006-03-09,14.17,14.87,14.16,14.5,12721283,14.52,15.24,14.51,14.86,12412100,2026-01-01T03:45:57Z
MU,2006-03-10,14.12,14.48,14.05,14.44,12529433,14.47,14.84,14.4,14.8,12224900,2026-01-01T03:45:57Z
MU,2006-03-13,14.42,14.59,14.2,14.24,9636906,14.78,14.95,14.55,14.6,9402700,2026-01-01T03:45:57Z
MU,2006-03-14,14.71,14.78,14.26,14.29,10061019,15.08,15.15,14.61,14.65,9816500,2026-01-01T03:45:57Z
MU,2006-03-15,14.65,14.82,14.49,14.77,11992053,15.01,15.19,14.85,15.14,11700600,2026-01-01T03:45:57Z
MU,2006-03-16,14.24,14.68,14.22,14.65,13537930,14.59,15.04,14.57,15.02,13208900,2026-01-01T03:45:57Z
MU,2006-03-17,14.41,14.6,14.08,14.23,9577593,14.77,14.96,14.43,14.59,9344800,2026-01-01T03:45:57Z
MU,2006-03-20,14.46,14.62,14.39,14.44,12885583,14.82,14.98,14.75,14.8,12572400,2026-01-01T03:45:57Z
MU,2006-03-21,14.64,15.02,14.3,14.45,12645895,15,15.39,14.66,14.81,12338600,2026-01-01T03:45:57Z
MU,2006-03-22,14.2,14.39,14,14.2,15805717,14.55,14.75,14.35,14.55,15421600,2026-01-01T03:45:57Z
MU,2006-03-23,14.08,14.55,14.07,14.1,12394326,14.43,14.91,14.42,14.45,12093100,2026-01-01T03:45:57Z
MU,2006-03-24,14.12,14.18,13.97,14.15,9005379,14.47,14.53,14.32,14.5,8786500,2026-01-01T03:45:57Z
MU,2006-03-27,14.41,14.55,14.11,14.12,7679662,14.77,14.91,14.46,14.47,7493000,2026-01-01T03:45:57Z
MU,2006-03-28,14.08,14.39,14.06,14.39,11035808,14.43,14.75,14.41,14.75,10767600,2026-01-01T03:45:57Z
MU,2006-03-29,14.53,14.58,14.1,14.11,8359783,14.89,14.94,14.45,14.46,8156600,2026-01-01T03:45:57Z
MU,2006-03-30,14.46,14.72,14.34,14.63,8922972,14.82,15.09,14.7,14.99,8706100,2026-01-01T03:45:57Z
MU,2006-03-31,14.36,14.62,14.31,14.46,11194940,14.72,14.98,14.67,14.82,10922900,2026-01-01T03:45:57Z
MU,2006-04-03,15.07,15.17,14.49,14.58,13883528,15.45,15.55,14.85,14.94,13546100,2026-01-01T03:45:57Z
MU,2006-04-04,15.26,15.38,15.04,15.12,10385704,15.64,15.76,15.41,15.5,10133300,2026-01-01T03:45:57Z
MU,2006-04-05,15.18,15.56,14.99,15.2,12624552,15.56,15.95,15.36,15.58,12317700,2026-01-01T03:45:57Z
MU,2006-04-06,15.2,15.74,15.16,15.42,13957369,15.58,16.13,15.54,15.8,13618200,2026-01-01T03:45:57Z
MU,2006-04-07,14.88,15.46,14.83,15.3,13387641,15.25,15.85,15.2,15.68,13062300,2026-01-01T03:45:57Z
MU,2006-04-10,14.55,15,14.44,14.95,12884365,14.91,15.37,14.8,15.32,12571200,2026-01-01T03:45:57Z
MU,2006-04-11,14.73,15.03,14.65,14.77,17805148,15.1,15.4,15.02,15.14,17372400,2026-01-01T03:45:57Z
MU,2006-04-12,14.95,15.43,14.8,14.88,22189541,15.32,15.81,15.17,15.25,21650300,2026-01-01T03:45:57Z
MU,2006-04-13,14.67,15.08,14.63,14.89,11784484,15.04,15.46,14.99,15.26,11498100,2026-01-01T03:45:57Z
MU,2006-04-17,14.75,15.16,14.54,14.76,12114345,15.12,15.54,14.9,15.13,11819900,2026-01-01T03:45:57Z
MU,2006-04-18,15.64,15.68,15.11,15.26,19602940,16.03,16.07,15.49,15.64,19126500,2026-01-01T03:45:57Z
MU,2006-04-19,16.1,16.11,15.63,15.69,14210661,16.5,16.51,16.02,16.08,13865300,2026-01-01T03:45:57Z
MU,2006-04-20,16.39,16.51,15.98,16.15,13136871,16.8,16.92,16.38,16.55,12817600,2026-01-01T03:45:57Z
MU,2006-04-21,16,16.44,15.86,16.44,11777961,16.4,16.85,16.25,16.85,11491700,2026-01-01T03:45:57Z
MU,2006-04-24,16,16.04,15.7,15.99,9710820,16.4,16.44,16.09,16.39,9474800,2026-01-01T03:45:57Z
MU,2006-04-25,16.07,16.09,15.67,16.01,6383550,16.47,16.49,16.06,16.41,6228400,2026-01-01T03:45:57Z
MU,2006-04-26,16.39,16.43,16.02,16.07,12613347,16.8,16.84,16.42,16.47,12306800,2026-01-01T03:45:57Z
MU,2006-04-27,16.98,17,16.17,16.25,15654167,17.4,17.42,16.57,16.65,15273700,2026-01-01T03:45:57Z
MU,2006-04-28,16.56,16.92,16.49,16.61,13746564,16.97,17.34,16.9,17.02,13412500,2026-01-01T03:45:57Z
MU,2006-05-01,16.33,16.68,16.32,16.56,8265664,16.74,17.1,16.73,16.97,8064800,2026-01-01T03:45:57Z
MU,2006-05-02,16.34,16.48,16.25,16.42,6653510,16.75,16.89,16.65,16.83,6491800,2026-01-01T03:45:57Z
MU,2006-05-03,16.32,16.43,16.18,16.34,7837068,16.73,16.84,16.58,16.75,7646600,2026-01-01T03:45:57Z
MU,2006-05-04,16.55,16.61,16.39,16.44,6111740,16.96,17.02,16.8,16.85,5963200,2026-01-01T03:45:57Z
MU,2006-05-05,16.64,16.7,16.44,16.63,7928297,17.05,17.12,16.85,17.04,7735600,2026-01-01T03:45:57Z
MU,2006-05-08,16.82,17.05,16.68,16.73,5231137,17.24,17.47,17.09,17.15,5104000,2026-01-01T03:45:57Z
MU,2006-05-09,16.83,17.07,16.64,16.78,8174861,17.25,17.49,17.05,17.2,7976200,2026-01-01T03:45:57Z
MU,2006-05-10,16.21,16.77,15.85,16.76,14612859,16.61,17.19,16.24,17.18,14257700,2026-01-01T03:45:57Z
MU,2006-05-11,15.72,16.25,15.58,16.21,9492381,16.11,16.65,15.97,16.61,9261700,2026-01-01T03:45:57Z
MU,2006-05-12,15.43,15.82,15.35,15.58,9389678,15.81,16.21,15.73,15.97,9161500,2026-01-01T03:45:57Z
MU,2006-05-15,15.45,15.65,15.19,15.34,7765312,15.83,16.04,15.57,15.72,7576600,2026-01-01T03:45:57Z
MU,2006-05-16,15.58,15.68,15.22,15.52,7565966,15.97,16.07,15.6,15.91,7382100,2026-01-01T03:45:57Z
MU,2006-05-17,15.25,15.72,15.22,15.53,6818427,15.63,16.11,15.6,15.92,6652700,2026-01-01T03:45:57Z
MU,2006-05-18,14.99,15.46,14.98,15.26,5899784,15.36,15.85,15.35,15.64,5756400,2026-01-01T03:45:57Z
MU,2006-05-19,15.39,15.49,15.07,15.32,11776741,15.77,15.88,15.45,15.7,11490500,2026-01-01T03:45:57Z
MU,2006-05-22,15.18,15.22,14.87,15.2,8642770,15.56,15.6,15.24,15.58,8432700,2026-01-01T03:45:57Z
MU,2006-05-23,14.87,15.54,14.85,15.32,10463611,15.24,15.93,15.22,15.7,10209300,2026-01-01T03:45:57Z
MU,2006-05-24,15.08,15.17,14.73,14.88,11939240,15.46,15.55,15.1,15.25,11649100,2026-01-01T03:45:57Z
MU,2006-05-25,15.78,15.86,15.19,15.33,9788604,16.17,16.25,15.57,15.71,9550700,2026-01-01T03:45:57Z
MU,2006-05-26,15.97,16.13,15.63,15.78,8702269,16.37,16.53,16.02,16.17,8490800,2026-01-01T03:45:57Z
MU,2006-05-30,15.67,16,15.61,15.9,6511240,16.06,16.4,16,16.3,6353000,2026-01-01T03:45:57Z
MU,2006-05-31,16.16,16.27,15.71,15.79,14427570,16.56,16.67,16.1,16.18,14076900,2026-01-01T03:45:57Z
MU,2006-06-01,16.46,16.55,15.9,15.99,14477454,16.87,16.96,16.3,16.39,14125600,2026-01-01T03:45:57Z
MU,2006-06-02,16.06,16.47,15.9,16.46,14362015,16.46,16.88,16.3,16.87,14013000,2026-01-01T03:45:57Z
MU,2006-06-05,15.64,16.25,15.63,16.15,12283852,16.03,16.65,16.02,16.55,11985300,2026-01-01T03:45:57Z
MU,2006-06-06,15.86,15.98,15.52,15.64,11707655,16.26,16.38,15.91,16.03,11423100,2026-01-01T03:45:57Z
MU,2006-06-07,15.44,16,15.37,16,10382031,15.82,16.4,15.75,16.4,10129700,2026-01-01T03:45:57Z
MU,2006-06-08,15.15,15.56,14.64,15.54,22094936,15.53,15.95,15.01,15.93,21558000,2026-01-01T03:45:57Z
MU,2006-06-09,15.15,15.56,15.04,15.3,9771562,15.53,15.95,15.41,15.68,9534100,2026-01-01T03:45:57Z
MU,2006-06-12,14.77,15.33,14.7,15.15,8257352,15.14,15.71,15.07,15.53,8056700,2026-01-01T03:45:57Z
MU,2006-06-13,14.49,14.93,14.45,14.73,13906059,14.85,15.3,14.81,15.1,13568100,2026-01-01T03:45:57Z
MU,2006-06-14,14.89,15.03,14.59,14.64,13272903,15.26,15.4,14.95,15,12950300,2026-01-01T03:45:57Z
MU,2006-06-15,15.65,15.66,14.91,14.94,9206945,16.04,16.05,15.28,15.31,8983200,2026-01-01T03:45:57Z
MU,2006-06-16,15.95,15.98,15.49,15.68,18635450,16.35,16.38,15.88,16.07,18182500,2026-01-01T03:45:57Z
MU,2006-06-19,15.5,16.08,15.29,16.04,9583010,15.89,16.48,15.67,16.44,9350100,2026-01-01T03:45:57Z
MU,2006-06-20,15.58,15.72,15.27,15.49,7580828,15.97,16.11,15.65,15.88,7396600,2026-01-01T03:45:57Z
MU,2006-06-21,15.56,16.3,15.54,15.54,14686188,15.95,16.71,15.93,15.93,14329300,2026-01-01T03:45:57Z
MU,2006-06-22,15.79,15.99,15.56,15.74,11871291,16.18,16.39,15.95,16.13,11582800,2026-01-01T03:45:57Z
MU,2006-06-23,16.02,16.21,15.66,15.71,8198059,16.42,16.61,16.05,16.1,7998800,2026-01-01T03:45:57Z
MU,2006-06-26,16.27,16.28,15.82,16.06,6800380,16.68,16.69,16.21,16.46,6635100,2026-01-01T03:45:57Z
MU,2006-06-27,15.64,16.33,15.39,16.32,7819755,16.03,16.74,15.77,16.73,7629700,2026-01-01T03:45:57Z
MU,2006-06-28,15.57,15.86,15.22,15.65,11096495,15.96,16.25,15.6,16.04,10826800,2026-01-01T03:45:57Z
MU,2006-06-29,14.75,15.37,14.47,15.27,24844562,15.12,15.75,14.83,15.65,24240700,2026-01-01T03:45:57Z
MU,2006-06-30,14.69,14.93,14.48,14.64,13416969,15.06,15.3,14.84,15.01,13090900,2026-01-01T03:45:57Z
MU,2006-07-03,15.03,15.04,14.59,14.69,7614676,15.4,15.41,14.95,15.06,7429600,2026-01-01T03:45:57Z
MU,2006-07-05,14.64,15.09,14.59,15.03,11915240,15,15.47,14.95,15.4,11625700,2026-01-01T03:45:57Z
MU,2006-07-06,14.94,14.95,14.68,14.68,7131630,15.31,15.32,15.04,15.04,6958300,2026-01-01T03:45:57Z
MU,2006-07-07,14.5,14.88,14.44,14.79,9371119,14.86,15.25,14.8,15.16,9143400,2026-01-01T03:45:57Z
MU,2006-07-10,14.18,14.68,13.98,14.52,7926628,14.53,15.04,14.33,14.88,7734000,2026-01-01T03:45:57Z
MU,2006-07-11,14.7,14.77,14,14.12,9804959,15.07,15.14,14.35,14.47,9566700,2026-01-01T03:45:57Z
MU,2006-07-12,14.45,14.83,14.36,14.74,9975004,14.81,15.2,14.72,15.11,9732600,2026-01-01T03:45:57Z
MU,2006-07-13,13.97,14.34,13.92,14.33,10288322,14.32,14.7,14.27,14.69,10038300,2026-01-01T03:45:57Z
MU,2006-07-14,14.05,14.17,13.69,14.05,9887316,14.4,14.52,14.03,14.4,9647000,2026-01-01T03:45:57Z
MU,2006-07-17,13.86,14.27,13.8,14.01,5049296,14.21,14.62,14.14,14.36,4926600,2026-01-01T03:45:57Z
MU,2006-07-18,14.2,14.3,13.88,13.88,10114199,14.55,14.66,14.23,14.23,9868400,2026-01-01T03:45:57Z
MU,2006-07-19,14.61,14.77,14.2,14.29,8386918,14.97,15.14,14.55,14.65,8183100,2026-01-01T03:45:57Z
MU,2006-07-20,14.18,14.88,14.09,14.88,11654623,14.53,15.25,14.44,15.25,11371400,2026-01-01T03:45:57Z
MU,2006-07-21,13.81,14.17,13.64,13.66,8144543,14.15,14.52,13.98,14,7946600,2026-01-01T03:45:57Z
MU,2006-07-24,14,14.22,13.76,13.87,6596697,14.35,14.57,14.1,14.22,6436400,2026-01-01T03:45:57Z
MU,2006-07-25,14.67,14.69,14.02,14.09,8679425,15.04,15.06,14.37,14.44,8468500,2026-01-01T03:45:57Z
MU,2006-07-26,14.96,15.13,14.42,14.64,7199792,15.33,15.51,14.78,15,7024800,2026-01-01T03:45:57Z
MU,2006-07-27,15.11,15.51,14.95,15.21,10925864,15.49,15.9,15.32,15.59,10660300,2026-01-01T03:45:57Z
MU,2006-07-28,15.44,15.48,14.95,15.09,5450574,15.82,15.87,15.32,15.47,5318100,2026-01-01T03:45:57Z
MU,2006-07-31,15.21,15.5,15.19,15.23,4361297,15.59,15.89,15.57,15.61,4255300,2026-01-01T03:45:57Z
MU,2006-08-01,15.01,15.15,14.78,15.13,5589857,15.38,15.53,15.15,15.51,5454000,2026-01-01T03:45:57Z
MU,2006-08-02,15.29,15.35,14.99,15.07,4513175,15.67,15.73,15.36,15.45,4403500,2026-01-01T03:45:57Z
MU,2006-08-03,15.42,15.61,15.12,15.29,5889435,15.8,16,15.5,15.67,5746300,2026-01-01T03:45:57Z
MU,2006-08-04,15.36,15.73,15.04,15.61,6692638,15.74,16.12,15.41,16,6530000,2026-01-01T03:45:57Z
MU,2006-08-07,15.13,15.42,15,15.22,4687406,15.51,15.8,15.37,15.6,4573500,2026-01-01T03:45:57Z
MU,2006-08-08,15.07,15.48,14.99,15.11,5514628,15.45,15.87,15.36,15.49,5380600,2026-01-01T03:45:57Z
MU,2006-08-09,15.19,15.56,15.18,15.46,6141149,15.57,15.95,15.56,15.84,5991900,2026-01-01T03:45:57Z
MU,2006-08-10,15.61,15.68,15.14,15.21,6122783,16,16.07,15.52,15.59,5974000,2026-01-01T03:45:57Z
MU,2006-08-11,15.36,15.66,15.24,15.48,5023271,15.74,16.05,15.62,15.87,4901200,2026-01-01T03:45:57Z
MU,2006-08-14,15.41,15.66,15.35,15.47,4022036,15.79,16.05,15.73,15.86,3924300,2026-01-01T03:45:57Z
MU,2006-08-15,16.02,16.1,15.54,15.64,9249105,16.42,16.5,15.93,16.03,9024300,2026-01-01T03:45:57Z
MU,2006-08-16,16.29,16.35,15.8,16.05,6603193,16.7,16.76,16.19,16.45,6442700,2026-01-01T03:45:57Z
MU,2006-08-17,16.21,16.27,15.95,16,10477142,16.61,16.68,16.35,16.4,10222500,2026-01-01T03:45:57Z
MU,2006-08-18,16.15,16.21,15.85,16.17,5094917,16.55,16.61,16.24,16.57,4971100,2026-01-01T03:45:57Z
MU,2006-08-21,15.92,16.05,15.74,16.05,3219232,16.32,16.45,16.13,16.45,3141000,2026-01-01T03:45:57Z
MU,2006-08-22,15.79,15.99,15.68,15.92,6470544,16.18,16.39,16.07,16.32,6313300,2026-01-01T03:45:57Z
MU,2006-08-23,15.61,16,15.37,15.68,7651634,16,16.4,15.75,16.07,7465700,2026-01-01T03:45:57Z
MU,2006-08-24,15.63,15.79,15.4,15.79,6202219,16.02,16.18,15.78,16.18,6051500,2026-01-01T03:45:57Z
MU,2006-08-25,15.86,15.95,15.57,15.64,6225921,16.26,16.35,15.96,16.03,6074600,2026-01-01T03:45:57Z
MU,2006-08-28,16.15,16.22,15.9,15.94,5493093,16.55,16.62,16.3,16.34,5359600,2026-01-01T03:45:57Z
MU,2006-08-29,16.82,16.86,16.15,16.15,12718100,17.24,17.28,16.55,16.55,12409000,2026-01-01T03:45:57Z
MU,2006-08-30,17.09,17.16,16.7,16.82,9511770,17.52,17.59,17.12,17.24,9280600,2026-01-01T03:45:57Z
MU,2006-08-31,16.86,17.07,16.74,17.05,9832688,17.28,17.49,17.16,17.47,9593700,2026-01-01T03:45:57Z
MU,2006-09-01,16.9,17.07,16.59,16.96,8327776,17.32,17.49,17,17.38,8125400,2026-01-01T03:45:57Z
MU,2006-09-05,16.95,17.17,16.7,16.89,7692122,17.37,17.6,17.12,17.31,7505200,2026-01-01T03:45:57Z
MU,2006-09-06,16.49,16.94,16.47,16.93,6034447,16.9,17.36,16.88,17.35,5887800,2026-01-01T03:45:57Z
MU,2006-09-07,16.53,16.75,16.29,16.48,6472094,16.94,17.17,16.7,16.89,6314800,2026-01-01T03:45:57Z
MU,2006-09-08,17.45,17.53,16.83,17.03,13242299,17.88,17.97,17.25,17.45,12920500,2026-01-01T03:45:57Z
MU,2006-09-11,18.12,18.14,17.28,17.64,17132362,18.57,18.59,17.71,18.08,16716000,2026-01-01T03:45:57Z
MU,2006-09-12,18.02,18.2,17.88,18.15,20257749,18.47,18.65,18.33,18.6,19765400,2026-01-01T03:45:57Z
MU,2006-09-13,17.56,17.98,17.4,17.94,20993661,18,18.43,17.83,18.39,20483400,2026-01-01T03:45:57Z
MU,2006-09-14,17.34,17.59,17.23,17.59,12924121,17.77,18.03,17.66,18.03,12610000,2026-01-01T03:45:57Z
MU,2006-09-15,17.63,17.77,17.48,17.64,12537940,18.07,18.21,17.92,18.08,12233200,2026-01-01T03:45:57Z
MU,2006-09-18,17.69,18.05,17.59,17.7,12514838,18.13,18.5,18.03,18.14,12210700,2026-01-01T03:45:57Z
MU,2006-09-19,17.31,17.41,17.04,17.28,11822805,17.74,17.84,17.46,17.71,11535500,2026-01-01T03:45:57Z
MU,2006-09-20,17.13,17.56,17.13,17.46,12199101,17.56,18,17.56,17.9,11902600,2026-01-01T03:45:57Z
MU,2006-09-21,17.31,17.58,17.09,17.21,12216676,17.74,18.02,17.52,17.64,11919800,2026-01-01T03:45:57Z
MU,2006-09-22,17.04,17.22,16.79,17.2,9739583,17.46,17.65,17.21,17.63,9502900,2026-01-01T03:45:57Z
MU,2006-09-25,17.45,17.49,16.54,17.08,11129865,17.88,17.93,16.95,17.51,10859400,2026-01-01T03:45:57Z
MU,2006-09-26,17.3,17.38,17.05,17.27,13282919,17.73,17.81,17.47,17.7,12960100,2026-01-01T03:45:57Z
MU,2006-09-27,17.17,17.51,17.07,17.31,7179981,17.6,17.95,17.5,17.74,7005500,2026-01-01T03:45:57Z
MU,2006-09-28,17.02,17.22,16.68,17.17,13230200,17.44,17.65,17.09,17.6,12908700,2026-01-01T03:45:57Z
MU,2006-09-29,16.98,17.23,16.92,17.2,8059482,17.4,17.66,17.34,17.63,7863600,2026-01-01T03:45:57Z
MU,2006-10-02,17.07,17.43,16.94,17.08,9348085,17.5,17.86,17.36,17.51,9120900,2026-01-01T03:45:57Z
MU,2006-10-03,17.06,17.14,16.66,17.04,8807951,17.48,17.57,17.08,17.46,8593900,2026-01-01T03:45:57Z
MU,2006-10-04,17.64,17.73,17.04,17.09,16878293,18.08,18.17,17.46,17.52,16468100,2026-01-01T03:45:57Z
MU,2006-10-05,17.11,17.59,16.86,17.55,28434894,17.54,18.03,17.28,17.99,27743800,2026-01-01T03:45:57Z
MU,2006-10-06,14.77,15.74,14.66,15.62,62647524,15.14,16.13,15.03,16.01,61125200,2026-01-01T03:45:57Z
MU,2006-10-09,14.95,15.05,14.72,14.81,18882575,15.32,15.43,15.09,15.18,18423700,2026-01-01T03:45:57Z
MU,2006-10-10,14.78,15.13,14.76,15.13,15890700,15.15,15.51,15.13,15.51,15504500,2026-01-01T03:45:57Z
MU,2006-10-11,14.8,15.03,14.7,14.83,13908951,15.17,15.4,15.07,15.2,13570900,2026-01-01T03:45:57Z
MU,2006-10-12,14.76,15.01,14.58,15.01,16207280,15.13,15.38,14.94,15.38,15813400,2026-01-01T03:45:57Z
MU,2006-10-13,14.69,14.87,14.66,14.82,14938548,15.06,15.24,15.03,15.19,14575500,2026-01-01T03:45:57Z
MU,2006-10-16,14.91,14.99,14.58,14.76,15186015,15.28,15.36,14.94,15.13,14816900,2026-01-01T03:45:57Z
MU,2006-10-17,14.21,14.87,14.12,14.74,21489019,14.56,15.24,14.47,15.11,20966700,2026-01-01T03:45:57Z
MU,2006-10-18,14.13,14.39,13.89,14.37,16159002,14.48,14.75,14.24,14.73,15766300,2026-01-01T03:45:57Z
MU,2006-10-19,14.12,14.23,14,14.14,11018407,14.47,14.59,14.35,14.49,10750600,2026-01-01T03:45:57Z
MU,2006-10-20,13.92,14.15,13.86,14.14,9887185,14.27,14.5,14.2,14.49,9646900,2026-01-01T03:45:57Z
MU,2006-10-23,14.06,14.24,13.91,13.94,10912091,14.41,14.6,14.26,14.29,10646900,2026-01-01T03:45:57Z
MU,2006-10-24,13.94,14.12,13.87,14.06,11758269,14.29,14.47,14.22,14.41,11472500,2026-01-01T03:45:57Z
MU,2006-10-25,14.17,14.22,13.95,14.04,7331999,14.52,14.57,14.3,14.39,7153800,2026-01-01T03:45:57Z
MU,2006-10-26,14.38,14.46,14.06,14.16,8901722,14.74,14.82,14.41,14.51,8685400,2026-01-01T03:45:57Z
MU,2006-10-27,13.83,14.36,13.8,14.34,14048650,14.17,14.72,14.14,14.7,13707200,2026-01-01T03:45:57Z
MU,2006-10-30,14.05,14.14,13.86,13.89,8362248,14.4,14.49,14.2,14.24,8159000,2026-01-01T03:45:57Z
MU,2006-10-31,14.1,14.23,13.99,14.06,7291209,14.45,14.58,14.34,14.41,7114000,2026-01-01T03:45:57Z
MU,2006-11-01,13.84,14.2,13.81,14.06,10663544,14.18,14.55,14.15,14.41,10404400,2026-01-01T03:45:57Z
MU,2006-11-02,13.55,13.9,13.53,13.89,11459219,13.89,14.25,13.87,14.24,11180700,2026-01-01T03:45:57Z
MU,2006-11-03,13.64,13.7,13.43,13.64,7674538,13.98,14.04,13.76,13.98,7488000,2026-01-01T03:45:57Z
MU,2006-11-06,13.97,14.09,13.57,13.66,9746147,14.32,14.44,13.91,14,9509300,2026-01-01T03:45:57Z
MU,2006-11-07,13.95,14.16,13.91,14.11,9690382,14.3,14.51,14.26,14.46,9454900,2026-01-01T03:45:57Z
MU,2006-11-08,13.66,13.95,13.61,13.95,13915753,14,14.3,13.95,14.3,13577600,2026-01-01T03:45:57Z
MU,2006-11-09,13.24,13.81,13.18,13.71,17706122,13.57,14.15,13.51,14.05,17275800,2026-01-01T03:45:57Z
MU,2006-11-10,13.67,13.69,13.28,13.33,14339918,14.01,14.03,13.61,13.66,13991400,2026-01-01T03:45:57Z
MU,2006-11-13,13.86,14.03,13.58,13.61,18690986,14.21,14.38,13.92,13.95,18236800,2026-01-01T03:45:57Z
MU,2006-11-14,14.59,14.63,14.01,14.15,22730985,14.95,14.99,14.36,14.5,22178600,2026-01-01T03:45:57Z
MU,2006-11-15,14.47,14.89,14.39,14.7,18042162,14.83,15.26,14.75,15.07,17603700,2026-01-01T03:45:57Z
MU,2006-11-16,14.38,14.64,14.24,14.52,10920583,14.74,15,14.6,14.88,10655200,2026-01-01T03:45:57Z
MU,2006-11-17,14.22,14.34,14.04,14.31,11256674,14.57,14.7,14.39,14.67,10983100,2026-01-01T03:45:57Z
MU,2006-11-20,14.13,14.2,13.91,14.15,13960063,14.48,14.55,14.26,14.5,13620800,2026-01-01T03:45:57Z
MU,2006-11-21,14.25,14.49,14.07,14.13,15806929,14.6,14.85,14.42,14.48,15422800,2026-01-01T03:45:57Z
MU,2006-11-22,14.65,14.73,14.37,14.38,12398223,15.01,15.1,14.73,14.74,12096900,2026-01-01T03:45:57Z
MU,2006-11-24,14.43,14.59,14.42,14.44,4394691,14.79,14.95,14.78,14.8,4287900,2026-01-01T03:45:57Z
MU,2006-11-27,14.21,14.79,14.13,14.54,16580510,14.56,15.16,14.48,14.9,16177500,2026-01-01T03:45:57Z
MU,2006-11-28,14.15,14.27,13.99,14.23,11641528,14.5,14.62,14.34,14.58,11358600,2026-01-01T03:45:57Z
MU,2006-11-29,14.08,14.68,14.07,14.36,18084518,14.43,15.04,14.42,14.72,17645000,2026-01-01T03:45:57Z
MU,2006-11-30,14.25,14.48,14.05,14.08,10240969,14.6,14.84,14.4,14.43,9992100,2026-01-01T03:45:57Z
MU,2006-12-01,14.12,14.36,13.97,14.31,9549710,14.47,14.72,14.32,14.67,9317600,2026-01-01T03:45:57Z
MU,2006-12-04,14.21,14.32,13.98,14.21,10316967,14.56,14.68,14.33,14.56,10066200,2026-01-01T03:45:57Z
MU,2006-12-05,14.57,14.68,14.18,14.2,17557960,14.93,15.05,14.53,14.55,17131300,2026-01-01T03:45:57Z
MU,2006-12-06,14.48,14.59,14.4,14.52,7824789,14.84,14.95,14.76,14.88,7634600,2026-01-01T03:45:57Z
MU,2006-12-07,14.25,14.63,14.18,14.5,9390502,14.6,14.99,14.53,14.86,9162300,2026-01-01T03:45:57Z
MU,2006-12-08,14.28,14.39,14.07,14.35,8760714,14.64,14.75,14.42,14.71,8547800,2026-01-01T03:45:57Z
MU,2006-12-11,13.87,14.28,13.84,14.28,17424686,14.22,14.64,14.18,14.64,17001200,2026-01-01T03:45:57Z
MU,2006-12-12,13.57,13.87,13.53,13.86,13931317,13.91,14.22,13.87,14.2,13592700,2026-01-01T03:45:57Z
MU,2006-12-13,13.37,13.53,13.29,13.48,13256828,13.7,13.87,13.62,13.82,12934600,2026-01-01T03:45:57Z
MU,2006-12-14,13.46,13.76,13.45,13.54,11763606,13.8,14.1,13.78,13.88,11477700,2026-01-01T03:45:57Z
MU,2006-12-15,13.37,13.67,13.26,13.57,15223019,13.7,14.01,13.59,13.91,14853000,2026-01-01T03:45:57Z
MU,2006-12-18,13.2,13.38,13.11,13.37,13529794,13.53,13.71,13.44,13.7,13201000,2026-01-01T03:45:57Z
MU,2006-12-19,13.03,13.09,12.8,13.09,21380232,13.35,13.42,13.12,13.42,20860700,2026-01-01T03:45:57Z
MU,2006-12-20,13.14,13.32,13.12,13.22,13929570,13.47,13.65,13.45,13.55,13591000,2026-01-01T03:45:57Z
MU,2006-12-21,13.16,13.46,13.11,13.17,15698567,13.49,13.8,13.44,13.5,15317100,2026-01-01T03:45:57Z
MU,2006-12-22,13.6,13.95,13.53,13.85,22695698,13.94,14.3,13.87,14.19,22144100,2026-01-01T03:45:57Z
MU,2006-12-26,13.63,13.78,13.55,13.74,8299392,13.97,14.12,13.89,14.08,8097700,2026-01-01T03:45:57Z
MU,2006-12-27,13.75,13.8,13.59,13.63,8782933,14.09,14.14,13.93,13.97,8569500,2026-01-01T03:45:57Z
MU,2006-12-28,13.68,13.81,13.61,13.81,8030345,14.02,14.15,13.95,14.15,7835200,2026-01-01T03:45:57Z
MU,2006-12-29,13.62,13.78,13.59,13.62,5716439,13.96,14.12,13.93,13.96,5577500,2026-01-01T03:45:57Z
MU,2007-01-03,13.69,13.96,13.57,13.8,11474590,14.03,14.31,13.91,14.14,11195700,2026-01-01T03:45:57Z
MU,2007-01-04,13.45,13.69,13.32,13.51,18981659,13.79,14.03,13.65,13.85,18520400,2026-01-01T03:45:57Z
MU,2007-01-05,13.25,13.35,13.19,13.35,11883986,13.58,13.68,13.52,13.68,11595200,2026-01-01T03:45:57Z
MU,2007-01-08,13.41,13.51,13.26,13.34,10083952,13.74,13.85,13.59,13.67,9838900,2026-01-01T03:45:57Z
MU,2007-01-09,13.34,13.42,13.27,13.4,9148624,13.67,13.75,13.6,13.73,8926300,2026-01-01T03:45:57Z
MU,2007-01-10,13.73,13.81,13.25,13.25,15389257,14.07,14.15,13.58,13.58,15015300,2026-01-01T03:45:57Z
MU,2007-01-11,13.54,13.94,13.52,13.76,16833063,13.88,14.29,13.86,14.1,16424000,2026-01-01T03:45:57Z
MU,2007-01-12,13.88,13.95,13.51,13.61,15218623,14.23,14.3,13.85,13.95,14848800,2026-01-01T03:45:57Z
MU,2007-01-16,13.58,13.87,13.48,13.83,11802231,13.92,14.21,13.82,14.17,11515400,2026-01-01T03:45:57Z
MU,2007-01-17,13.35,13.6,13.27,13.57,9338681,13.68,13.94,13.6,13.91,9111700,2026-01-01T03:45:57Z
MU,2007-01-18,12.93,13.29,12.87,13.29,16606468,13.25,13.62,13.19,13.62,16202900,2026-01-01T03:45:57Z
MU,2007-01-19,12.95,13.03,12.75,12.97,11052405,13.27,13.35,13.07,13.29,10783800,2026-01-01T03:45:57Z
MU,2007-01-22,12.75,13.03,12.71,12.98,10732703,13.07,13.35,13.03,13.3,10471900,2026-01-01T03:45:57Z
MU,2007-01-23,12.62,12.89,12.54,12.79,14157939,12.93,13.21,12.85,13.11,13813900,2026-01-01T03:45:57Z
MU,2007-01-24,12.91,13.01,12.73,12.82,13677063,13.23,13.33,13.05,13.14,13344700,2026-01-01T03:45:57Z
MU,2007-01-25,12.77,13.04,12.74,12.96,9536547,13.09,13.36,13.06,13.28,9304800,2026-01-01T03:45:57Z
MU,2007-01-26,12.88,13,12.67,12.82,15468224,13.2,13.32,12.99,13.14,15092300,2026-01-01T03:45:57Z
MU,2007-01-29,12.71,12.96,12.7,12.94,11092508,13.03,13.28,13.02,13.26,10822900,2026-01-01T03:45:57Z
MU,2007-01-30,12.67,12.8,12.62,12.74,9064701,12.99,13.12,12.93,13.06,8844400,2026-01-01T03:45:57Z
MU,2007-01-31,12.64,12.65,12.48,12.63,9640987,12.95,12.97,12.79,12.95,9406700,2026-01-01T03:45:57Z
MU,2007-02-01,12.54,12.68,12.48,12.6,12171305,12.85,13,12.79,12.91,11875500,2026-01-01T03:45:57Z
MU,2007-02-02,12.84,12.93,12.52,12.57,19421663,13.16,13.25,12.83,12.88,18949700,2026-01-01T03:45:57Z
MU,2007-02-05,12.8,12.93,12.66,12.72,14521157,13.12,13.25,12.98,13.04,14168200,2026-01-01T03:45:57Z
MU,2007-02-06,12.7,12.78,12.64,12.74,12922634,13.02,13.1,12.96,13.06,12608600,2026-01-01T03:45:57Z
MU,2007-02-07,12.65,12.89,12.62,12.78,16138706,12.97,13.21,12.93,13.1,15746500,2026-01-01T03:45:57Z
MU,2007-02-08,12.59,12.65,12.49,12.53,8001453,12.9,12.97,12.8,12.84,7807000,2026-01-01T03:45:57Z
MU,2007-02-09,12.25,12.78,12.1,12.63,24170836,12.56,13.1,12.4,12.95,23583500,2026-01-01T03:45:57Z
MU,2007-02-12,11.97,12.18,11.93,12.01,11175295,12.27,12.48,12.23,12.31,10903700,2026-01-01T03:45:57Z
MU,2007-02-13,11.91,12.03,11.82,11.95,11252944,12.21,12.33,12.12,12.25,10979500,2026-01-01T03:45:57Z
MU,2007-02-14,12.25,12.4,11.91,11.91,26616567,12.56,12.71,12.21,12.21,25969800,2026-01-01T03:45:57Z
MU,2007-02-15,12.21,12.32,12.15,12.22,11838892,12.51,12.63,12.45,12.52,11551200,2026-01-01T03:45:57Z
MU,2007-02-16,12.02,12.21,11.99,12.19,10747689,12.32,12.51,12.29,12.49,10486500,2026-01-01T03:45:57Z
MU,2007-02-20,11.81,12.01,11.79,11.93,17239931,12.1,12.31,12.08,12.23,16820900,2026-01-01T03:45:57Z
MU,2007-02-21,11.68,11.79,11.61,11.76,21168957,11.97,12.08,11.9,12.05,20654500,2026-01-01T03:45:57Z
MU,2007-02-22,11.86,11.88,11.73,11.78,11900698,12.16,12.18,12.02,12.07,11611500,2026-01-01T03:45:57Z
MU,2007-02-23,12.08,12.18,11.74,11.8,18290046,12.38,12.48,12.03,12.09,17845500,2026-01-01T03:45:57Z
MU,2007-02-26,12.04,12.21,11.93,12.21,10441562,12.34,12.51,12.23,12.51,10187800,2026-01-01T03:45:57Z
MU,2007-02-27,11.61,11.93,11.55,11.85,18635795,11.9,12.23,11.84,12.14,18182900,2026-01-01T03:45:57Z
MU,2007-02-28,11.57,11.67,11.47,11.67,16173518,11.86,11.96,11.76,11.96,15780500,2026-01-01T03:45:57Z
MU,2007-03-01,11.57,11.82,11.24,11.46,21446144,11.86,12.12,11.52,11.75,20925000,2026-01-01T03:45:57Z
MU,2007-03-02,11.54,11.86,11.46,11.5,18699754,11.83,12.16,11.74,11.79,18245300,2026-01-01T03:45:57Z
MU,2007-03-05,11.39,11.67,11.31,11.42,13474142,11.67,11.96,11.59,11.7,13146700,2026-01-01T03:45:57Z
MU,2007-03-06,11.43,11.6,11.29,11.6,17101331,11.71,11.89,11.57,11.89,16685700,2026-01-01T03:45:57Z
MU,2007-03-07,11.16,11.39,11.13,11.34,13321214,11.44,11.67,11.41,11.62,12997500,2026-01-01T03:45:57Z
MU,2007-03-08,11.05,11.31,11,11.29,15517383,11.33,11.59,11.27,11.57,15140200,2026-01-01T03:45:57Z
MU,2007-03-09,11.14,11.25,11.06,11.2,13807926,11.42,11.53,11.34,11.48,13472400,2026-01-01T03:45:57Z
MU,2007-03-12,11.12,11.16,11,11.08,11000488,11.4,11.44,11.27,11.36,10733100,2026-01-01T03:45:57Z
MU,2007-03-13,10.99,11.23,10.96,11.04,13909501,11.26,11.51,11.23,11.31,13571400,2026-01-01T03:45:57Z
MU,2007-03-14,11.31,11.43,11.04,11.22,27539457,11.59,11.71,11.32,11.5,26870100,2026-01-01T03:45:57Z
MU,2007-03-15,11.28,11.44,11.2,11.3,8092645,11.56,11.72,11.48,11.58,7896000,2026-01-01T03:45:57Z
MU,2007-03-16,11.16,11.42,11.12,11.28,9354624,11.44,11.7,11.4,11.56,9127300,2026-01-01T03:45:57Z
MU,2007-03-19,11,11.27,10.95,11.18,17042491,11.27,11.55,11.22,11.46,16628300,2026-01-01T03:45:57Z
MU,2007-03-20,11,11.07,10.95,10.99,9519353,11.27,11.35,11.22,11.26,9288000,2026-01-01T03:45:57Z
MU,2007-03-21,11.32,11.45,11,11.12,21763388,11.6,11.73,11.27,11.4,21234500,2026-01-01T03:45:57Z
MU,2007-03-22,11.34,11.37,11.19,11.37,15827146,11.62,11.65,11.47,11.65,15442500,2026-01-01T03:45:57Z
MU,2007-03-23,11.31,11.36,11.28,11.34,14178207,11.59,11.64,11.56,11.62,13833600,2026-01-01T03:45:57Z
MU,2007-03-26,11.33,11.48,11.26,11.32,16245267,11.61,11.77,11.54,11.6,15850400,2026-01-01T03:45:57Z
MU,2007-03-27,11.72,11.76,11.31,11.32,25517907,12.01,12.05,11.59,11.6,24897700,2026-01-01T03:45:57Z
MU,2007-03-28,11.72,11.82,11.54,11.6,23453738,12.01,12.11,11.83,11.89,22883700,2026-01-01T03:45:57Z
MU,2007-03-29,11.55,11.9,11.45,11.81,23119479,11.84,12.2,11.73,12.1,22557700,2026-01-01T03:45:57Z
MU,2007-03-30,11.79,11.87,11.59,11.6,16973432,12.08,12.17,11.88,11.89,16560900,2026-01-01T03:45:57Z
MU,2007-04-02,11.84,11.94,11.82,11.84,21518573,12.13,12.24,12.11,12.13,20995600,2026-01-01T03:45:57Z
MU,2007-04-03,11.93,11.95,11.86,11.87,20728827,12.23,12.25,12.15,12.17,20225100,2026-01-01T03:45:57Z
MU,2007-04-04,11.78,11.94,11.6,11.94,40875059,12.07,12.24,11.89,12.24,39881800,2026-01-01T03:45:57Z
MU,2007-04-05,11.23,11.86,11.17,11.86,66897857,11.51,12.15,11.45,12.15,65272200,2026-01-01T03:45:57Z
MU,2007-04-09,10.91,11.22,10.86,11.22,35443764,11.18,11.5,11.13,11.5,34582400,2026-01-01T03:45:57Z
MU,2007-04-10,10.95,10.97,10.73,10.89,28806743,11.22,11.24,11,11.16,28106600,2026-01-01T03:45:57Z
MU,2007-04-11,11.03,11.2,10.81,11.03,36208190,11.3,11.48,11.08,11.3,35328300,2026-01-01T03:45:57Z
MU,2007-04-12,11.17,11.18,10.88,10.98,27835461,11.45,11.46,11.15,11.25,27158900,2026-01-01T03:45:57Z
MU,2007-04-13,10.99,11.19,10.96,11.19,18707631,11.26,11.47,11.23,11.47,18252900,2026-01-01T03:45:57Z
MU,2007-04-16,10.8,11.09,10.75,11.09,29176792,11.07,11.37,11.02,11.37,28467800,2026-01-01T03:45:57Z
MU,2007-04-17,10.68,10.82,10.62,10.8,29560971,10.95,11.09,10.88,11.07,28842600,2026-01-01T03:45:57Z
MU,2007-04-18,10.83,10.94,10.65,10.68,17012408,11.1,11.21,10.92,10.95,16598900,2026-01-01T03:45:57Z
MU,2007-04-19,10.86,10.92,10.69,10.71,14715541,11.13,11.19,10.96,10.98,14357900,2026-01-01T03:45:57Z
MU,2007-04-20,10.92,11.01,10.75,10.92,17485527,11.19,11.28,11.02,11.19,17060500,2026-01-01T03:45:57Z
MU,2007-04-23,10.94,11.02,10.92,10.95,17649579,11.21,11.29,11.19,11.22,17220700,2026-01-01T03:45:57Z
MU,2007-04-24,11.31,11.43,10.91,10.98,31601898,11.59,11.71,11.18,11.25,30833800,2026-01-01T03:45:57Z
MU,2007-04-25,11.48,11.52,11.18,11.38,21550354,11.77,11.81,11.46,11.66,21026700,2026-01-01T03:45:57Z
MU,2007-04-26,11.68,11.86,11.48,11.64,29042402,11.97,12.16,11.77,11.93,28336600,2026-01-01T03:45:57Z
MU,2007-04-27,11.41,11.63,11.38,11.61,16336728,11.69,11.92,11.66,11.9,15939700,2026-01-01T03:45:57Z
MU,2007-04-30,11.19,11.47,11.13,11.46,15274987,11.47,11.76,11.41,11.75,14903700,2026-01-01T03:45:57Z
MU,2007-05-01,11.07,11.14,10.86,11.12,18781277,11.35,11.42,11.13,11.4,18324900,2026-01-01T03:45:57Z
MU,2007-05-02,11.17,11.23,10.99,11.04,10236608,11.45,11.51,11.26,11.32,9987800,2026-01-01T03:45:57Z
MU,2007-05-03,11.11,11.19,11.04,11.13,9861965,11.39,11.47,11.31,11.41,9622300,2026-01-01T03:45:57Z
MU,2007-05-04,11.62,11.77,11.14,11.16,25147455,11.91,12.06,11.42,11.44,24536400,2026-01-01T03:45:57Z
MU,2007-05-07,11.67,11.8,11.46,11.59,15855073,11.96,12.09,11.74,11.88,15469700,2026-01-01T03:45:57Z
MU,2007-05-08,11.57,11.71,11.47,11.58,10930410,11.86,12,11.76,11.87,10664800,2026-01-01T03:45:57Z
MU,2007-05-09,12.06,12.16,11.52,11.58,23487545,12.36,12.46,11.81,11.87,22916700,2026-01-01T03:45:57Z
MU,2007-05-10,11.84,12.06,11.82,12,16796102,12.13,12.36,12.12,12.3,16387900,2026-01-01T03:45:57Z
MU,2007-05-11,12.02,12.1,11.68,11.82,20783990,12.32,12.4,11.97,12.12,20278900,2026-01-01T03:45:57Z
MU,2007-05-14,11.99,12.35,11.93,12.08,11746080,12.29,12.66,12.23,12.38,11460600,2026-01-01T03:45:57Z
MU,2007-05-15,11.78,11.99,11.55,11.95,23237262,12.07,12.29,11.84,12.25,22672600,2026-01-01T03:45:57Z
MU,2007-05-16,11.85,11.92,11.69,11.76,13448290,12.14,12.22,11.98,12.05,13121500,2026-01-01T03:45:57Z
MU,2007-05-17,11.22,11.65,11.22,11.57,47823212,11.5,11.94,11.5,11.86,46660900,2026-01-01T03:45:57Z
MU,2007-05-18,11.19,11.25,11.09,11.22,60478134,11.47,11.53,11.37,11.5,59008100,2026-01-01T03:45:57Z
MU,2007-05-21,11.17,11.35,11.1,11.22,31914095,11.45,11.63,11.38,11.5,31138400,2026-01-01T03:45:57Z
MU,2007-05-22,11.1,11.24,10.94,11.21,20767777,11.38,11.52,11.21,11.49,20263000,2026-01-01T03:45:57Z
MU,2007-05-23,11.25,11.34,11.19,11.2,28249104,11.53,11.62,11.47,11.48,27562600,2026-01-01T03:45:57Z
MU,2007-05-24,11.52,11.76,11.29,11.44,51712800,11.81,12.05,11.57,11.72,50456100,2026-01-01T03:45:57Z
MU,2007-05-25,11.68,11.74,11.57,11.69,21916627,11.97,12.03,11.86,11.98,21384000,2026-01-01T03:45:57Z
MU,2007-05-29,11.67,11.89,11.46,11.88,25744444,11.96,12.19,11.75,12.18,25118700,2026-01-01T03:45:57Z
MU,2007-05-30,11.61,11.68,11.4,11.54,21233118,11.9,11.97,11.68,11.83,20717100,2026-01-01T03:45:57Z
MU,2007-05-31,11.88,11.94,11.49,11.63,33679483,12.18,12.24,11.78,11.92,32861000,2026-01-01T03:45:57Z
MU,2007-06-01,12.29,12.54,12,12.26,60811924,12.6,12.85,12.3,12.56,59334100,2026-01-01T03:45:57Z
MU,2007-06-04,12.26,12.44,12.09,12.17,21361364,12.57,12.75,12.39,12.47,20842200,2026-01-01T03:45:57Z
MU,2007-06-05,12.15,12.28,11.86,12.26,26357832,12.45,12.59,12.15,12.57,25717200,2026-01-01T03:45:57Z
MU,2007-06-06,11.94,12.09,11.84,12.03,28242448,12.24,12.39,12.13,12.33,27556000,2026-01-01T03:45:57Z
MU,2007-06-07,11.66,12,11.6,11.86,21788178,11.95,12.3,11.89,12.15,21258700,2026-01-01T03:45:57Z
MU,2007-06-08,12.05,12.08,11.62,11.73,21198003,12.35,12.38,11.91,12.02,20682900,2026-01-01T03:45:57Z
MU,2007-06-11,11.7,12.06,11.66,12,17448255,11.99,12.36,11.95,12.3,17024200,2026-01-01T03:45:57Z
MU,2007-06-12,11.67,11.85,11.45,11.65,27381947,11.96,12.14,11.73,11.94,26716400,2026-01-01T03:45:57Z
MU,2007-06-13,11.65,11.82,11.51,11.77,24716017,11.94,12.12,11.8,12.06,24115300,2026-01-01T03:45:57Z
MU,2007-06-14,11.93,12.12,11.81,11.85,25515140,12.23,12.42,12.1,12.14,24895100,2026-01-01T03:45:57Z
MU,2007-06-15,12.27,12.32,11.97,12.07,26138580,12.58,12.63,12.27,12.37,25503400,2026-01-01T03:45:57Z
MU,2007-06-18,12.24,12.34,12.14,12.34,14328318,12.55,12.65,12.44,12.65,13980100,2026-01-01T03:45:57Z
MU,2007-06-19,12.14,12.33,12.07,12.18,15787239,12.44,12.64,12.37,12.48,15403600,2026-01-01T03:45:57Z
MU,2007-06-20,12.41,12.76,12.39,12.41,32657282,12.72,13.08,12.7,12.72,31863700,2026-01-01T03:45:57Z
MU,2007-06-21,12.92,12.94,12.49,12.61,32373338,13.24,13.26,12.8,12.92,31586500,2026-01-01T03:45:57Z
MU,2007-06-22,12.52,12.91,12.5,12.8,23248290,12.83,13.23,12.81,13.12,22683300,2026-01-01T03:45:57Z
MU,2007-06-25,12.34,12.61,12.22,12.51,21713342,12.65,12.92,12.52,12.82,21185700,2026-01-01T03:45:57Z
MU,2007-06-26,12.15,12.4,12.02,12.4,23798631,12.45,12.71,12.32,12.71,23220200,2026-01-01T03:45:57Z
MU,2007-06-27,12.35,12.39,12.09,12.15,26645620,12.66,12.7,12.39,12.45,25998000,2026-01-01T03:45:57Z
MU,2007-06-28,12.11,12.59,12.07,12.51,33469405,12.41,12.9,12.37,12.82,32656000,2026-01-01T03:45:57Z
MU,2007-06-29,12.23,12.44,12.15,12.19,32607720,12.53,12.75,12.45,12.49,31815300,2026-01-01T03:45:57Z
MU,2007-07-02,12.18,12.39,12.04,12.39,17649022,12.48,12.7,12.34,12.7,17220100,2026-01-01T03:45:57Z
MU,2007-07-03,12.38,12.47,12.18,12.19,9976555,12.69,12.78,12.48,12.49,9734100,2026-01-01T03:45:57Z
MU,2007-07-05,12.49,12.56,12.4,12.49,15413213,12.8,12.87,12.71,12.8,15038600,2026-01-01T03:45:57Z
MU,2007-07-06,13.12,13.14,12.57,12.6,42329099,13.45,13.47,12.88,12.91,41300300,2026-01-01T03:45:57Z
MU,2007-07-09,13.09,13.14,12.98,13.04,30905797,13.42,13.47,13.3,13.36,30154800,2026-01-01T03:45:57Z
MU,2007-07-10,13.21,13.39,13.13,13.31,40767687,13.54,13.72,13.46,13.64,39776800,2026-01-01T03:45:57Z
MU,2007-07-11,13.5,13.54,13.22,13.37,45569837,13.84,13.88,13.55,13.7,44462200,2026-01-01T03:45:57Z
MU,2007-07-12,13.41,13.68,13.01,13.67,45175422,13.74,14.02,13.33,14.01,44077600,2026-01-01T03:45:57Z
MU,2007-07-13,13.41,13.56,13.31,13.56,19297964,13.74,13.9,13.64,13.9,18829000,2026-01-01T03:45:57Z
MU,2007-07-16,13.64,13.76,13.41,13.44,23315715,13.98,14.1,13.74,13.77,22749000,2026-01-01T03:45:57Z
MU,2007-07-17,13.51,13.86,13.46,13.6,22190501,13.85,14.2,13.8,13.94,21651200,2026-01-01T03:45:57Z
MU,2007-07-18,13.33,13.5,13.03,13.46,25745534,13.66,13.84,13.35,13.8,25119800,2026-01-01T03:45:57Z
MU,2007-07-19,13.27,13.5,13.14,13.46,14528258,13.6,13.84,13.47,13.8,14175200,2026-01-01T03:45:57Z
MU,2007-07-20,13.08,13.46,12.99,13.34,19520707,13.41,13.79,13.31,13.67,19046300,2026-01-01T03:45:57Z
MU,2007-07-23,13.11,13.47,13.03,13.1,25397677,13.44,13.81,13.35,13.43,24780500,2026-01-01T03:45:57Z
MU,2007-07-24,12.73,13.12,12.69,13.08,25960511,13.05,13.45,13.01,13.41,25329500,2026-01-01T03:45:57Z
MU,2007-07-25,12.76,12.9,12.63,12.81,20926502,13.08,13.22,12.94,13.13,20417900,2026-01-01T03:45:57Z
MU,2007-07-26,11.85,12.68,11.75,12.66,47960021,12.14,13,12.04,12.98,46794600,2026-01-01T03:45:57Z
MU,2007-07-27,11.58,11.94,11.46,11.85,28853892,11.87,12.24,11.74,12.14,28152600,2026-01-01T03:45:57Z
MU,2007-07-30,11.73,11.92,11.69,11.81,21963028,12.02,12.22,11.98,12.1,21429300,2026-01-01T03:45:57Z
MU,2007-07-31,11.58,12.03,11.55,11.89,37893396,11.87,12.33,11.84,12.19,36972400,2026-01-01T03:45:57Z
MU,2007-08-01,11.81,11.81,11.01,11.5,31068445,12.1,12.1,11.28,11.79,30313300,2026-01-01T03:45:57Z
MU,2007-08-02,11.53,11.81,11.43,11.8,26611116,11.82,12.1,11.71,12.09,25964300,2026-01-01T03:45:57Z
MU,2007-08-03,11.36,11.89,11.27,11.78,27037832,11.64,12.19,11.55,12.07,26380700,2026-01-01T03:45:57Z
MU,2007-08-06,11.35,11.54,11.12,11.54,19904770,11.63,11.83,11.4,11.83,19421100,2026-01-01T03:45:57Z
MU,2007-08-07,11.31,11.41,11.04,11.4,18227322,11.59,11.69,11.31,11.68,17784300,2026-01-01T03:45:57Z
MU,2007-08-08,11.78,11.8,11.23,11.4,25285024,12.07,12.09,11.51,11.68,24670600,2026-01-01T03:45:57Z
MU,2007-08-09,12.2,12.34,11.46,11.46,32330562,12.5,12.65,11.75,11.75,31544800,2026-01-01T03:45:57Z
MU,2007-08-10,11.91,12.26,11.46,11.91,36838057,12.21,12.56,11.75,12.21,35942900,2026-01-01T03:45:57Z
MU,2007-08-13,11.68,12.05,11.56,12.03,18247252,11.97,12.35,11.85,12.33,17803800,2026-01-01T03:45:57Z
MU,2007-08-14,11.24,11.69,11.24,11.66,15634915,11.52,11.98,11.52,11.95,15254900,2026-01-01T03:45:57Z
MU,2007-08-15,10.79,11.46,10.77,11.21,21061167,11.06,11.75,11.04,11.49,20549300,2026-01-01T03:45:57Z
MU,2007-08-16,10.34,10.78,10.05,10.67,36706746,10.6,11.05,10.3,10.94,35814700,2026-01-01T03:45:57Z
MU,2007-08-17,10.72,10.93,10.36,10.78,28327261,10.99,11.2,10.62,11.05,27638800,2026-01-01T03:45:57Z
MU,2007-08-20,10.71,10.98,10.6,10.72,25501965,10.98,11.25,10.86,10.99,24882300,2026-01-01T03:45:57Z
MU,2007-08-21,11.08,11.24,10.75,10.84,25433241,11.36,11.52,11.02,11.11,24815100,2026-01-01T03:45:57Z
MU,2007-08-22,11.17,11.21,11.04,11.21,16566868,11.45,11.49,11.31,11.49,16164200,2026-01-01T03:45:57Z
MU,2007-08-23,10.85,11.17,10.82,11.12,15868320,11.12,11.45,11.09,11.4,15482600,2026-01-01T03:45:57Z
MU,2007-08-24,10.75,10.8,10.5,10.61,21379755,11.02,11.07,10.76,10.87,20860200,2026-01-01T03:45:57Z
MU,2007-08-27,10.96,11.03,10.62,10.66,15156927,11.23,11.3,10.89,10.93,14788600,2026-01-01T03:45:57Z
MU,2007-08-28,10.73,10.91,10.64,10.88,15236855,11,11.18,10.91,11.15,14866600,2026-01-01T03:45:57Z
MU,2007-08-29,10.97,10.97,10.73,10.79,9344528,11.24,11.24,11,11.06,9117400,2026-01-01T03:45:57Z
MU,2007-08-30,10.94,11.26,10.77,10.8,16651835,11.21,11.54,11.04,11.07,16247200,2026-01-01T03:45:57Z
MU,2007-08-31,11.17,11.24,10.99,11.12,10833618,11.45,11.52,11.26,11.4,10570300,2026-01-01T03:45:57Z
MU,2007-09-04,11.32,11.44,11.09,11.22,11275515,11.6,11.72,11.37,11.5,11001500,2026-01-01T03:45:57Z
MU,2007-09-05,11.08,11.23,10.95,11.19,14791398,11.36,11.51,11.22,11.47,14431900,2026-01-01T03:45:57Z
MU,2007-09-06,11.22,11.3,11,11.09,16027640,11.5,11.58,11.27,11.37,15638100,2026-01-01T03:45:57Z
MU,2007-09-07,11.12,12.29,10.99,11.01,21693297,11.4,12.6,11.26,11.28,21166000,2026-01-01T03:45:57Z
MU,2007-09-10,11.36,11.48,11.11,11.31,19145619,11.64,11.77,11.39,11.59,18680300,2026-01-01T03:45:57Z
MU,2007-09-11,11.35,11.46,11.3,11.42,10058924,11.63,11.75,11.58,11.7,9814500,2026-01-01T03:45:57Z
MU,2007-09-12,10.98,11.3,10.98,11.24,17200408,11.25,11.58,11.25,11.52,16782400,2026-01-01T03:45:57Z
MU,2007-09-13,11.01,11.12,10.95,11.04,11811412,11.28,11.4,11.22,11.31,11524400,2026-01-01T03:45:57Z
MU,2007-09-14,10.73,10.94,10.62,10.93,15429538,11,11.21,10.88,11.2,15054600,2026-01-01T03:45:57Z
MU,2007-09-17,10.67,10.73,10.44,10.7,19008301,10.94,11,10.7,10.97,18546300,2026-01-01T03:45:57Z
MU,2007-09-18,10.9,10.91,10.56,10.7,16550786,11.17,11.18,10.82,10.97,16148500,2026-01-01T03:45:57Z
MU,2007-09-19,10.67,10.98,10.6,10.93,20593838,10.94,11.25,10.86,11.2,20093300,2026-01-01T03:45:57Z
MU,2007-09-20,10.52,10.72,10.42,10.62,18083916,10.78,10.99,10.68,10.89,17644400,2026-01-01T03:45:57Z
MU,2007-09-21,10.47,10.64,10.36,10.62,15461910,10.73,10.91,10.62,10.89,15086100,2026-01-01T03:45:57Z
MU,2007-09-24,10.28,10.52,10.22,10.45,15614651,10.54,10.78,10.48,10.71,15235100,2026-01-01T03:45:57Z
MU,2007-09-25,10.16,10.26,10.08,10.24,22328666,10.41,10.52,10.33,10.5,21786000,2026-01-01T03:45:57Z
MU,2007-09-26,10.49,10.68,10.18,10.22,21610280,10.75,10.95,10.43,10.47,21085000,2026-01-01T03:45:57Z
MU,2007-09-27,11.08,11.21,10.73,10.74,28517914,11.36,11.49,11,11.01,27824800,2026-01-01T03:45:57Z
MU,2007-09-28,10.83,11.07,10.79,11.04,17048896,11.1,11.35,11.06,11.31,16634500,2026-01-01T03:45:57Z
MU,2007-10-01,11.07,11.2,10.83,10.99,18619650,11.35,11.48,11.1,11.26,18167200,2026-01-01T03:45:57Z
MU,2007-10-02,11.5,11.63,11.07,11.26,31717748,11.79,11.92,11.35,11.54,30947000,2026-01-01T03:45:57Z
MU,2007-10-03,10.48,10.85,10.3,10.85,63094190,10.74,11.12,10.56,11.12,61560900,2026-01-01T03:45:57Z
MU,2007-10-04,10.35,10.63,10.27,10.58,29111417,10.61,10.9,10.53,10.84,28403800,2026-01-01T03:45:57Z
MU,2007-10-05,10.54,10.59,10.32,10.49,22156834,10.8,10.85,10.58,10.75,21618300,2026-01-01T03:45:57Z
MU,2007-10-08,10.49,10.53,10.39,10.52,8483918,10.75,10.79,10.65,10.78,8277700,2026-01-01T03:45:57Z
MU,2007-10-09,10.38,10.56,10.31,10.49,12945535,10.64,10.82,10.57,10.75,12630900,2026-01-01T03:45:57Z
MU,2007-10-10,10.45,10.51,10.36,10.42,14016666,10.71,10.77,10.62,10.68,13676000,2026-01-01T03:45:57Z
MU,2007-10-11,10.3,10.59,10.24,10.46,22075212,10.56,10.85,10.5,10.72,21538800,2026-01-01T03:45:57Z
MU,2007-10-12,10.24,10.4,10.18,10.32,15406364,10.49,10.66,10.43,10.58,15032000,2026-01-01T03:45:57Z
MU,2007-10-15,10.21,10.31,10.13,10.28,12663141,10.46,10.57,10.38,10.54,12355400,2026-01-01T03:45:57Z
MU,2007-10-16,10.18,10.36,10.13,10.18,15064336,10.43,10.62,10.38,10.43,14698200,2026-01-01T03:45:57Z
MU,2007-10-17,10.12,10.49,10.07,10.43,21381795,10.37,10.75,10.32,10.69,20862200,2026-01-01T03:45:57Z
MU,2007-10-18,10.27,10.31,10.01,10.1,14684461,10.53,10.57,10.26,10.35,14327600,2026-01-01T03:45:57Z
MU,2007-10-19,9.84,10.23,9.76,10.19,27947374,10.08,10.49,10,10.44,27268100,2026-01-01T03:45:57Z
MU,2007-10-22,9.75,9.94,9.71,9.76,17927207,9.99,10.19,9.95,10,17491500,2026-01-01T03:45:57Z
MU,2007-10-23,9.75,9.86,9.64,9.8,15575449,9.99,10.11,9.88,10.04,15196900,2026-01-01T03:45:57Z
MU,2007-10-24,9.54,9.71,9.32,9.67,26064487,9.78,9.95,9.55,9.91,25431000,2026-01-01T03:45:57Z
MU,2007-10-25,9.2,9.54,9.14,9.5,17165105,9.43,9.78,9.37,9.74,16747900,2026-01-01T03:45:57Z
MU,2007-10-26,9.52,9.75,9.27,9.45,28197799,9.76,9.99,9.5,9.69,27512500,2026-01-01T03:45:57Z
MU,2007-10-29,9.75,9.76,9.55,9.56,14397009,9.99,10,9.79,9.8,14047100,2026-01-01T03:45:57Z
MU,2007-10-30,10.1,10.23,9.6,9.64,33010233,10.35,10.49,9.84,9.88,32208100,2026-01-01T03:45:57Z
MU,2007-10-31,10.25,10.33,10.06,10.13,15770945,10.51,10.59,10.31,10.38,15387700,2026-01-01T03:45:57Z
MU,2007-11-01,10.07,10.36,10.02,10.2,18816996,10.32,10.62,10.27,10.45,18359700,2026-01-01T03:45:57Z
MU,2007-11-02,10.22,10.22,9.77,10.15,15694700,10.47,10.47,10.01,10.4,15313200,2026-01-01T03:45:57Z
MU,2007-11-05,9.89,10.11,9.76,10.07,15383925,10.14,10.36,10,10.32,15010100,2026-01-01T03:45:57Z
MU,2007-11-06,9.68,9.92,9.47,9.92,17006432,9.92,10.17,9.71,10.17,16593100,2026-01-01T03:45:57Z
MU,2007-11-07,9.26,9.56,9.24,9.5,18182623,9.49,9.8,9.47,9.74,17740800,2026-01-01T03:45:57Z
MU,2007-11-08,9.1,9.27,8.84,9.26,22273499,9.33,9.5,9.06,9.49,21732300,2026-01-01T03:45:57Z
MU,2007-11-09,9.41,9.61,8.89,9.03,17969140,9.64,9.85,9.11,9.25,17532400,2026-01-01T03:45:57Z
MU,2007-11-12,9.09,9.39,9.06,9.37,11868330,9.32,9.62,9.29,9.6,11579900,2026-01-01T03:45:57Z
MU,2007-11-13,9.19,9.32,9.05,9.32,9434963,9.42,9.55,9.28,9.55,9205700,2026-01-01T03:45:57Z
MU,2007-11-14,9.12,9.32,9.09,9.23,12435065,9.35,9.55,9.32,9.46,12132900,2026-01-01T03:45:57Z
MU,2007-11-15,9.02,9.21,8.96,9.1,11606319,9.24,9.44,9.18,9.33,11324200,2026-01-01T03:45:57Z
MU,2007-11-16,8.93,9.11,8.73,9.05,18526299,9.15,9.34,8.95,9.28,18076000,2026-01-01T03:45:57Z
MU,2007-11-19,8.63,8.97,8.62,8.83,16205983,8.84,9.19,8.83,9.05,15812200,2026-01-01T03:45:57Z
MU,2007-11-20,8.32,8.7,8.11,8.59,31698553,8.53,8.92,8.31,8.8,30928200,2026-01-01T03:45:57Z
MU,2007-11-21,7.88,8.24,7.71,8.24,28295679,8.08,8.45,7.9,8.45,27607900,2026-01-01T03:45:57Z
MU,2007-11-23,8.17,8.21,7.9,7.95,6178647,8.37,8.42,8.1,8.15,6028500,2026-01-01T03:45:57Z
MU,2007-11-26,7.83,8.2,7.83,8.19,15387135,8.02,8.4,8.02,8.39,15013200,2026-01-01T03:45:57Z
MU,2007-11-27,7.75,7.89,7.63,7.85,17647359,7.94,8.09,7.82,8.05,17218400,2026-01-01T03:45:57Z
MU,2007-11-28,8.25,8.28,7.76,7.86,19887415,8.46,8.49,7.95,8.06,19404100,2026-01-01T03:45:57Z
MU,2007-11-29,8.03,8.5,7.98,8.2,18020726,8.23,8.71,8.18,8.4,17582800,2026-01-01T03:45:57Z
MU,2007-11-30,8.12,8.27,8.07,8.2,22241534,8.32,8.48,8.27,8.4,21701000,2026-01-01T03:45:57Z
MU,2007-12-03,8.1,8.22,8.05,8.21,12136020,8.3,8.43,8.25,8.41,11841100,2026-01-01T03:45:57Z
MU,2007-12-04,8.39,8.55,8.04,8.04,21336016,8.6,8.76,8.24,8.24,20817500,2026-01-01T03:45:57Z
MU,2007-12-05,8.73,9.03,8.59,8.62,24578088,8.95,9.25,8.8,8.84,23980800,2026-01-01T03:45:57Z
MU,2007-12-06,9.04,9.06,8.74,8.75,16605685,9.26,9.29,8.96,8.97,16202200,2026-01-01T03:45:57Z
MU,2007-12-07,8.81,9.08,8.63,9.02,15036914,9.03,9.31,8.85,9.24,14671400,2026-01-01T03:45:57Z
MU,2007-12-10,8.76,8.78,8.52,8.63,12259075,8.98,9,8.73,8.85,11961200,2026-01-01T03:45:57Z
MU,2007-12-11,8.39,8.76,8.36,8.76,10399533,8.6,8.98,8.57,8.98,10146800,2026-01-01T03:45:57Z
MU,2007-12-12,8.44,8.66,8.36,8.59,12975203,8.65,8.88,8.57,8.8,12659900,2026-01-01T03:45:57Z
MU,2007-12-13,8.26,8.5,8.15,8.41,13503706,8.47,8.71,8.35,8.62,13175600,2026-01-01T03:45:57Z
MU,2007-12-14,8.17,8.32,8.14,8.16,9710884,8.37,8.53,8.34,8.36,9474900,2026-01-01T03:45:57Z
MU,2007-12-17,7.7,8.15,7.63,8.15,18214275,7.89,8.35,7.82,8.35,17771500,2026-01-01T03:45:57Z
MU,2007-12-18,7.61,7.8,7.53,7.79,12709437,7.8,7.99,7.72,7.98,12400500,2026-01-01T03:45:57Z
MU,2007-12-19,7.65,7.77,7.53,7.62,8641987,7.84,7.96,7.72,7.81,8432000,2026-01-01T03:45:57Z
MU,2007-12-20,7.73,7.76,7.51,7.73,11460452,7.92,7.95,7.7,7.92,11181900,2026-01-01T03:45:57Z
MU,2007-12-21,7.35,7.66,7.19,7.48,25723554,7.53,7.85,7.37,7.67,25098400,2026-01-01T03:45:57Z
MU,2007-12-24,7.37,7.42,7.28,7.3,6372993,7.55,7.61,7.46,7.48,6218100,2026-01-01T03:45:57Z
MU,2007-12-26,7.32,7.39,7.23,7.34,9908236,7.5,7.57,7.41,7.52,9667400,2026-01-01T03:45:57Z
MU,2007-12-27,7.18,7.34,7.14,7.27,9922486,7.36,7.52,7.32,7.45,9681300,2026-01-01T03:45:57Z
MU,2007-12-28,7.09,7.22,7.05,7.22,12420894,7.27,7.4,7.23,7.4,12119000,2026-01-01T03:45:57Z
MU,2007-12-31,7.07,7.12,6.94,7.04,11963760,7.25,7.3,7.11,7.21,11673000,2026-01-01T03:45:57Z
MU,2008-01-02,6.87,7.1,6.79,7.05,13560371,7.04,7.28,6.96,7.23,13230800,2026-01-01T03:45:57Z
MU,2008-01-03,6.78,6.9,6.62,6.89,14170165,6.95,7.07,6.78,7.06,13825800,2026-01-01T03:45:57Z
MU,2008-01-04,6.24,6.74,6.18,6.73,24048297,6.4,6.91,6.33,6.9,23464000,2026-01-01T03:45:57Z
MU,2008-01-07,6.23,6.38,6.02,6.37,20600772,6.39,6.54,6.17,6.53,20100100,2026-01-01T03:45:57Z
MU,2008-01-08,6.03,6.31,5.98,6.29,13608032,6.18,6.47,6.13,6.45,13277300,2026-01-01T03:45:57Z
MU,2008-01-09,6.05,6.14,5.83,6,24378965,6.2,6.29,5.98,6.15,23786400,2026-01-01T03:45:57Z
MU,2008-01-10,6.05,6.19,5.84,5.99,19373295,6.2,6.34,5.99,6.14,18902400,2026-01-01T03:45:57Z
MU,2008-01-11,5.94,6.19,5.92,6.01,20058977,6.09,6.34,6.07,6.16,19571500,2026-01-01T03:45:57Z
MU,2008-01-14,6.1,6.2,6.05,6.13,28261260,6.25,6.35,6.2,6.28,27574400,2026-01-01T03:45:57Z
MU,2008-01-15,5.61,5.98,5.47,5.98,29562539,5.75,6.13,5.61,6.13,28844300,2026-01-01T03:45:57Z
MU,2008-01-16,5.79,5.9,5.34,5.42,28683102,5.93,6.05,5.47,5.55,27986100,2026-01-01T03:45:57Z
MU,2008-01-17,5.91,6.2,5.9,6.15,31619676,6.06,6.35,6.05,6.3,30851100,2026-01-01T03:45:57Z
MU,2008-01-18,6.28,6.42,6,6.08,29709066,6.44,6.58,6.15,6.23,28987100,2026-01-01T03:45:57Z
MU,2008-01-22,6.14,6.24,5.82,5.82,25564328,6.29,6.39,5.96,5.96,24942900,2026-01-01T03:45:57Z
MU,2008-01-23,6.54,6.65,5.88,6,28723333,6.7,6.82,6.03,6.15,28025400,2026-01-01T03:45:57Z
MU,2008-01-24,6.82,6.86,6.49,6.63,28190810,6.99,7.03,6.65,6.8,27505600,2026-01-01T03:45:57Z
MU,2008-01-25,6.37,6.98,6.28,6.93,19667278,6.53,7.15,6.44,7.1,19189300,2026-01-01T03:45:57Z
MU,2008-01-28,6.44,6.46,6.02,6.38,28774405,6.6,6.62,6.17,6.54,28075100,2026-01-01T03:45:57Z
MU,2008-01-29,6.7,6.74,6.47,6.53,21903543,6.87,6.91,6.63,6.69,21371100,2026-01-01T03:45:57Z
MU,2008-01-30,6.79,7.04,6.65,6.81,27013723,6.96,7.22,6.82,6.98,26357400,2026-01-01T03:45:57Z
MU,2008-01-31,6.82,6.93,6.53,6.61,15590443,6.99,7.1,6.69,6.77,15211500,2026-01-01T03:45:57Z
MU,2008-02-01,7.62,7.7,6.93,6.95,33613172,7.81,7.89,7.1,7.12,32796300,2026-01-01T03:45:57Z
MU,2008-02-04,7.62,7.71,7.21,7.71,25522449,7.81,7.9,7.39,7.9,24902200,2026-01-01T03:45:57Z
MU,2008-02-05,7.65,7.83,7.25,7.54,36797013,7.84,8.02,7.43,7.73,35902900,2026-01-01T03:45:57Z
MU,2008-02-06,6.82,7.61,6.79,7.6,29361259,6.99,7.8,6.96,7.79,28647600,2026-01-01T03:45:57Z
MU,2008-02-07,6.95,7.18,6.63,6.67,32483065,7.12,7.36,6.8,6.84,31693800,2026-01-01T03:45:57Z
MU,2008-02-08,6.53,7.01,6.49,7.01,26711111,6.69,7.19,6.65,7.19,26061900,2026-01-01T03:45:57Z
MU,2008-02-11,6.66,6.74,6.33,6.62,15281510,6.83,6.91,6.49,6.78,14910100,2026-01-01T03:45:57Z
MU,2008-02-12,6.85,7.2,6.78,6.79,24150812,7.02,7.38,6.95,6.96,23563900,2026-01-01T03:45:57Z
MU,2008-02-13,7.21,7.23,6.93,6.95,19797745,7.39,7.41,7.1,7.12,19316600,2026-01-01T03:45:57Z
MU,2008-02-14,7,7.17,6.97,7.03,19483333,7.17,7.35,7.14,7.2,19009700,2026-01-01T03:45:57Z
MU,2008-02-15,6.96,7.1,6.89,7.04,11181167,7.13,7.28,7.06,7.21,10909400,2026-01-01T03:45:57Z
MU,2008-02-19,7.34,7.49,7.16,7.29,20981016,7.52,7.68,7.34,7.47,20471000,2026-01-01T03:45:57Z
MU,2008-02-20,7.62,7.72,7.24,7.27,16012026,7.81,7.91,7.42,7.45,15622900,2026-01-01T03:45:57Z
MU,2008-02-21,7.2,7.73,7.15,7.73,24538196,7.38,7.92,7.33,7.92,23941700,2026-01-01T03:45:57Z
MU,2008-02-22,7.36,7.38,7.05,7.22,12742607,7.54,7.56,7.23,7.4,12433000,2026-01-01T03:45:57Z
MU,2008-02-25,7.58,7.63,7.32,7.32,12907431,7.77,7.82,7.5,7.5,12593800,2026-01-01T03:45:57Z
MU,2008-02-26,7.53,7.63,7.33,7.49,15369486,7.72,7.82,7.51,7.68,14996000,2026-01-01T03:45:57Z
MU,2008-02-27,7.67,7.93,7.42,7.43,23159583,7.86,8.13,7.6,7.62,22596800,2026-01-01T03:45:57Z
MU,2008-02-28,7.39,7.7,7.35,7.63,13078594,7.57,7.89,7.53,7.82,12760700,2026-01-01T03:45:57Z
MU,2008-02-29,7.34,7.66,7.26,7.32,15934032,7.52,7.85,7.44,7.5,15546700,2026-01-01T03:45:57Z
MU,2008-03-03,7,7.48,6.91,7.32,19043644,7.17,7.67,7.08,7.5,18580700,2026-01-01T03:45:57Z
MU,2008-03-04,6.81,6.86,6.56,6.82,17602711,6.98,7.03,6.72,6.99,17175000,2026-01-01T03:45:57Z
MU,2008-03-05,6.86,7.04,6.78,6.91,19264011,7.03,7.22,6.95,7.08,18795700,2026-01-01T03:45:57Z
MU,2008-03-06,6.58,6.9,6.58,6.83,13310685,6.74,7.07,6.74,7,12987200,2026-01-01T03:45:57Z
MU,2008-03-07,6.71,6.91,6.45,6.5,14790544,6.88,7.08,6.61,6.66,14431100,2026-01-01T03:45:57Z
MU,2008-03-10,6.25,6.7,6.25,6.7,17043556,6.41,6.87,6.4,6.87,16629300,2026-01-01T03:45:57Z
MU,2008-03-11,6.69,6.69,6.21,6.36,17728098,6.86,6.86,6.36,6.52,17297300,2026-01-01T03:45:57Z
MU,2008-03-12,6.34,6.69,6.32,6.69,20565089,6.5,6.86,6.48,6.86,20065200,2026-01-01T03:45:57Z
MU,2008-03-13,6.33,6.43,6.16,6.26,25760143,6.49,6.59,6.31,6.42,25134200,2026-01-01T03:45:57Z
MU,2008-03-14,5.99,6.44,5.8,6.41,28165411,6.14,6.6,5.94,6.57,27481000,2026-01-01T03:45:57Z
MU,2008-03-17,5.87,5.94,5.69,5.83,18105812,6.02,6.09,5.83,5.98,17665800,2026-01-01T03:45:57Z
MU,2008-03-18,5.84,5.99,5.62,5.99,26439674,5.99,6.14,5.76,6.14,25797000,2026-01-01T03:45:57Z
MU,2008-03-19,5.66,5.9,5.66,5.77,20434161,5.8,6.05,5.8,5.91,19937400,2026-01-01T03:45:57Z
MU,2008-03-20,5.83,5.84,5.58,5.68,16116903,5.98,5.99,5.72,5.82,15725300,2026-01-01T03:45:57Z
MU,2008-03-24,5.7,6.02,5.63,5.87,24383877,5.84,6.17,5.77,6.02,23791400,2026-01-01T03:45:57Z
MU,2008-03-25,5.65,5.77,5.56,5.73,31862985,5.79,5.91,5.7,5.87,31088700,2026-01-01T03:45:57Z
MU,2008-03-26,5.37,5.61,5.3,5.59,68644790,5.5,5.75,5.43,5.73,66976100,2026-01-01T03:45:57Z
MU,2008-03-27,5.39,5.66,5.37,5.49,26963832,5.52,5.8,5.5,5.63,26308300,2026-01-01T03:45:57Z
MU,2008-03-28,5.33,5.54,5.29,5.47,26335354,5.46,5.68,5.42,5.61,25695300,2026-01-01T03:45:57Z
MU,2008-03-31,5.82,5.85,5.36,5.36,67857770,5.97,6,5.49,5.49,66208500,2026-01-01T03:45:57Z
MU,2008-04-01,5.85,6.12,5.63,5.97,68901819,6,6.27,5.77,6.12,67227504,2026-01-01T03:45:57Z
MU,2008-04-02,6.23,6.37,5.91,5.94,52472468,6.39,6.53,6.06,6.09,51197200,2026-01-01T03:45:57Z
MU,2008-04-03,6.62,6.77,6.25,6.57,72164525,6.79,6.94,6.4,6.73,70410896,2026-01-01T03:45:57Z
MU,2008-04-04,6.6,6.7,6.52,6.66,23248961,6.76,6.87,6.68,6.83,22683900,2026-01-01T03:45:57Z
MU,2008-04-07,6.53,6.7,6.45,6.65,21323261,6.69,6.87,6.61,6.82,20805000,2026-01-01T03:45:57Z
MU,2008-04-08,6.38,6.46,6.21,6.34,22721350,6.54,6.62,6.36,6.5,22169300,2026-01-01T03:45:57Z
MU,2008-04-09,6.61,6.76,6.34,6.35,19942673,6.77,6.93,6.5,6.51,19458100,2026-01-01T03:45:57Z
MU,2008-04-10,6.82,6.88,6.62,6.71,20958726,6.99,7.05,6.79,6.88,20449300,2026-01-01T03:45:57Z
MU,2008-04-11,6.73,6.89,6.63,6.68,22575175,6.9,7.06,6.8,6.85,22026500,2026-01-01T03:45:57Z
MU,2008-04-14,6.57,6.82,6.52,6.74,16054059,6.73,6.99,6.68,6.91,15663800,2026-01-01T03:45:57Z
MU,2008-04-15,6.6,6.65,6.26,6.59,20528131,6.76,6.82,6.42,6.75,20029200,2026-01-01T03:45:57Z
MU,2008-04-16,7.02,7.07,6.6,6.66,30270605,7.19,7.25,6.76,6.83,29535100,2026-01-01T03:45:57Z
MU,2008-04-17,7.03,7.05,6.88,6.98,18335136,7.21,7.23,7.05,7.15,17889600,2026-01-01T03:45:57Z
MU,2008-04-18,7.22,7.25,7.06,7.1,28011607,7.4,7.43,7.24,7.28,27331000,2026-01-01T03:45:57Z
MU,2008-04-21,7.22,7.34,7.17,7.24,16105315,7.4,7.52,7.35,7.42,15714000,2026-01-01T03:45:57Z
MU,2008-04-22,7.25,7.37,7.15,7.23,25508942,7.43,7.55,7.33,7.41,24888900,2026-01-01T03:45:57Z
MU,2008-04-23,7.41,7.59,7.22,7.3,19869597,7.59,7.78,7.4,7.48,19386600,2026-01-01T03:45:57Z
MU,2008-04-24,7.52,7.56,7.14,7.4,23088491,7.71,7.75,7.32,7.58,22527300,2026-01-01T03:45:57Z
MU,2008-04-25,7.49,7.61,7.03,7.57,25799240,7.68,7.8,7.2,7.76,25172400,2026-01-01T03:45:57Z
MU,2008-04-28,7.68,7.75,7.42,7.42,21960915,7.87,7.94,7.6,7.6,21427100,2026-01-01T03:45:57Z
MU,2008-04-29,7.67,7.86,7.65,7.73,24437127,7.86,8.06,7.84,7.92,23843300,2026-01-01T03:45:57Z
MU,2008-04-30,7.53,7.69,7.45,7.69,22171580,7.72,7.88,7.64,7.88,21632800,2026-01-01T03:45:57Z
MU,2008-05-01,7.9,7.96,7.49,7.51,17485960,8.1,8.16,7.68,7.7,17060900,2026-01-01T03:45:57Z
MU,2008-05-02,8.04,8.08,7.78,7.95,18114943,8.24,8.28,7.97,8.15,17674600,2026-01-01T03:45:57Z
MU,2008-05-05,8.07,8.21,7.92,7.97,17182823,8.27,8.42,8.12,8.17,16765200,2026-01-01T03:45:57Z
MU,2008-05-06,8.09,8.24,7.84,8.18,23358767,8.29,8.45,8.04,8.38,22791000,2026-01-01T03:45:57Z
MU,2008-05-07,7.99,8.16,7.95,8.03,19279859,8.19,8.36,8.15,8.23,18811400,2026-01-01T03:45:57Z
MU,2008-05-08,8.02,8.12,7.84,8.07,17991821,8.22,8.32,8.04,8.27,17554500,2026-01-01T03:45:57Z
MU,2008-05-09,8.17,8.28,7.93,7.96,14349609,8.37,8.49,8.13,8.16,14000900,2026-01-01T03:45:57Z
MU,2008-05-12,8.12,8.21,7.97,8.21,11227767,8.32,8.41,8.17,8.41,10954900,2026-01-01T03:45:57Z
MU,2008-05-13,8.13,8.17,8.03,8.07,25678018,8.33,8.37,8.23,8.27,25054100,2026-01-01T03:45:57Z
MU,2008-05-14,8.33,8.58,8.11,8.19,28092780,8.54,8.79,8.31,8.39,27410200,2026-01-01T03:45:57Z
MU,2008-05-15,8.63,8.68,8.26,8.41,20561004,8.84,8.9,8.47,8.62,20061400,2026-01-01T03:45:57Z
MU,2008-05-16,8.63,8.74,8.4,8.72,17085145,8.84,8.96,8.61,8.94,16670000,2026-01-01T03:45:57Z
MU,2008-05-19,8.55,8.75,8.43,8.64,20123269,8.76,8.97,8.64,8.86,19634200,2026-01-01T03:45:57Z
MU,2008-05-20,8.01,8.55,7.89,8.46,38839383,8.21,8.76,8.09,8.67,37895600,2026-01-01T03:45:57Z
MU,2008-05-21,8.16,8.34,8.06,8.19,29483427,8.36,8.55,8.26,8.39,28766800,2026-01-01T03:45:57Z
MU,2008-05-22,7.96,8.15,7.8,8.15,23467904,8.16,8.35,7.99,8.35,22897600,2026-01-01T03:45:57Z
MU,2008-05-23,8.01,8.21,7.9,7.9,19315664,8.21,8.41,8.1,8.1,18846300,2026-01-01T03:45:57Z
MU,2008-05-27,7.94,8.17,7.8,8.04,13965765,8.14,8.37,7.99,8.24,13626400,2026-01-01T03:45:57Z
MU,2008-05-28,8.07,8.15,7.99,8.01,12839664,8.27,8.35,8.19,8.21,12527600,2026-01-01T03:45:57Z
MU,2008-05-29,7.89,8.07,7.84,8.05,14792481,8.09,8.27,8.04,8.25,14433000,2026-01-01T03:45:57Z
MU,2008-05-30,7.87,8.04,7.8,7.95,16904989,8.07,8.24,7.99,8.15,16494200,2026-01-01T03:45:57Z
MU,2008-06-02,8,8.1,7.87,7.9,18110063,8.2,8.3,8.07,8.1,17669900,2026-01-01T03:45:57Z
MU,2008-06-03,7.96,8.14,7.83,8.02,15939042,8.16,8.34,8.02,8.22,15551700,2026-01-01T03:45:57Z
MU,2008-06-04,8.21,8.26,7.96,8.02,18435566,8.41,8.47,8.16,8.22,17987500,2026-01-01T03:45:57Z
MU,2008-06-05,8.32,8.42,8.14,8.28,22158097,8.53,8.63,8.34,8.49,21619600,2026-01-01T03:45:57Z
MU,2008-06-06,8.09,8.37,8.08,8.28,16503233,8.29,8.58,8.28,8.49,16102100,2026-01-01T03:45:57Z
MU,2008-06-09,7.83,8.1,7.68,8.07,25847337,8.02,8.3,7.87,8.27,25219200,2026-01-01T03:45:57Z
MU,2008-06-10,7.61,7.76,7.58,7.72,14993045,7.8,7.95,7.77,7.91,14628600,2026-01-01T03:45:57Z
MU,2008-06-11,7.16,7.61,7.1,7.56,24028107,7.34,7.8,7.28,7.75,23444100,2026-01-01T03:45:57Z
MU,2008-06-12,7.16,7.4,7.1,7.19,15512945,7.34,7.58,7.28,7.37,15135900,2026-01-01T03:45:57Z
MU,2008-06-13,7.47,7.47,7.15,7.18,11673151,7.66,7.66,7.33,7.36,11389400,2026-01-01T03:45:57Z
MU,2008-06-16,7.54,7.73,7.4,7.59,13578053,7.73,7.92,7.58,7.78,13248000,2026-01-01T03:45:57Z
MU,2008-06-17,7.25,7.68,7.2,7.64,15096753,7.43,7.87,7.38,7.83,14729800,2026-01-01T03:45:57Z
MU,2008-06-18,6.98,7.22,6.68,7.19,34975781,7.15,7.4,6.85,7.37,34125600,2026-01-01T03:45:57Z
MU,2008-06-19,7.26,7.3,6.92,6.92,18442574,7.44,7.48,7.09,7.09,17994400,2026-01-01T03:45:57Z
MU,2008-06-20,7.05,7.23,7,7.05,13426381,7.23,7.41,7.18,7.23,13100100,2026-01-01T03:45:57Z
MU,2008-06-23,6.84,7.07,6.77,7.03,16614569,7.01,7.25,6.94,7.2,16210700,2026-01-01T03:45:57Z
MU,2008-06-24,7.22,7.27,6.83,6.88,17768322,7.4,7.45,7,7.05,17336600,2026-01-01T03:45:57Z
MU,2008-06-25,7.35,7.45,7.16,7.16,18193656,7.53,7.64,7.34,7.34,17751500,2026-01-01T03:45:57Z
MU,2008-06-26,6.82,7.29,6.71,7.29,30041186,6.99,7.47,6.88,7.47,29311000,2026-01-01T03:45:57Z
MU,2008-06-27,5.95,6.69,5.91,6.68,40925795,6.1,6.86,6.06,6.85,39931500,2026-01-01T03:45:57Z
MU,2008-06-30,5.85,6,5.77,5.97,23787845,6,6.15,5.91,6.12,23209800,2026-01-01T03:45:57Z
MU,2008-07-01,5.65,5.83,5.41,5.76,31018874,5.79,5.97,5.54,5.9,30265100,2026-01-01T03:45:57Z
MU,2008-07-02,5.77,5.89,5.69,5.76,37134179,5.91,6.04,5.83,5.9,36231900,2026-01-01T03:45:57Z
MU,2008-07-03,5.63,5.85,5.43,5.8,15534560,5.77,6,5.57,5.95,15157100,2026-01-01T03:45:57Z
MU,2008-07-07,5.35,5.74,5.28,5.65,27381450,5.48,5.88,5.41,5.79,26715900,2026-01-01T03:45:57Z
MU,2008-07-08,5.39,5.42,5.22,5.35,34606745,5.52,5.56,5.35,5.48,33765400,2026-01-01T03:45:57Z
MU,2008-07-09,5.33,5.52,5.3,5.51,27202531,5.46,5.66,5.43,5.65,26541400,2026-01-01T03:45:57Z
MU,2008-07-10,5.33,5.42,5.25,5.34,24113350,5.46,5.56,5.38,5.47,23527300,2026-01-01T03:45:57Z
MU,2008-07-11,5.31,5.48,5.08,5.26,24897240,5.44,5.62,5.21,5.39,24292200,2026-01-01T03:45:57Z
MU,2008-07-14,5.15,5.37,5.01,5.36,15532733,5.28,5.5,5.14,5.49,15155300,2026-01-01T03:45:57Z
MU,2008-07-15,5.15,5.25,4.99,5.1,18334002,5.28,5.38,5.11,5.23,17888500,2026-01-01T03:45:57Z
MU,2008-07-16,5.38,5.42,5.05,5.17,17683225,5.51,5.56,5.18,5.3,17253500,2026-01-01T03:45:57Z
MU,2008-07-17,5.32,5.52,5.17,5.44,23903539,5.45,5.66,5.3,5.58,23322400,2026-01-01T03:45:57Z
MU,2008-07-18,5.56,5.61,5.23,5.29,19754499,5.7,5.75,5.36,5.42,19274500,2026-01-01T03:45:57Z
MU,2008-07-21,5.52,5.62,5.47,5.54,14016145,5.66,5.76,5.61,5.68,13675400,2026-01-01T03:45:57Z
MU,2008-07-22,5.01,5.36,4.98,5.33,36101556,5.13,5.49,5.1,5.46,35224000,2026-01-01T03:45:57Z
MU,2008-07-23,5.01,5.23,4.97,5.14,35313808,5.13,5.36,5.09,5.27,34455400,2026-01-01T03:45:57Z
MU,2008-07-24,4.79,5.04,4.75,5,20310593,4.91,5.16,4.87,5.13,19817100,2026-01-01T03:45:57Z
MU,2008-07-25,4.85,4.88,4.71,4.8,16440089,4.97,5,4.83,4.92,16040500,2026-01-01T03:45:57Z
MU,2008-07-28,4.47,4.84,4.44,4.83,21271013,4.58,4.96,4.55,4.95,20754100,2026-01-01T03:45:57Z
MU,2008-07-29,4.57,4.59,4.31,4.34,26503806,4.68,4.7,4.42,4.45,25859900,2026-01-01T03:45:57Z
MU,2008-07-30,4.63,4.68,4.49,4.62,17293644,4.75,4.8,4.6,4.74,16873500,2026-01-01T03:45:57Z
MU,2008-07-31,4.71,4.89,4.59,4.6,24106336,4.83,5.01,4.7,4.71,23520400,2026-01-01T03:45:57Z
MU,2008-08-01,4.56,4.8,4.53,4.8,12783798,4.67,4.92,4.64,4.92,12473100,2026-01-01T03:45:57Z
MU,2008-08-04,4.63,4.75,4.55,4.56,10670537,4.75,4.87,4.66,4.67,10411300,2026-01-01T03:45:57Z
MU,2008-08-05,4.62,4.82,4.53,4.79,17606875,4.73,4.94,4.64,4.91,17178800,2026-01-01T03:45:57Z
MU,2008-08-06,4.86,4.89,4.53,4.63,22428037,4.98,5.01,4.64,4.75,21883100,2026-01-01T03:45:57Z
MU,2008-08-07,4.98,5.17,4.76,4.86,28779572,5.1,5.3,4.88,4.98,28080400,2026-01-01T03:45:57Z
MU,2008-08-08,5.14,5.18,4.92,5,15664872,5.27,5.31,5.04,5.12,15284100,2026-01-01T03:45:57Z
MU,2008-08-11,5.26,5.31,5.03,5.03,18132702,5.39,5.44,5.15,5.15,17692000,2026-01-01T03:45:57Z
MU,2008-08-12,5.14,5.3,5.12,5.27,12504450,5.27,5.43,5.25,5.4,12200500,2026-01-01T03:45:57Z
MU,2008-08-13,4.98,5.16,4.9,5.15,15947632,5.1,5.29,5.02,5.28,15560200,2026-01-01T03:45:57Z
MU,2008-08-14,5.24,5.28,4.91,4.98,18684668,5.37,5.41,5.03,5.1,18230600,2026-01-01T03:45:57Z
MU,2008-08-15,5.26,5.31,5.19,5.27,8047488,5.39,5.44,5.32,5.4,7851900,2026-01-01T03:45:57Z
MU,2008-08-18,4.97,5.29,4.91,5.26,12826004,5.09,5.42,5.03,5.39,12514300,2026-01-01T03:45:57Z
MU,2008-08-19,4.78,4.98,4.75,4.96,9588971,4.9,5.1,4.87,5.08,9355900,2026-01-01T03:45:57Z
MU,2008-08-20,4.59,4.85,4.53,4.84,20584150,4.7,4.97,4.64,4.96,20084000,2026-01-01T03:45:57Z
MU,2008-08-21,4.57,4.62,4.48,4.59,9121096,4.68,4.74,4.59,4.7,8899500,2026-01-01T03:45:57Z
MU,2008-08-22,4.58,4.66,4.45,4.62,10065871,4.69,4.78,4.56,4.73,9821200,2026-01-01T03:45:57Z
MU,2008-08-25,4.38,4.62,4.37,4.54,16988595,4.49,4.74,4.48,4.65,16575800,2026-01-01T03:45:57Z
MU,2008-08-26,4.14,4.38,4.11,4.38,23655138,4.24,4.49,4.21,4.49,23080500,2026-01-01T03:45:57Z
MU,2008-08-27,4.16,4.2,4.12,4.18,20059154,4.26,4.3,4.22,4.28,19571800,2026-01-01T03:45:57Z
MU,2008-08-28,4.19,4.22,4.14,4.19,11549188,4.29,4.33,4.24,4.29,11268400,2026-01-01T03:45:57Z
MU,2008-08-29,4.14,4.2,4.11,4.15,9830710,4.24,4.3,4.21,4.25,9591900,2026-01-01T03:45:57Z
MU,2008-09-02,4.12,4.26,4.1,4.21,10732024,4.22,4.37,4.2,4.31,10471100,2026-01-01T03:45:57Z
MU,2008-09-03,4.21,4.23,4.09,4.12,15972930,4.32,4.34,4.19,4.22,15584700,2026-01-01T03:45:57Z
MU,2008-09-04,4.07,4.31,4.06,4.19,21023209,4.17,4.42,4.16,4.29,20512500,2026-01-01T03:45:57Z
MU,2008-09-05,4.25,4.31,4.02,4.09,21017270,4.36,4.42,4.12,4.19,20506300,2026-01-01T03:45:57Z
MU,2008-09-08,4.3,4.48,4.14,4.39,21454214,4.41,4.59,4.24,4.5,20932700,2026-01-01T03:45:57Z
MU,2008-09-09,4.3,4.53,4.23,4.29,30089116,4.41,4.64,4.34,4.4,29357700,2026-01-01T03:45:57Z
MU,2008-09-10,4.79,4.89,4.29,4.29,38601717,4.91,5.01,4.4,4.4,37663800,2026-01-01T03:45:57Z
MU,2008-09-11,4.8,4.97,4.51,4.58,25709677,4.92,5.09,4.62,4.69,25084700,2026-01-01T03:45:57Z
MU,2008-09-12,5.01,5.07,4.69,4.76,25540948,5.13,5.2,4.81,4.88,24920100,2026-01-01T03:45:57Z
MU,2008-09-15,4.23,4.79,4.22,4.79,25795661,4.34,4.91,4.33,4.91,25168600,2026-01-01T03:45:57Z
MU,2008-09-16,3.9,3.95,3.52,3.9,38234804,4,4.05,3.61,4,37305700,2026-01-01T03:45:57Z
MU,2008-09-17,3.81,4.33,3.76,3.92,32649636,3.9,4.44,3.85,4.02,31856000,2026-01-01T03:45:57Z
MU,2008-09-18,4.16,4.32,3.87,3.97,31390253,4.26,4.43,3.97,4.07,30627600,2026-01-01T03:45:57Z
MU,2008-09-19,4.72,4.88,4.39,4.52,34217806,4.84,5,4.5,4.63,33386400,2026-01-01T03:45:57Z
MU,2008-09-22,4.22,4.68,4.19,4.68,24599560,4.33,4.8,4.29,4.8,24001900,2026-01-01T03:45:57Z
MU,2008-09-23,3.99,4.38,3.99,4.15,28948849,4.09,4.49,4.09,4.25,28245300,2026-01-01T03:45:57Z
MU,2008-09-24,4.25,4.41,4.02,4.08,33267906,4.36,4.52,4.12,4.18,32459100,2026-01-01T03:45:57Z
MU,2008-09-25,4.56,4.79,4.18,4.18,35173460,4.67,4.91,4.28,4.28,34318600,2026-01-01T03:45:57Z
MU,2008-09-26,4.54,4.69,4.24,4.3,22190964,4.65,4.81,4.35,4.41,21651700,2026-01-01T03:45:57Z
MU,2008-09-29,3.93,4.48,3.9,4.43,22706504,4.03,4.59,4,4.54,22154900,2026-01-01T03:45:57Z
MU,2008-09-30,3.95,4.11,3.81,4.09,29582341,4.05,4.21,3.91,4.19,28863600,2026-01-01T03:45:57Z
MU,2008-10-01,4.2,4.47,3.87,3.99,39409341,4.3,4.58,3.97,4.09,38451600,2026-01-01T03:45:57Z
MU,2008-10-02,4.37,4.54,4,4.03,33847055,4.48,4.65,4.1,4.13,33024300,2026-01-01T03:45:57Z
MU,2008-10-03,4.33,4.89,4.31,4.44,24652500,4.44,5.01,4.42,4.55,24053400,2026-01-01T03:45:57Z
MU,2008-10-06,3.96,4.21,3.68,4.21,28274462,4.06,4.32,3.77,4.31,27587100,2026-01-01T03:45:57Z
MU,2008-10-07,3.81,4.37,3.72,4.08,30046940,3.91,4.48,3.81,4.18,29316900,2026-01-01T03:45:57Z
MU,2008-10-08,3.78,3.92,3.58,3.8,36631094,3.87,4.02,3.67,3.89,35740400,2026-01-01T03:45:57Z
MU,2008-10-09,3.79,4.09,3.77,3.87,31453857,3.88,4.19,3.86,3.97,30689400,2026-01-01T03:45:57Z
MU,2008-10-10,3.46,3.92,3.38,3.57,40928564,3.55,4.02,3.46,3.66,39933600,2026-01-01T03:45:57Z
MU,2008-10-13,4.11,4.15,3.8,3.85,20627228,4.21,4.25,3.89,3.95,20126000,2026-01-01T03:45:57Z
MU,2008-10-14,4.4,4.59,4.06,4.33,35391159,4.51,4.7,4.16,4.44,34531100,2026-01-01T03:45:57Z
MU,2008-10-15,3.96,4.41,3.94,4.27,32659669,4.06,4.52,4.04,4.38,31865700,2026-01-01T03:45:57Z
MU,2008-10-16,3.95,4.13,3.71,4.02,37445793,4.05,4.23,3.8,4.12,36536000,2026-01-01T03:45:57Z
MU,2008-10-17,4.02,4.28,3.77,3.87,17800994,4.12,4.39,3.86,3.97,17368500,2026-01-01T03:45:57Z
MU,2008-10-20,4.34,4.4,4.06,4.08,23723800,4.45,4.51,4.16,4.18,23147500,2026-01-01T03:45:57Z
MU,2008-10-21,4.36,4.57,4.16,4.21,23798900,4.47,4.68,4.26,4.32,23220700,2026-01-01T03:45:57Z
MU,2008-10-22,4.23,4.44,4.05,4.3,20078587,4.34,4.55,4.15,4.41,19590500,2026-01-01T03:45:57Z
MU,2008-10-23,3.82,4.23,3.66,4.15,30588236,3.92,4.34,3.75,4.25,29844600,2026-01-01T03:45:57Z
MU,2008-10-24,3.46,3.81,3.22,3.34,24810848,3.55,3.9,3.3,3.42,24207700,2026-01-01T03:45:57Z
MU,2008-10-27,3.31,3.58,3.28,3.34,16068063,3.39,3.67,3.36,3.42,15677500,2026-01-01T03:45:57Z
MU,2008-10-28,3.65,3.65,3.17,3.47,20152911,3.74,3.74,3.25,3.56,19663100,2026-01-01T03:45:57Z
MU,2008-10-29,3.79,4.1,3.52,3.58,31735707,3.88,4.2,3.61,3.67,30964400,2026-01-01T03:45:57Z
MU,2008-10-30,4.32,4.34,3.91,3.95,15814883,4.43,4.45,4.01,4.05,15430400,2026-01-01T03:45:57Z
MU,2008-10-31,4.6,4.67,4.22,4.25,21460606,4.71,4.79,4.33,4.36,20938900,2026-01-01T03:45:57Z
MU,2008-11-03,4.57,4.88,4.53,4.61,19093678,4.68,5,4.64,4.72,18629800,2026-01-01T03:45:57Z
MU,2008-11-04,4.86,4.95,4.63,4.63,16421598,4.98,5.07,4.75,4.75,16022600,2026-01-01T03:45:57Z
MU,2008-11-05,4.68,5.04,4.65,4.84,23669670,4.8,5.17,4.77,4.96,23094200,2026-01-01T03:45:57Z
MU,2008-11-06,4.27,4.66,4.2,4.63,15978760,4.38,4.78,4.3,4.75,15590600,2026-01-01T03:45:57Z
MU,2008-11-07,4.37,4.62,4.21,4.3,15220992,4.48,4.74,4.32,4.41,14851000,2026-01-01T03:45:57Z
MU,2008-11-10,3.89,4.43,3.81,4.37,15418947,3.99,4.54,3.91,4.48,15044100,2026-01-01T03:45:57Z
MU,2008-11-11,3.64,3.84,3.52,3.84,25637305,3.73,3.94,3.61,3.94,25013900,2026-01-01T03:45:57Z
MU,2008-11-12,3.02,3.63,3.02,3.52,22462930,3.1,3.72,3.1,3.61,21917300,2026-01-01T03:45:57Z
MU,2008-11-13,3.02,3.09,2.57,3,37057129,3.1,3.17,2.63,3.08,36157000,2026-01-01T03:45:57Z
MU,2008-11-14,2.68,3.05,2.57,3.02,29031503,2.75,3.13,2.63,3.1,28326300,2026-01-01T03:45:57Z
MU,2008-11-17,2.51,2.71,2.45,2.65,15661164,2.57,2.78,2.51,2.72,15280300,2026-01-01T03:45:57Z
MU,2008-11-18,2.4,2.68,2.32,2.55,22224658,2.46,2.75,2.38,2.61,21684400,2026-01-01T03:45:57Z
MU,2008-11-19,2.02,2.45,1.95,2.39,28723669,2.07,2.51,2,2.45,28025700,2026-01-01T03:45:57Z
MU,2008-11-20,1.65,1.99,1.55,1.98,34288890,1.69,2.04,1.59,2.03,33455000,2026-01-01T03:45:57Z
MU,2008-11-21,1.82,1.85,1.62,1.72,26172108,1.87,1.9,1.66,1.76,25536700,2026-01-01T03:45:57Z
MU,2008-11-24,2.05,2.08,1.84,1.95,24298299,2.1,2.13,1.89,2,23708200,2026-01-01T03:45:57Z
MU,2008-11-25,2.21,2.23,2,2.18,17291443,2.26,2.29,2.05,2.23,16871400,2026-01-01T03:45:57Z
MU,2008-11-26,2.33,2.51,2.16,2.24,18866437,2.39,2.57,2.21,2.3,18407800,2026-01-01T03:45:57Z
MU,2008-11-28,2.67,2.77,2.25,2.33,9019534,2.74,2.84,2.31,2.39,8800300,2026-01-01T03:45:57Z
MU,2008-12-01,2.19,2.63,2.19,2.6,12465636,2.24,2.7,2.24,2.66,12162900,2026-01-01T03:45:57Z
MU,2008-12-02,2.04,2.35,1.89,2.29,22764518,2.09,2.41,1.94,2.35,22211200,2026-01-01T03:45:57Z
MU,2008-12-03,1.94,2,1.83,1.98,42943968,1.99,2.05,1.88,2.03,41899500,2026-01-01T03:45:57Z
MU,2008-12-04,1.77,2.03,1.71,1.94,32716311,1.81,2.08,1.75,1.99,31921000,2026-01-01T03:45:57Z
MU,2008-12-05,1.99,2.06,1.76,1.76,29834590,2.04,2.11,1.8,1.8,29109200,2026-01-01T03:45:57Z
MU,2008-12-08,2.03,2.18,1.96,2.08,21594014,2.08,2.23,2.01,2.13,21068700,2026-01-01T03:45:57Z
MU,2008-12-09,2.15,2.31,1.94,2.05,19945333,2.2,2.37,1.99,2.1,19460300,2026-01-01T03:45:57Z
MU,2008-12-10,2.02,2.27,1.99,2.21,14697337,2.07,2.33,2.04,2.27,14340200,2026-01-01T03:45:57Z
MU,2008-12-11,1.8,2.06,1.79,2,40077767,1.85,2.11,1.83,2.05,39102900,2026-01-01T03:45:57Z
MU,2008-12-12,2.02,2.02,1.72,1.73,16342411,2.07,2.07,1.76,1.77,15945300,2026-01-01T03:45:57Z
MU,2008-12-15,1.85,2.04,1.8,2.03,12825768,1.9,2.09,1.85,2.08,12513900,2026-01-01T03:45:57Z
MU,2008-12-16,1.98,2,1.85,1.87,12268345,2.03,2.05,1.9,1.92,11970400,2026-01-01T03:45:57Z
MU,2008-12-17,2.12,2.19,1.91,1.91,19462460,2.17,2.25,1.96,1.96,18989800,2026-01-01T03:45:57Z
MU,2008-12-18,2.55,2.68,2.15,2.19,46260825,2.61,2.75,2.2,2.25,45137100,2026-01-01T03:45:57Z
MU,2008-12-19,2.92,2.93,2.63,2.63,36643565,2.99,3,2.7,2.7,35752600,2026-01-01T03:45:57Z
MU,2008-12-22,2.55,2.89,2.29,2.68,32466138,2.61,2.96,2.35,2.75,31677500,2026-01-01T03:45:57Z
MU,2008-12-23,2.3,2.63,2.21,2.58,18613211,2.36,2.7,2.26,2.64,18160500,2026-01-01T03:45:57Z
MU,2008-12-24,2.53,2.63,2.07,2.15,20034552,2.59,2.7,2.12,2.2,19548000,2026-01-01T03:45:57Z
MU,2008-12-26,2.53,2.67,2.48,2.65,6141141,2.59,2.74,2.54,2.72,5992000,2026-01-01T03:45:57Z
MU,2008-12-29,2.3,2.54,2.19,2.49,13423998,2.36,2.6,2.25,2.55,13097500,2026-01-01T03:45:57Z
MU,2008-12-30,2.38,2.39,2.23,2.29,12318786,2.44,2.45,2.28,2.35,12019400,2026-01-01T03:45:57Z
MU,2008-12-31,2.58,2.63,2.38,2.38,12276646,2.64,2.7,2.44,2.44,11978100,2026-01-01T03:45:57Z
MU,2009-01-02,2.77,2.83,2.57,2.59,17973787,2.84,2.9,2.63,2.65,17537100,2026-01-01T03:45:57Z
MU,2009-01-05,3.24,3.36,2.77,2.87,37061256,3.32,3.44,2.84,2.94,36160400,2026-01-01T03:45:57Z
MU,2009-01-06,3.39,3.58,3.28,3.32,31426678,3.47,3.67,3.36,3.4,30663200,2026-01-01T03:45:57Z
MU,2009-01-07,3.2,3.4,3.05,3.4,26315433,3.28,3.48,3.13,3.48,25676000,2026-01-01T03:45:57Z
MU,2009-01-08,3.33,3.36,3.12,3.12,23969315,3.41,3.44,3.2,3.2,23386600,2026-01-01T03:45:57Z
MU,2009-01-09,3.21,3.42,3.15,3.29,31438666,3.29,3.51,3.23,3.37,30674200,2026-01-01T03:45:57Z
MU,2009-01-12,3.08,3.26,2.93,3.25,21832410,3.16,3.34,3,3.33,21301800,2026-01-01T03:45:57Z
MU,2009-01-13,3.07,3.2,2.8,3.02,21825542,3.15,3.28,2.87,3.09,21294800,2026-01-01T03:45:57Z
MU,2009-01-14,2.86,2.98,2.8,2.8,17403000,2.93,3.05,2.87,2.87,16980100,2026-01-01T03:45:57Z
MU,2009-01-15,2.92,3.11,2.75,2.84,17097720,2.99,3.19,2.82,2.91,16682000,2026-01-01T03:45:57Z
MU,2009-01-16,3.32,3.37,3,3.04,25919185,3.4,3.45,3.07,3.12,25289500,2026-01-01T03:45:57Z
MU,2009-01-20,3.01,3.42,2.98,3.19,22773098,3.08,3.5,3.05,3.27,22219300,2026-01-01T03:45:57Z
MU,2009-01-21,3.36,3.4,2.99,3.12,24818035,3.44,3.49,3.06,3.2,24214900,2026-01-01T03:45:57Z
MU,2009-01-22,3.17,3.27,3.05,3.26,15711714,3.25,3.35,3.13,3.34,15329800,2026-01-01T03:45:57Z
MU,2009-01-23,3.47,3.51,3.05,3.11,32587296,3.56,3.6,3.13,3.19,31795500,2026-01-01T03:45:57Z
MU,2009-01-26,3.32,3.61,3.24,3.46,16308398,3.4,3.7,3.32,3.55,15912200,2026-01-01T03:45:57Z
MU,2009-01-27,3.41,3.47,3.3,3.37,10603545,3.49,3.56,3.38,3.45,10345900,2026-01-01T03:45:57Z
MU,2009-01-28,3.67,3.77,3.51,3.51,19520924,3.76,3.86,3.6,3.6,19046400,2026-01-01T03:45:57Z
MU,2009-01-29,3.48,3.63,3.35,3.61,17744944,3.57,3.72,3.43,3.7,17313500,2026-01-01T03:45:57Z
MU,2009-01-30,3.63,3.68,3.37,3.5,25247132,3.72,3.77,3.45,3.59,24633600,2026-01-01T03:45:57Z
MU,2009-02-02,3.51,3.9,3.42,3.67,30610914,3.6,4,3.5,3.76,29866900,2026-01-01T03:45:57Z
MU,2009-02-03,3.67,3.71,3.38,3.51,26371962,3.76,3.8,3.46,3.6,25730900,2026-01-01T03:45:57Z
MU,2009-02-04,3.81,4.06,3.61,3.75,27051356,3.9,4.16,3.7,3.84,26393800,2026-01-01T03:45:57Z
MU,2009-02-05,3.97,4.04,3.58,3.73,22344566,4.07,4.14,3.67,3.82,21801600,2026-01-01T03:45:57Z
MU,2009-02-06,3.98,4.15,3.86,3.98,34296680,4.08,4.25,3.96,4.08,33462800,2026-01-01T03:45:57Z
MU,2009-02-09,4.21,4.29,3.95,4,32865820,4.32,4.4,4.05,4.1,32067000,2026-01-01T03:45:57Z
MU,2009-02-10,3.92,4.21,3.84,4.17,37103747,4.02,4.32,3.94,4.27,36202000,2026-01-01T03:45:57Z
MU,2009-02-11,3.79,3.95,3.47,3.95,27819632,3.88,4.05,3.56,4.05,27143500,2026-01-01T03:45:57Z
MU,2009-02-12,3.84,3.88,3.6,3.75,26797782,3.94,3.98,3.69,3.84,26146200,2026-01-01T03:45:57Z
MU,2009-02-13,3.64,3.86,3.61,3.85,24317717,3.73,3.96,3.7,3.95,23726400,2026-01-01T03:45:57Z
MU,2009-02-17,3.22,3.46,2.97,3.46,28499114,3.3,3.55,3.04,3.55,27806500,2026-01-01T03:45:57Z
MU,2009-02-18,3.12,3.31,3.06,3.26,18439408,3.2,3.39,3.14,3.34,17991100,2026-01-01T03:45:57Z
MU,2009-02-19,2.93,3.37,2.9,3.22,17526494,3,3.45,2.97,3.3,17100600,2026-01-01T03:45:57Z
MU,2009-02-20,2.74,2.85,2.62,2.85,33224864,2.81,2.92,2.69,2.92,32417300,2026-01-01T03:45:57Z
MU,2009-02-23,2.74,2.89,2.69,2.78,20771472,2.81,2.96,2.76,2.85,20266600,2026-01-01T03:45:57Z
MU,2009-02-24,3.14,3.2,2.73,2.84,19718182,3.22,3.28,2.8,2.91,19238700,2026-01-01T03:45:57Z
MU,2009-02-25,3.14,3.22,2.99,3.12,19103741,3.22,3.3,3.06,3.2,18639200,2026-01-01T03:45:57Z
MU,2009-02-26,3.21,3.37,3.13,3.2,19530403,3.29,3.45,3.21,3.28,19055500,2026-01-01T03:45:57Z
MU,2009-02-27,3.14,3.3,3,3.12,8540579,3.22,3.38,3.07,3.2,8332900,2026-01-01T03:45:57Z
MU,2009-03-02,2.94,3.17,2.9,3.05,10414980,3.01,3.25,2.97,3.13,10161700,2026-01-01T03:45:57Z
MU,2009-03-03,3.01,3.17,2.99,2.99,14615415,3.09,3.25,3.06,3.06,14260200,2026-01-01T03:45:57Z
MU,2009-03-04,3.12,3.23,3.02,3.11,14203318,3.2,3.31,3.1,3.19,13858000,2026-01-01T03:45:57Z
MU,2009-03-05,3.07,3.11,3,3.05,10779223,3.15,3.19,3.07,3.13,10517100,2026-01-01T03:45:57Z
MU,2009-03-06,2.84,3.15,2.64,3.11,27130654,2.91,3.23,2.71,3.19,26471500,2026-01-01T03:45:57Z
MU,2009-03-09,2.52,2.85,2.49,2.8,22700475,2.58,2.92,2.55,2.87,22148800,2026-01-01T03:45:57Z
MU,2009-03-10,2.81,2.83,2.59,2.59,23543745,2.88,2.9,2.65,2.65,22971500,2026-01-01T03:45:57Z
MU,2009-03-11,3.12,3.2,2.84,2.85,23278457,3.2,3.28,2.91,2.92,22712500,2026-01-01T03:45:57Z
MU,2009-03-12,3.41,3.49,3.05,3.21,34836627,3.5,3.58,3.13,3.29,33989600,2026-01-01T03:45:57Z
MU,2009-03-13,3.55,3.56,3.42,3.44,13491419,3.64,3.65,3.5,3.53,13163400,2026-01-01T03:45:57Z
MU,2009-03-16,3.56,3.75,3.51,3.74,21035902,3.65,3.84,3.6,3.83,20524700,2026-01-01T03:45:57Z
MU,2009-03-17,3.59,3.61,3.4,3.57,17040472,3.68,3.7,3.49,3.66,16626500,2026-01-01T03:45:57Z
MU,2009-03-18,3.68,3.8,3.48,3.56,25666522,3.77,3.89,3.57,3.65,25042900,2026-01-01T03:45:57Z
MU,2009-03-19,3.58,3.74,3.52,3.62,15794385,3.67,3.83,3.61,3.71,15410500,2026-01-01T03:45:57Z
MU,2009-03-20,3.35,3.65,3.35,3.59,17634172,3.43,3.74,3.43,3.68,17205400,2026-01-01T03:45:57Z
MU,2009-03-23,3.72,3.75,3.42,3.47,16560801,3.81,3.84,3.51,3.56,16158300,2026-01-01T03:45:57Z
MU,2009-03-24,3.61,3.72,3.44,3.67,18433791,3.7,3.81,3.53,3.76,17985900,2026-01-01T03:45:57Z
MU,2009-03-25,3.62,3.86,3.46,3.66,19047084,3.71,3.96,3.55,3.75,18584000,2026-01-01T03:45:57Z
MU,2009-03-26,4.12,4.18,3.77,3.81,41567006,4.22,4.28,3.86,3.91,40556400,2026-01-01T03:45:57Z
MU,2009-03-27,4.07,4.24,4,4.09,20745461,4.17,4.35,4.1,4.19,20241500,2026-01-01T03:45:57Z
MU,2009-03-30,3.79,3.99,3.75,3.99,11378237,3.88,4.09,3.84,4.09,11101700,2026-01-01T03:45:57Z
MU,2009-03-31,3.96,4.08,3.84,3.89,15423347,4.06,4.18,3.94,3.99,15048400,2026-01-01T03:45:57Z
MU,2009-04-01,4.08,4.08,3.69,3.91,22770872,4.18,4.18,3.78,4.01,22217400,2026-01-01T03:45:57Z
MU,2009-04-02,4.52,4.52,4.15,4.21,29299522,4.63,4.63,4.25,4.31,28587600,2026-01-01T03:45:57Z
MU,2009-04-03,4.39,4.55,4.2,4.32,24776647,4.5,4.66,4.3,4.43,24174300,2026-01-01T03:45:57Z
MU,2009-04-06,4.41,4.46,4.15,4.3,21936481,4.52,4.57,4.25,4.41,21403600,2026-01-01T03:45:57Z
MU,2009-04-07,4.21,4.39,4.07,4.21,29019451,4.31,4.5,4.17,4.31,28314500,2026-01-01T03:45:57Z
MU,2009-04-08,4.18,4.18,3.91,4.1,50048224,4.28,4.28,4.01,4.2,48832100,2026-01-01T03:45:57Z
MU,2009-04-09,4.34,4.54,4.24,4.32,104469180,4.45,4.65,4.35,4.43,101931400,2026-01-01T03:45:57Z
MU,2009-04-13,4.28,4.33,4.1,4.25,25927267,4.39,4.44,4.2,4.36,25297100,2026-01-01T03:45:57Z
MU,2009-04-14,4.2,4.44,4.04,4.29,29988287,4.3,4.55,4.14,4.4,29259500,2026-01-01T03:45:57Z
MU,2009-04-15,4.39,4.39,4.08,4.13,29621531,4.5,4.5,4.18,4.23,28901400,2026-01-01T03:45:57Z
MU,2009-04-16,4.86,4.96,4.54,4.54,50436667,4.98,5.08,4.65,4.65,49211200,2026-01-01T03:45:57Z
MU,2009-04-17,4.88,4.98,4.69,4.96,29287281,5,5.1,4.81,5.08,28575600,2026-01-01T03:45:57Z
MU,2009-04-20,4.48,4.85,4.44,4.8,20034923,4.59,4.97,4.55,4.92,19547800,2026-01-01T03:45:57Z
MU,2009-04-21,4.59,4.72,4.38,4.46,25056723,4.7,4.84,4.49,4.57,24447900,2026-01-01T03:45:57Z
MU,2009-04-22,4.91,5.15,4.67,4.67,37002856,5.03,5.28,4.79,4.79,36103900,2026-01-01T03:45:57Z
MU,2009-04-23,4.8,5.07,4.68,5,23755369,4.92,5.2,4.8,5.13,23177900,2026-01-01T03:45:57Z
MU,2009-04-24,4.74,4.87,4.52,4.82,26837461,4.86,4.99,4.63,4.94,26185300,2026-01-01T03:45:57Z
MU,2009-04-27,4.55,4.83,4.44,4.59,22913912,4.66,4.95,4.55,4.7,22356800,2026-01-01T03:45:57Z
MU,2009-04-28,4.45,4.58,4.36,4.45,20427962,4.56,4.69,4.47,4.56,19931600,2026-01-01T03:45:57Z
MU,2009-04-29,4.72,4.82,4.51,4.56,15109831,4.84,4.94,4.62,4.67,14742700,2026-01-01T03:45:57Z
MU,2009-04-30,4.76,4.97,4.74,4.79,37679023,4.88,5.09,4.86,4.91,36763300,2026-01-01T03:45:57Z
MU,2009-05-01,4.77,4.82,4.59,4.59,13628598,4.89,4.94,4.7,4.7,13297500,2026-01-01T03:45:57Z
MU,2009-05-04,5.14,5.15,4.78,4.96,19802138,5.27,5.28,4.9,5.08,19320800,2026-01-01T03:45:57Z
MU,2009-05-05,5.31,5.32,5,5.11,26414819,5.44,5.45,5.12,5.24,25772900,2026-01-01T03:45:57Z
MU,2009-05-06,5.26,5.5,5.16,5.27,23087628,5.39,5.64,5.29,5.4,22526500,2026-01-01T03:45:57Z
MU,2009-05-07,4.8,5.2,4.67,5.05,26421172,4.92,5.33,4.79,5.18,25778900,2026-01-01T03:45:57Z
MU,2009-05-08,4.73,4.96,4.49,4.95,18954059,4.85,5.08,4.6,5.07,18493300,2026-01-01T03:45:57Z
MU,2009-05-11,4.55,4.67,4.41,4.46,20374367,4.66,4.79,4.52,4.57,19879000,2026-01-01T03:45:57Z
MU,2009-05-12,4.31,4.64,4.17,4.58,25870826,4.42,4.76,4.27,4.69,25242200,2026-01-01T03:45:57Z
MU,2009-05-13,4.21,4.31,4.08,4.22,20407617,4.32,4.42,4.18,4.33,19911600,2026-01-01T03:45:57Z
MU,2009-05-14,4.44,4.52,4.15,4.2,18151726,4.55,4.63,4.25,4.3,17710500,2026-01-01T03:45:57Z
MU,2009-05-15,4.14,4.54,4.14,4.44,21460424,4.24,4.65,4.24,4.55,20939100,2026-01-01T03:45:57Z
MU,2009-05-18,4.57,4.62,4.24,4.24,25650269,4.68,4.73,4.35,4.35,25027100,2026-01-01T03:45:57Z
MU,2009-05-19,4.73,4.85,4.47,4.47,22482943,4.85,4.97,4.58,4.58,21936400,2026-01-01T03:45:57Z
MU,2009-05-20,4.68,5.1,4.68,4.78,27338263,4.8,5.23,4.8,4.9,26673600,2026-01-01T03:45:57Z
MU,2009-05-21,4.47,4.64,4.31,4.63,20905838,4.58,4.76,4.42,4.75,20397800,2026-01-01T03:45:57Z
MU,2009-05-22,4.4,4.56,4.35,4.53,8338437,4.51,4.67,4.46,4.64,8135800,2026-01-01T03:45:57Z
MU,2009-05-26,4.54,4.66,4.35,4.36,13077087,4.65,4.78,4.46,4.47,12759300,2026-01-01T03:45:57Z
MU,2009-05-27,4.65,4.82,4.53,4.55,16568885,4.77,4.94,4.64,4.66,16166300,2026-01-01T03:45:57Z
MU,2009-05-28,4.74,4.8,4.43,4.77,15620381,4.86,4.92,4.54,4.89,15240800,2026-01-01T03:45:57Z
MU,2009-05-29,4.94,4.97,4.67,4.78,17969713,5.06,5.09,4.79,4.9,17532900,2026-01-01T03:45:57Z
MU,2009-06-01,5.19,5.28,4.91,5.1,21344774,5.32,5.41,5.03,5.23,20826000,2026-01-01T03:45:57Z
MU,2009-06-02,4.95,5.18,4.9,5.08,20365476,5.07,5.31,5.02,5.21,19870600,2026-01-01T03:45:57Z
MU,2009-06-03,4.85,5.12,4.78,4.81,28400908,4.97,5.25,4.9,4.93,27710600,2026-01-01T03:45:57Z
MU,2009-06-04,5.37,5.37,4.93,4.94,35165747,5.5,5.5,5.05,5.06,34310900,2026-01-01T03:45:57Z
MU,2009-06-05,5.17,5.5,5.11,5.4,17500085,5.3,5.64,5.24,5.53,17074800,2026-01-01T03:45:57Z
MU,2009-06-08,5.17,5.24,5,5.17,13222738,5.3,5.37,5.12,5.3,12901400,2026-01-01T03:45:57Z
MU,2009-06-09,5.44,5.51,5.17,5.23,18916695,5.58,5.65,5.3,5.36,18457000,2026-01-01T03:45:57Z
MU,2009-06-10,5.72,5.79,5.41,5.57,27099939,5.86,5.93,5.54,5.71,26441400,2026-01-01T03:45:57Z
MU,2009-06-11,5.45,5.77,5.3,5.77,25947926,5.59,5.91,5.43,5.91,25317100,2026-01-01T03:45:57Z
MU,2009-06-12,5.34,5.48,5.06,5.48,19282080,5.47,5.62,5.19,5.62,18813600,2026-01-01T03:45:57Z
MU,2009-06-15,5.19,5.3,5.06,5.29,17129524,5.32,5.43,5.19,5.42,16713200,2026-01-01T03:45:57Z
MU,2009-06-16,5.07,5.26,5.03,5.24,12412826,5.2,5.39,5.15,5.37,12111100,2026-01-01T03:45:57Z
MU,2009-06-17,5.17,5.32,4.98,5,18034677,5.3,5.45,5.1,5.13,17596400,2026-01-01T03:45:57Z
MU,2009-06-18,5.13,5.31,5.03,5.18,15136363,5.26,5.44,5.15,5.31,14768600,2026-01-01T03:45:57Z
MU,2009-06-19,5.2,5.37,5.14,5.22,20158069,5.33,5.5,5.27,5.35,19668300,2026-01-01T03:45:57Z
MU,2009-06-22,4.9,5.39,4.89,5.2,26631828,5.02,5.52,5.01,5.33,25984600,2026-01-01T03:45:57Z
MU,2009-06-23,4.73,4.98,4.63,4.95,25925120,4.85,5.1,4.75,5.07,25294900,2026-01-01T03:45:57Z
MU,2009-06-24,5.02,5.1,4.83,4.89,19575783,5.14,5.23,4.95,5.01,19100100,2026-01-01T03:45:57Z
MU,2009-06-25,5.17,5.23,4.92,4.92,25686738,5.3,5.36,5.04,5.04,25062500,2026-01-01T03:45:57Z
MU,2009-06-26,4.98,5.25,4.93,4.93,26646964,5.1,5.38,5.05,5.05,25999600,2026-01-01T03:45:57Z
MU,2009-06-29,4.99,5.04,4.91,4.96,12745790,5.11,5.16,5.03,5.08,12436000,2026-01-01T03:45:57Z
MU,2009-06-30,4.94,5.1,4.83,4.99,16788192,5.06,5.23,4.95,5.11,16380100,2026-01-01T03:45:57Z
MU,2009-07-01,5.05,5.12,4.96,5,16301507,5.18,5.25,5.08,5.13,15905300,2026-01-01T03:45:57Z
MU,2009-07-02,4.84,5.06,4.84,4.99,16090918,4.96,5.19,4.96,5.11,15700000,2026-01-01T03:45:57Z
MU,2009-07-06,4.77,4.95,4.73,4.88,15101481,4.89,5.07,4.85,5,14734600,2026-01-01T03:45:57Z
MU,2009-07-07,4.59,4.93,4.56,4.8,14062180,4.7,5.05,4.67,4.92,13720500,2026-01-01T03:45:57Z
MU,2009-07-08,4.61,4.71,4.44,4.59,22279304,4.72,4.83,4.55,4.7,21737900,2026-01-01T03:45:57Z
MU,2009-07-09,4.92,5.01,4.64,4.64,26037762,5.04,5.14,4.76,4.76,25404900,2026-01-01T03:45:57Z
MU,2009-07-10,4.96,5.05,4.83,4.88,18190529,5.08,5.18,4.95,5,17748300,2026-01-01T03:45:57Z
MU,2009-07-13,5.08,5.08,4.81,4.96,17470729,5.21,5.21,4.93,5.08,17046200,2026-01-01T03:45:57Z
MU,2009-07-14,5.19,5.22,5.04,5.07,19253547,5.32,5.35,5.16,5.2,18785600,2026-01-01T03:45:57Z
MU,2009-07-15,5.44,5.54,5.33,5.34,19852333,5.58,5.68,5.46,5.47,19369900,2026-01-01T03:45:57Z
MU,2009-07-16,5.61,5.64,5.31,5.43,19215144,5.75,5.78,5.44,5.57,18748300,2026-01-01T03:45:57Z
MU,2009-07-17,5.61,5.61,5.46,5.61,14999522,5.75,5.75,5.6,5.75,14635100,2026-01-01T03:45:57Z
MU,2009-07-20,5.75,5.78,5.52,5.62,16006893,5.89,5.92,5.66,5.76,15618000,2026-01-01T03:45:57Z
MU,2009-07-21,5.71,5.94,5.62,5.77,33196530,5.85,6.09,5.76,5.91,32389600,2026-01-01T03:45:57Z
MU,2009-07-22,6.01,6.04,5.69,5.71,28068620,6.16,6.19,5.83,5.85,27386500,2026-01-01T03:45:57Z
MU,2009-07-23,6.05,6.14,5.83,5.89,22425073,6.2,6.29,5.97,6.04,21880000,2026-01-01T03:45:57Z
MU,2009-07-24,6.12,6.13,5.8,6,17062423,6.27,6.28,5.95,6.15,16647700,2026-01-01T03:45:57Z
MU,2009-07-27,6.18,6.24,6.02,6.12,12613263,6.33,6.39,6.17,6.27,12306800,2026-01-01T03:45:57Z
MU,2009-07-28,6.24,6.31,6.06,6.13,17755297,6.4,6.47,6.21,6.28,17323900,2026-01-01T03:45:57Z
MU,2009-07-29,6.03,6.27,6,6.27,19095706,6.18,6.43,6.15,6.43,18631600,2026-01-01T03:45:57Z
MU,2009-07-30,6.01,6.22,6,6.19,20094945,6.16,6.38,6.15,6.34,19606600,2026-01-01T03:45:57Z
MU,2009-07-31,6.23,6.28,6.01,6.01,25070706,6.39,6.44,6.16,6.16,24461400,2026-01-01T03:45:57Z
MU,2009-08-03,6.61,6.67,6.3,6.31,26000160,6.77,6.84,6.46,6.47,25368400,2026-01-01T03:45:57Z
MU,2009-08-04,6.6,6.6,6.45,6.51,15656426,6.76,6.76,6.61,6.67,15275900,2026-01-01T03:45:57Z
MU,2009-08-05,6.58,6.72,6.49,6.61,17935684,6.74,6.89,6.65,6.77,17499800,2026-01-01T03:45:57Z
MU,2009-08-06,6.62,6.81,6.48,6.71,27504164,6.79,6.98,6.64,6.88,26835800,2026-01-01T03:45:57Z
MU,2009-08-07,6.66,6.81,6.51,6.76,16827278,6.83,6.98,6.67,6.93,16418300,2026-01-01T03:45:57Z
MU,2009-08-10,6.47,6.67,6.4,6.65,18072230,6.63,6.84,6.56,6.82,17633100,2026-01-01T03:45:57Z
MU,2009-08-11,6.63,6.71,6.49,6.63,20342606,6.8,6.88,6.65,6.8,19848100,2026-01-01T03:45:57Z
MU,2009-08-12,6.6,6.76,6.58,6.63,19192366,6.76,6.93,6.74,6.8,18725900,2026-01-01T03:45:57Z
MU,2009-08-13,6.84,6.9,6.49,6.69,29257289,7.01,7.07,6.65,6.86,28546100,2026-01-01T03:45:57Z
MU,2009-08-14,6.56,6.86,6.5,6.75,22451073,6.72,7.03,6.66,6.92,21905500,2026-01-01T03:45:57Z
MU,2009-08-17,6.41,6.51,6.24,6.29,19382028,6.57,6.67,6.39,6.45,18910900,2026-01-01T03:45:57Z
MU,2009-08-18,6.62,6.66,6.42,6.47,15089993,6.79,6.83,6.58,6.63,14723300,2026-01-01T03:45:57Z
MU,2009-08-19,6.52,6.62,6.45,6.57,18969591,6.68,6.78,6.61,6.73,18508700,2026-01-01T03:45:57Z
MU,2009-08-20,6.62,6.65,6.45,6.5,16504055,6.79,6.82,6.61,6.66,16103000,2026-01-01T03:45:57Z
MU,2009-08-21,6.97,6.99,6.6,6.66,20696929,7.14,7.16,6.76,6.83,20194000,2026-01-01T03:45:57Z
MU,2009-08-24,6.92,7.07,6.89,6.94,10917310,7.09,7.25,7.06,7.11,10652000,2026-01-01T03:45:57Z
MU,2009-08-25,7.03,7.07,6.82,6.96,16528227,7.2,7.25,6.99,7.13,16126500,2026-01-01T03:45:57Z
MU,2009-08-26,7.07,7.08,6.98,7,16591223,7.25,7.26,7.15,7.18,16188000,2026-01-01T03:45:57Z
MU,2009-08-27,7.03,7.1,6.73,7.1,24694616,7.2,7.28,6.9,7.28,24094400,2026-01-01T03:45:57Z
MU,2009-08-28,7.38,7.4,7.12,7.19,27005301,7.56,7.58,7.3,7.37,26349100,2026-01-01T03:45:57Z
MU,2009-08-31,7.19,7.29,7.1,7.27,11825576,7.37,7.47,7.28,7.45,11538200,2026-01-01T03:45:57Z
MU,2009-09-01,6.85,7.31,6.83,7.19,19301976,7.02,7.49,7,7.37,18832900,2026-01-01T03:45:57Z
MU,2009-09-02,6.82,6.99,6.79,6.86,20189632,6.99,7.16,6.96,7.03,19698900,2026-01-01T03:45:57Z
MU,2009-09-03,7,7.04,6.76,6.96,25460229,7.17,7.21,6.93,7.13,24841300,2026-01-01T03:45:57Z
MU,2009-09-04,7.17,7.21,7,7.01,16163460,7.35,7.39,7.17,7.19,15770700,2026-01-01T03:45:57Z
MU,2009-09-08,7.56,7.57,7.25,7.47,21649718,7.75,7.76,7.43,7.66,21123700,2026-01-01T03:45:57Z
MU,2009-09-09,7.61,7.65,7.36,7.53,23629682,7.8,7.84,7.54,7.72,23055300,2026-01-01T03:45:57Z
MU,2009-09-10,7.93,8.01,7.58,7.64,31902081,8.13,8.21,7.77,7.83,31126700,2026-01-01T03:45:57Z
MU,2009-09-11,7.68,8.02,7.52,8.02,29796579,7.87,8.22,7.71,8.22,29072300,2026-01-01T03:45:57Z
MU,2009-09-14,7.73,7.79,7.45,7.62,20064991,7.92,7.98,7.63,7.81,19577300,2026-01-01T03:45:57Z
MU,2009-09-15,7.95,7.98,7.57,7.79,22631292,8.15,8.18,7.76,7.98,22081200,2026-01-01T03:45:57Z
MU,2009-09-16,8.29,8.29,7.87,8.01,33618016,8.5,8.5,8.07,8.21,32800900,2026-01-01T03:45:57Z
MU,2009-09-17,8.02,8.38,8.01,8.2,28846357,8.22,8.59,8.21,8.4,28145200,2026-01-01T03:45:57Z
MU,2009-09-18,8,8.22,7.95,8.14,27637217,8.2,8.43,8.15,8.34,26965500,2026-01-01T03:45:57Z
MU,2009-09-21,8.13,8.23,7.83,7.99,14506576,8.33,8.44,8.02,8.19,14154100,2026-01-01T03:45:57Z
MU,2009-09-22,8.42,8.45,8.05,8.21,22598829,8.63,8.66,8.25,8.42,22049700,2026-01-01T03:45:57Z
MU,2009-09-23,8.33,8.59,8.3,8.56,21762777,8.54,8.8,8.51,8.77,21234000,2026-01-01T03:45:57Z
MU,2009-09-24,7.91,8.46,7.82,8.46,30691095,8.11,8.67,8.01,8.67,29945200,2026-01-01T03:45:57Z
MU,2009-09-25,7.9,8.11,7.71,7.83,19210993,8.1,8.31,7.9,8.03,18744000,2026-01-01T03:45:57Z
MU,2009-09-28,8.23,8.39,7.99,8.02,28851618,8.44,8.6,8.19,8.22,28150500,2026-01-01T03:45:57Z
MU,2009-09-29,8.2,8.38,7.98,8.34,43792858,8.4,8.59,8.18,8.55,42728800,2026-01-01T03:45:57Z
MU,2009-09-30,8,8.24,7.88,8.2,47680363,8.2,8.45,8.08,8.4,46521500,2026-01-01T03:45:57Z
MU,2009-10-01,7.33,7.96,7.29,7.92,46606892,7.51,8.16,7.47,8.12,45474300,2026-01-01T03:45:57Z
MU,2009-10-02,7.28,7.39,7,7.22,29972930,7.46,7.57,7.17,7.4,29244500,2026-01-01T03:45:57Z
MU,2009-10-05,7.78,7.83,7.28,7.35,35189942,7.97,8.02,7.46,7.53,34334700,2026-01-01T03:45:57Z
MU,2009-10-06,7.7,7.95,7.65,7.88,29608560,7.89,8.15,7.84,8.08,28888800,2026-01-01T03:45:57Z
MU,2009-10-07,8.02,8.05,7.64,7.66,22534127,8.22,8.25,7.83,7.85,21986400,2026-01-01T03:45:57Z
MU,2009-10-08,8.02,8.15,7.96,8.08,24585284,8.22,8.35,8.16,8.28,23987700,2026-01-01T03:45:57Z
MU,2009-10-09,8.57,8.59,7.95,7.97,28545402,8.78,8.8,8.15,8.17,27851600,2026-01-01T03:45:57Z
MU,2009-10-12,8.66,8.91,8.55,8.6,20696564,8.88,9.13,8.76,8.81,20193600,2026-01-01T03:45:57Z
MU,2009-10-13,8.45,8.66,8.37,8.54,25910408,8.66,8.88,8.58,8.75,25280600,2026-01-01T03:45:57Z
MU,2009-10-14,8.69,8.85,8.54,8.82,22110554,8.91,9.07,8.75,9.04,21573300,2026-01-01T03:45:57Z
MU,2009-10-15,8.44,8.67,8.22,8.54,26283708,8.65,8.89,8.43,8.75,25645000,2026-01-01T03:45:57Z
MU,2009-10-16,7.76,8.27,7.68,8.23,56913604,7.95,8.48,7.87,8.44,55530500,2026-01-01T03:45:57Z
MU,2009-10-19,7.85,7.93,7.76,7.89,30586699,8.05,8.13,7.95,8.09,29843500,2026-01-01T03:45:57Z
MU,2009-10-20,7.83,8.13,7.78,7.95,24647758,8.03,8.33,7.97,8.15,24048600,2026-01-01T03:45:57Z
MU,2009-10-21,7.45,7.91,7.45,7.82,43136282,7.64,8.11,7.63,8.01,42087800,2026-01-01T03:45:57Z
MU,2009-10-22,7.42,7.59,7.13,7.57,42573650,7.6,7.78,7.31,7.76,41539000,2026-01-01T03:45:57Z
MU,2009-10-23,7.27,7.66,7.22,7.62,24318756,7.45,7.85,7.4,7.81,23727600,2026-01-01T03:45:57Z
MU,2009-10-26,7.2,7.55,7.19,7.27,23770127,7.38,7.74,7.37,7.45,23192300,2026-01-01T03:45:57Z
MU,2009-10-27,6.88,7.32,6.86,7.21,24442707,7.05,7.5,7.03,7.39,23848800,2026-01-01T03:45:57Z
MU,2009-10-28,6.66,6.86,6.53,6.86,38901584,6.83,7.03,6.69,7.03,37956100,2026-01-01T03:45:57Z
MU,2009-10-29,7.07,7.1,6.73,6.77,31338943,7.25,7.28,6.9,6.94,30577300,2026-01-01T03:45:57Z
MU,2009-10-30,6.62,7.1,6.6,7.1,26867492,6.79,7.28,6.76,7.28,26214600,2026-01-01T03:45:57Z
MU,2009-11-02,6.42,6.78,6.24,6.71,29002485,6.58,6.95,6.39,6.88,28297700,2026-01-01T03:45:57Z
MU,2009-11-03,6.49,6.51,5.97,6.16,40973999,6.65,6.67,6.12,6.31,39978300,2026-01-01T03:45:57Z
MU,2009-11-04,6.57,6.9,6.54,6.68,28198169,6.73,7.07,6.7,6.85,27512700,2026-01-01T03:45:57Z
MU,2009-11-05,7.06,7.07,6.65,6.71,28021997,7.24,7.25,6.82,6.88,27340800,2026-01-01T03:45:57Z
MU,2009-11-06,6.91,7.25,6.87,7.04,18974019,7.08,7.43,7.04,7.21,18512800,2026-01-01T03:45:57Z
MU,2009-11-09,7.33,7.43,7.03,7.09,25690093,7.51,7.62,7.2,7.27,25065800,2026-01-01T03:45:57Z
MU,2009-11-10,7.22,7.51,7.1,7.4,16740754,7.4,7.7,7.28,7.58,16334000,2026-01-01T03:45:57Z
MU,2009-11-11,7.34,7.55,7.22,7.34,18125093,7.52,7.74,7.4,7.52,17684500,2026-01-01T03:45:57Z
MU,2009-11-12,7.43,7.49,7.28,7.33,18075992,7.61,7.68,7.46,7.51,17636800,2026-01-01T03:45:57Z
MU,2009-11-13,7.33,7.42,7.19,7.33,19813998,7.51,7.6,7.37,7.51,19332500,2026-01-01T03:45:57Z
MU,2009-11-16,7.45,7.59,7.36,7.36,13662484,7.64,7.78,7.54,7.54,13330400,2026-01-01T03:45:57Z
MU,2009-11-17,7.53,7.53,7.34,7.43,12813268,7.72,7.72,7.52,7.62,12501900,2026-01-01T03:45:57Z
MU,2009-11-18,7.3,7.45,7.21,7.43,27315907,7.48,7.64,7.39,7.62,26652000,2026-01-01T03:45:57Z
MU,2009-11-19,6.95,7.1,6.68,7.09,29207885,7.12,7.28,6.85,7.27,28498200,2026-01-01T03:45:57Z
MU,2009-11-20,7.08,7.13,6.77,6.88,23554005,7.26,7.31,6.94,7.05,22981700,2026-01-01T03:45:57Z
MU,2009-11-23,7.34,7.39,7.11,7.17,25933811,7.52,7.57,7.29,7.35,25303400,2026-01-01T03:45:57Z
MU,2009-11-24,7.35,7.47,7.25,7.35,21879225,7.53,7.66,7.43,7.53,21347500,2026-01-01T03:45:57Z
MU,2009-11-25,7.28,7.39,7.21,7.34,11561375,7.46,7.57,7.39,7.52,11280400,2026-01-01T03:45:57Z
MU,2009-11-27,7.12,7.28,6.88,6.96,7469007,7.3,7.46,7.05,7.13,7287500,2026-01-01T03:45:57Z
MU,2009-11-30,7.34,7.35,7.12,7.21,15843224,7.52,7.53,7.3,7.39,15458100,2026-01-01T03:45:57Z
MU,2009-12-01,7.58,7.59,7.38,7.45,15712901,7.77,7.78,7.56,7.63,15331100,2026-01-01T03:45:57Z
MU,2009-12-02,7.96,8.03,7.55,7.61,42463526,8.16,8.23,7.74,7.8,41431600,2026-01-01T03:45:57Z
MU,2009-12-03,8.17,8.62,7.87,7.9,71023336,8.37,8.84,8.07,8.1,69297400,2026-01-01T03:45:57Z
MU,2009-12-04,8.24,8.41,8.01,8.38,28219653,8.45,8.62,8.21,8.59,27533700,2026-01-01T03:45:57Z
MU,2009-12-07,8.32,8.47,8.17,8.23,16747198,8.53,8.68,8.37,8.44,16340200,2026-01-01T03:45:57Z
MU,2009-12-08,8.39,8.51,8.31,8.41,23938052,8.6,8.72,8.52,8.62,23356300,2026-01-01T03:45:57Z
MU,2009-12-09,8.38,8.48,8.29,8.41,14428826,8.59,8.69,8.5,8.62,14078100,2026-01-01T03:45:57Z
MU,2009-12-10,8.51,8.57,8.17,8.4,17630736,8.72,8.78,8.37,8.61,17202300,2026-01-01T03:45:57Z
MU,2009-12-11,8.43,8.52,8.36,8.52,11105013,8.64,8.73,8.57,8.73,10835100,2026-01-01T03:45:57Z
MU,2009-12-14,8.77,8.77,8.37,8.48,15044042,8.99,8.99,8.58,8.69,14678400,2026-01-01T03:45:57Z
MU,2009-12-15,8.6,8.78,8.52,8.73,22163620,8.81,9,8.73,8.95,21625000,2026-01-01T03:45:57Z
MU,2009-12-16,8.59,8.83,8.58,8.67,26077666,8.8,9.05,8.79,8.89,25443800,2026-01-01T03:45:57Z
MU,2009-12-17,8.52,8.66,8.49,8.51,12042310,8.73,8.88,8.7,8.72,11749600,2026-01-01T03:45:57Z
MU,2009-12-18,8.57,8.63,8.46,8.61,23311389,8.78,8.85,8.67,8.82,22744800,2026-01-01T03:45:57Z
MU,2009-12-21,9.08,9.08,8.78,8.82,37636130,9.31,9.31,9,9.04,36721300,2026-01-01T03:45:57Z
MU,2009-12-22,9.18,9.25,9.05,9.14,40536083,9.41,9.48,9.28,9.37,39550900,2026-01-01T03:45:57Z
MU,2009-12-23,9.75,9.76,9.46,9.51,61566224,9.99,10,9.7,9.75,60069900,2026-01-01T03:45:57Z
MU,2009-12-24,9.91,10.04,9.77,9.82,17513702,10.16,10.29,10.01,10.07,17088100,2026-01-01T03:45:57Z
MU,2009-12-28,9.8,10.2,9.78,10.02,30165303,10.04,10.45,10.02,10.27,29432200,2026-01-01T03:45:57Z
MU,2009-12-29,10.13,10.23,9.56,9.84,34161748,10.38,10.49,9.8,10.08,33331400,2026-01-01T03:45:57Z
MU,2009-12-30,10.38,10.4,10,10.06,20876595,10.64,10.66,10.25,10.31,20369200,2026-01-01T03:45:57Z
MU,2009-12-31,10.3,10.61,10.3,10.49,21132300,10.56,10.87,10.56,10.75,20618800,2026-01-01T03:45:57Z
MU,2010-01-04,10.59,10.77,10.52,10.56,35279644,10.85,11.04,10.78,10.82,34422200,2026-01-01T03:45:57Z
MU,2010-01-05,10.9,11.02,10.37,10.6,62175957,11.17,11.29,10.63,10.86,60664700,2026-01-01T03:45:57Z
MU,2010-01-06,10.95,11.06,10.72,10.81,32858931,11.22,11.34,10.99,11.08,32060300,2026-01-01T03:45:57Z
MU,2010-01-07,10.58,10.98,10.3,10.96,47623294,10.84,11.25,10.56,11.23,46466100,2026-01-01T03:45:57Z
MU,2010-01-08,10.83,10.9,10.36,10.49,33241272,11.1,11.17,10.62,10.75,32433300,2026-01-01T03:45:57Z
MU,2010-01-11,10.64,11.04,10.56,10.98,29860797,10.9,11.31,10.82,11.25,29135100,2026-01-01T03:45:57Z
MU,2010-01-12,10.01,10.4,9.89,10.39,47264341,10.26,10.66,10.14,10.65,46115900,2026-01-01T03:45:57Z
MU,2010-01-13,10.21,10.3,9.73,10.06,34359097,10.46,10.56,9.97,10.31,33524100,2026-01-01T03:45:57Z
MU,2010-01-14,10.47,10.68,10.18,10.18,34711587,10.73,10.95,10.43,10.43,33867900,2026-01-01T03:45:57Z
MU,2010-01-15,9.88,10.44,9.8,10.44,31774141,10.13,10.7,10.04,10.7,31001900,2026-01-01T03:45:57Z
MU,2010-01-19,10.03,10.05,9.8,9.89,19007166,10.28,10.3,10.04,10.14,18545300,2026-01-01T03:45:57Z
MU,2010-01-20,9.74,9.82,9.49,9.76,43253907,9.98,10.07,9.73,10,42202900,2026-01-01T03:45:57Z
MU,2010-01-21,9.56,9.99,9.52,9.82,39227877,9.8,10.24,9.76,10.07,38274400,2026-01-01T03:45:57Z
MU,2010-01-22,8.91,9.47,8.87,9.46,45556118,9.13,9.71,9.09,9.7,44448900,2026-01-01T03:45:57Z
MU,2010-01-25,9.1,9.19,8.95,9.05,24596544,9.33,9.42,9.17,9.28,23998900,2026-01-01T03:45:57Z
MU,2010-01-26,9.21,9.5,9.04,9.13,25786123,9.44,9.74,9.27,9.36,25159500,2026-01-01T03:45:57Z
MU,2010-01-27,9.48,9.5,9.12,9.25,22176191,9.72,9.74,9.35,9.48,21637300,2026-01-01T03:45:57Z
MU,2010-01-28,9.17,9.51,8.88,9.49,33052911,9.4,9.75,9.1,9.73,32249800,2026-01-01T03:45:57Z
MU,2010-01-29,8.51,9.27,8.36,9.22,43720737,8.72,9.5,8.57,9.45,42658300,2026-01-01T03:45:57Z
MU,2010-02-01,8.95,8.98,8.62,8.66,19891002,9.17,9.2,8.84,8.88,19407500,2026-01-01T03:45:57Z
MU,2010-02-02,9.12,9.27,9.03,9.04,22207224,9.35,9.5,9.25,9.27,21667600,2026-01-01T03:45:57Z
MU,2010-02-03,8.8,9.09,8.71,8.94,26000758,9.02,9.32,8.93,9.16,25368900,2026-01-01T03:45:57Z
MU,2010-02-04,8.4,8.96,8.34,8.89,27360692,8.61,9.18,8.55,9.11,26695900,2026-01-01T03:45:57Z
MU,2010-02-05,8.49,8.5,8.07,8.42,37321264,8.7,8.71,8.27,8.63,36414400,2026-01-01T03:45:57Z
MU,2010-02-08,8.69,8.83,8.38,8.56,20777770,8.91,9.05,8.59,8.77,20272900,2026-01-01T03:45:57Z
MU,2010-02-09,8.86,9.05,8.62,8.95,21367052,9.08,9.28,8.84,9.17,20847700,2026-01-01T03:45:57Z
MU,2010-02-10,8.33,8.52,7.98,8.4,72388761,8.54,8.73,8.18,8.61,70629904,2026-01-01T03:45:57Z
MU,2010-02-11,8.32,8.57,8.21,8.36,52210851,8.53,8.78,8.42,8.57,50942000,2026-01-01T03:45:57Z
MU,2010-02-12,8.23,8.53,8.12,8.21,45336923,8.44,8.74,8.32,8.42,44235200,2026-01-01T03:45:57Z
MU,2010-02-16,8.42,8.5,8.28,8.43,25857512,8.63,8.71,8.49,8.64,25229200,2026-01-01T03:45:57Z
MU,2010-02-17,8.52,8.58,8.35,8.58,18888521,8.73,8.79,8.56,8.79,18429400,2026-01-01T03:45:57Z
