ticker,tradeDate,clsPx,hiPx,loPx,open,stockVolume,unadjClsPx,unadjHiPx,unadjLoPx,unadjOpen,unadjStockVolume,updatedAt
NEE,2006-01-03,5.77,5.77,5.68,5.74,13399818,42.06,42.07,41.39,41.86,1838700,2026-03-03T03:46:55Z
NEE,2006-01-04,5.77,5.78,5.69,5.78,17306734,42.06,42.15,41.45,42.1,2374800,2026-03-03T03:46:55Z
NEE,2006-01-05,5.79,5.79,5.74,5.74,15323017,42.17,42.17,41.83,41.85,2102600,2026-03-03T03:46:55Z
NEE,2006-01-06,5.79,5.82,5.75,5.78,11527000,42.22,42.39,41.92,42.14,1581700,2026-03-03T03:46:55Z
NEE,2006-01-09,5.77,5.8,5.75,5.78,10221041,42.04,42.24,41.87,42.1,1402500,2026-03-03T03:46:55Z
NEE,2006-01-10,5.76,5.78,5.73,5.73,13312356,41.99,42.15,41.78,41.78,1826700,2026-03-03T03:46:55Z
NEE,2006-01-11,5.72,5.78,5.71,5.77,11388572,41.71,42.11,41.58,42.07,1562700,2026-03-03T03:46:55Z
NEE,2006-01-12,5.7,5.77,5.7,5.72,12896348,41.54,42.07,41.51,41.71,1769600,2026-03-03T03:46:55Z
NEE,2006-01-13,5.72,5.74,5.69,5.73,9418619,41.69,41.8,41.43,41.72,1292400,2026-03-03T03:46:55Z
NEE,2006-01-17,5.75,5.76,5.67,5.7,11175691,41.94,42,41.32,41.57,1533500,2026-03-03T03:46:55Z
NEE,2006-01-18,5.85,5.85,5.74,5.76,20351665,42.62,42.63,41.84,42.01,2792600,2026-03-03T03:46:55Z
NEE,2006-01-19,5.93,5.94,5.82,5.85,14158507,43.24,43.25,42.4,42.61,1942800,2026-03-03T03:46:55Z
NEE,2006-01-20,5.87,5.96,5.86,5.93,15661321,42.76,43.42,42.68,43.2,2149000,2026-03-03T03:46:55Z
NEE,2006-01-23,5.77,5.88,5.77,5.87,12695893,42.05,42.88,42.03,42.76,1742100,2026-03-03T03:46:55Z
NEE,2006-01-24,5.75,5.8,5.72,5.8,17613548,41.88,42.3,41.67,42.28,2416900,2026-03-03T03:46:55Z
NEE,2006-01-25,5.66,5.79,5.63,5.75,15396054,41.25,42.2,41.03,41.9,2112600,2026-03-03T03:46:55Z
NEE,2006-01-26,5.6,5.72,5.57,5.7,18327752,40.8,41.65,40.59,41.57,2514900,2026-03-03T03:46:55Z
NEE,2006-01-27,5.72,5.76,5.68,5.69,18918078,41.66,41.96,41.4,41.5,2595900,2026-03-03T03:46:55Z
NEE,2006-01-30,5.71,5.75,5.7,5.74,13606224,41.64,41.93,41.57,41.82,1867000,2026-03-03T03:46:55Z
NEE,2006-01-31,5.73,5.8,5.68,5.76,36769485,41.79,42.3,41.4,42,5045400,2026-03-03T03:46:55Z
NEE,2006-02-01,5.69,5.76,5.66,5.73,16518896,41.49,41.95,41.21,41.77,2266700,2026-03-03T03:46:55Z
NEE,2006-02-02,5.57,5.69,5.57,5.68,13887378,40.62,41.5,40.6,41.41,1905600,2026-03-03T03:46:55Z
NEE,2006-02-03,5.54,5.59,5.4,5.51,14211625,40.34,40.7,39.33,40.15,1950100,2026-03-03T03:46:55Z
NEE,2006-02-06,5.61,5.63,5.56,5.6,12383918,40.91,40.99,40.52,40.79,1699300,2026-03-03T03:46:55Z
NEE,2006-02-07,5.66,5.67,5.58,5.63,34256795,41.28,41.29,40.64,41,4700600,2026-03-03T03:46:55Z
NEE,2006-02-08,5.74,5.75,5.69,5.72,31176096,41.83,41.9,41.47,41.7,4277900,2026-03-03T03:46:55Z
NEE,2006-02-09,5.79,5.79,5.73,5.76,21709250,42.2,42.21,41.75,41.95,2978900,2026-03-03T03:46:55Z
NEE,2006-02-10,5.74,5.83,5.72,5.8,15275813,41.86,42.5,41.65,42.25,2096100,2026-03-03T03:46:55Z
NEE,2006-02-13,5.72,5.76,5.7,5.76,10787218,41.66,41.99,41.56,41.95,1480200,2026-03-03T03:46:55Z
NEE,2006-02-14,5.69,5.75,5.65,5.73,13838637,41.47,41.9,41.14,41.78,1898900,2026-03-03T03:46:55Z
NEE,2006-02-15,5.71,5.76,5.67,5.69,9299065,41.59,41.94,41.29,41.5,1276000,2026-03-03T03:46:55Z
NEE,2006-02-16,5.73,5.73,5.68,5.69,19977781,41.76,41.76,41.4,41.45,2741300,2026-03-03T03:46:55Z
NEE,2006-02-17,5.76,5.78,5.72,5.75,9672145,41.96,42.14,41.71,41.93,1327200,2026-03-03T03:46:55Z
NEE,2006-02-21,5.72,5.8,5.73,5.78,13826988,41.72,42.3,41.72,42.1,1897300,2026-03-03T03:46:55Z
NEE,2006-02-22,5.76,5.77,5.73,5.74,11583052,41.98,42.02,41.75,41.83,1589400,2026-03-03T03:46:55Z
NEE,2006-02-23,5.73,5.79,5.72,5.77,10035926,41.79,42.2,41.69,42.02,1377100,2026-03-03T03:46:55Z
NEE,2006-02-24,5.73,5.77,5.71,5.73,9417808,41.78,42.06,41.59,41.79,1292300,2026-03-03T03:46:55Z
NEE,2006-02-27,5.8,5.81,5.76,5.77,12607746,42.26,42.31,41.94,42.03,1730000,2026-03-03T03:46:55Z
NEE,2006-02-28,5.75,5.8,5.73,5.79,23890662,41.93,42.26,41.78,42.21,3278200,2026-03-03T03:46:55Z
NEE,2006-03-01,5.71,5.76,5.68,5.75,13212646,41.61,41.96,41.41,41.93,1813000,2026-03-03T03:46:55Z
NEE,2006-03-02,5.67,5.71,5.64,5.71,14256128,41.34,41.6,41.09,41.6,1956200,2026-03-03T03:46:55Z
NEE,2006-03-03,5.61,5.68,5.61,5.62,23872930,40.52,40.99,40.51,40.56,3305800,2026-03-03T03:46:55Z
NEE,2006-03-06,5.49,5.61,5.48,5.61,21789566,39.66,40.5,39.55,40.48,3017300,2026-03-03T03:46:55Z
NEE,2006-03-07,5.49,5.54,5.45,5.5,13968594,39.67,39.99,39.34,39.7,1934300,2026-03-03T03:46:55Z
NEE,2006-03-08,5.48,5.53,5.39,5.47,11516178,39.6,39.92,38.92,39.5,1594700,2026-03-03T03:46:55Z
NEE,2006-03-09,5.4,5.51,5.4,5.5,14485899,39.02,39.81,39,39.74,2005900,2026-03-03T03:46:55Z
NEE,2006-03-10,5.43,5.46,5.38,5.44,18975578,39.22,39.4,38.85,39.25,2627600,2026-03-03T03:46:55Z
NEE,2006-03-13,5.56,5.57,5.43,5.46,19615873,40.12,40.21,39.22,39.42,2716300,2026-03-03T03:46:55Z
NEE,2006-03-14,5.59,5.59,5.49,5.58,14831569,40.39,40.4,39.67,40.32,2053800,2026-03-03T03:46:55Z
NEE,2006-03-15,5.63,5.65,5.57,5.59,14633089,40.69,40.82,40.21,40.39,2026300,2026-03-03T03:46:55Z
NEE,2006-03-16,5.71,5.74,5.66,5.68,22019439,41.26,41.43,40.89,40.99,3049100,2026-03-03T03:46:55Z
NEE,2006-03-17,5.62,5.72,5.6,5.71,34301827,40.62,41.28,40.45,41.26,4749900,2026-03-03T03:46:55Z
NEE,2006-03-20,5.64,5.73,5.61,5.72,22759474,40.7,41.35,40.48,41.29,3151600,2026-03-03T03:46:55Z
NEE,2006-03-21,5.54,5.66,5.54,5.64,30262881,40.02,40.85,39.97,40.7,4190600,2026-03-03T03:46:55Z
NEE,2006-03-22,5.63,5.64,5.52,5.55,18703325,40.66,40.72,39.88,40.1,2589900,2026-03-03T03:46:55Z
NEE,2006-03-23,5.61,5.63,5.57,5.63,21445169,40.5,40.66,40.19,40.66,2969600,2026-03-03T03:46:55Z
NEE,2006-03-24,5.64,5.66,5.6,5.64,18103733,40.7,40.87,40.47,40.7,2506900,2026-03-03T03:46:55Z
NEE,2006-03-27,5.6,5.63,5.59,5.61,20270386,40.47,40.68,40.4,40.51,2806900,2026-03-03T03:46:55Z
NEE,2006-03-28,5.6,5.63,5.57,5.61,18245364,40.42,40.62,40.23,40.54,2526500,2026-03-03T03:46:55Z
NEE,2006-03-29,5.61,5.65,5.58,5.6,23573959,40.52,40.79,40.32,40.42,3264400,2026-03-03T03:46:55Z
NEE,2006-03-30,5.58,5.63,5.56,5.61,29371386,40.26,40.64,40.13,40.52,4067200,2026-03-03T03:46:55Z
NEE,2006-03-31,5.56,5.64,5.54,5.62,34057218,40.14,40.7,40,40.59,4716000,2026-03-03T03:46:55Z
NEE,2006-04-03,5.57,5.66,5.56,5.56,17915306,40.23,40.84,40.14,40.14,2480800,2026-03-03T03:46:55Z
NEE,2006-04-04,5.63,5.64,5.56,5.56,16621799,40.65,40.75,40.12,40.16,2301700,2026-03-03T03:46:55Z
NEE,2006-04-05,5.63,5.67,5.57,5.67,21844410,40.65,40.96,40.2,40.96,3024900,2026-03-03T03:46:55Z
NEE,2006-04-06,5.56,5.61,5.56,5.6,32952527,40.13,40.5,40.12,40.47,4563100,2026-03-03T03:46:55Z
NEE,2006-04-07,5.56,5.58,5.5,5.55,40338087,40.12,40.3,39.7,40.08,5585800,2026-03-03T03:46:55Z
NEE,2006-04-10,5.54,5.61,5.52,5.53,19978586,40.02,40.5,39.89,39.96,2766500,2026-03-03T03:46:55Z
NEE,2006-04-11,5.45,5.57,5.41,5.56,30778546,39.36,40.24,39.08,40.14,4262000,2026-03-03T03:46:55Z
NEE,2006-04-12,5.44,5.48,5.42,5.44,28008811,39.26,39.55,39.11,39.3,3878500,2026-03-03T03:46:55Z
NEE,2006-04-13,5.39,5.43,5.37,5.42,14817159,38.94,39.2,38.75,39.16,2051800,2026-03-03T03:46:55Z
NEE,2006-04-17,5.34,5.4,5.32,5.4,18075016,38.57,38.98,38.4,38.97,2502900,2026-03-03T03:46:55Z
NEE,2006-04-18,5.42,5.43,5.31,5.32,31382625,39.14,39.19,38.34,38.45,4345700,2026-03-03T03:46:55Z
NEE,2006-04-19,5.44,5.45,5.39,5.39,17220747,39.28,39.32,38.9,38.9,2384600,2026-03-03T03:46:55Z
NEE,2006-04-20,5.51,5.55,5.41,5.45,33363245,39.81,40.05,39.1,39.36,4619900,2026-03-03T03:46:55Z
NEE,2006-04-21,5.45,5.55,5.43,5.55,23189773,39.34,40.05,39.2,40.05,3211200,2026-03-03T03:46:55Z
NEE,2006-04-24,5.44,5.46,5.38,5.44,17913975,39.29,39.42,38.85,39.28,2480600,2026-03-03T03:46:55Z
NEE,2006-04-25,5.38,5.44,5.37,5.43,15550975,38.85,39.27,38.81,39.2,2153400,2026-03-03T03:46:55Z
NEE,2006-04-26,5.33,5.42,5.33,5.39,13689296,38.51,39.15,38.46,38.95,1895600,2026-03-03T03:46:55Z
NEE,2006-04-27,5.46,5.49,5.31,5.32,18420989,39.41,39.62,38.32,38.41,2550800,2026-03-03T03:46:55Z
NEE,2006-04-28,5.48,5.5,5.41,5.46,20609531,39.6,39.7,39.09,39.45,2853900,2026-03-03T03:46:55Z
NEE,2006-05-01,5.41,5.5,5.37,5.47,17917553,39.1,39.75,38.79,39.53,2481100,2026-03-03T03:46:55Z
NEE,2006-05-02,5.52,5.54,5.44,5.48,28973254,39.87,40,39.26,39.55,4012000,2026-03-03T03:46:55Z
NEE,2006-05-03,5.45,5.54,5.41,5.53,24332392,39.38,39.97,39.09,39.95,3369400,2026-03-03T03:46:55Z
NEE,2006-05-04,5.44,5.49,5.42,5.46,32459690,39.3,39.63,39.13,39.4,4494800,2026-03-03T03:46:55Z
NEE,2006-05-05,5.53,5.55,5.46,5.48,15444877,39.95,40.08,39.41,39.55,2138700,2026-03-03T03:46:55Z
NEE,2006-05-08,5.52,5.57,5.48,5.54,9267399,39.86,40.2,39.6,40.01,1283300,2026-03-03T03:46:55Z
NEE,2006-05-09,5.47,5.52,5.45,5.51,11150908,39.49,39.85,39.35,39.8,1544100,2026-03-03T03:46:55Z
NEE,2006-05-10,5.48,5.5,5.45,5.47,21783997,39.56,39.7,39.37,39.5,3016500,2026-03-03T03:46:55Z
NEE,2006-05-11,5.45,5.51,5.44,5.48,22804369,39.37,39.8,39.28,39.58,3157800,2026-03-03T03:46:55Z
NEE,2006-05-12,5.42,5.49,5.41,5.45,27969810,39.13,39.61,39.07,39.36,3873100,2026-03-03T03:46:55Z
NEE,2006-05-15,5.4,5.44,5.36,5.37,18830388,39.03,39.27,38.71,38.8,2607500,2026-03-03T03:46:55Z
NEE,2006-05-16,5.36,5.43,5.36,5.42,12229005,38.73,39.2,38.73,39.11,1693400,2026-03-03T03:46:55Z
NEE,2006-05-17,5.27,5.37,5.24,5.33,28990093,38.03,38.77,37.81,38.48,4014400,2026-03-03T03:46:55Z
NEE,2006-05-18,5.27,5.32,5.25,5.28,26852076,38.06,38.41,37.94,38.15,3718300,2026-03-03T03:46:55Z
NEE,2006-05-19,5.31,5.35,5.25,5.3,23265776,38.33,38.63,37.92,38.26,3221700,2026-03-03T03:46:55Z
NEE,2006-05-22,5.33,5.4,5.28,5.28,23908300,38.49,39,38.1,38.1,3310700,2026-03-03T03:46:55Z
NEE,2006-05-23,5.31,5.38,5.31,5.36,26179081,38.38,38.88,38.37,38.68,3625100,2026-03-03T03:46:55Z
NEE,2006-05-24,5.33,5.35,5.26,5.3,30459843,38.47,38.62,38.01,38.28,4217900,2026-03-03T03:46:55Z
NEE,2006-05-25,5.4,5.41,5.31,5.36,25967190,39.01,39.05,38.31,38.7,3595800,2026-03-03T03:46:55Z
NEE,2006-05-26,5.44,5.45,5.37,5.43,12532346,39.31,39.37,38.79,39.23,1735400,2026-03-03T03:46:55Z
NEE,2006-05-30,5.41,5.47,5.38,5.44,11448314,39.07,39.47,38.87,39.26,1585300,2026-03-03T03:46:55Z
NEE,2006-05-31,5.52,5.58,5.44,5.48,54355523,39.83,40.28,39.29,39.6,7526800,2026-03-03T03:46:55Z
NEE,2006-06-01,5.57,5.59,5.47,5.49,21455209,40.25,40.36,39.48,39.65,2971000,2026-03-03T03:46:55Z
NEE,2006-06-02,5.65,5.66,5.55,5.6,22753164,40.8,40.85,40.06,40.46,3150700,2026-03-03T03:46:55Z
NEE,2006-06-05,5.66,5.69,5.63,5.65,36397361,40.9,41.12,40.65,40.8,5040100,2026-03-03T03:46:55Z
NEE,2006-06-06,5.69,5.69,5.58,5.66,32350045,41.12,41.12,40.27,40.87,4479600,2026-03-03T03:46:55Z
NEE,2006-06-07,5.69,5.76,5.65,5.67,23925340,40.75,41.19,40.44,40.6,3343500,2026-03-03T03:46:55Z
NEE,2006-06-08,5.77,5.78,5.67,5.7,37748677,41.26,41.37,40.57,40.75,5275300,2026-03-03T03:46:55Z
NEE,2006-06-09,5.84,5.87,5.76,5.77,29571630,41.8,41.97,41.2,41.26,4132600,2026-03-03T03:46:55Z
NEE,2006-06-12,5.84,5.87,5.82,5.86,24030976,41.8,41.97,41.63,41.94,3358300,2026-03-03T03:46:55Z
NEE,2006-06-13,5.79,5.86,5.77,5.84,28646366,41.43,41.94,41.29,41.79,4003300,2026-03-03T03:46:55Z
NEE,2006-06-14,5.71,5.79,5.67,5.79,51244388,40.87,41.4,40.57,41.4,7161300,2026-03-03T03:46:55Z
NEE,2006-06-15,5.75,5.79,5.66,5.74,28359780,41.14,41.4,40.51,41.05,3963200,2026-03-03T03:46:55Z
NEE,2006-06-16,5.76,5.79,5.72,5.73,14919725,41.25,41.4,40.94,41,2085000,2026-03-03T03:46:55Z
NEE,2006-06-19,5.72,5.8,5.68,5.8,12306423,40.9,41.47,40.63,41.47,1719800,2026-03-03T03:46:55Z
NEE,2006-06-20,5.72,5.73,5.68,5.7,13120010,40.93,41.02,40.66,40.75,1833500,2026-03-03T03:46:55Z
NEE,2006-06-21,5.7,5.75,5.67,5.71,10919680,40.82,41.12,40.55,40.88,1526000,2026-03-03T03:46:55Z
NEE,2006-06-22,5.67,5.72,5.61,5.68,13434107,40.6,40.9,40.16,40.67,1877400,2026-03-03T03:46:55Z
NEE,2006-06-23,5.66,5.71,5.64,5.65,10481713,40.5,40.86,40.32,40.4,1464800,2026-03-03T03:46:55Z
NEE,2006-06-26,5.68,5.71,5.64,5.67,14589011,40.64,40.84,40.39,40.59,2038800,2026-03-03T03:46:55Z
NEE,2006-06-27,5.65,5.72,5.62,5.7,12374458,40.4,40.91,40.23,40.76,1729300,2026-03-03T03:46:55Z
NEE,2006-06-28,5.65,5.68,5.64,5.67,12702902,40.41,40.61,40.36,40.55,1775200,2026-03-03T03:46:55Z
NEE,2006-06-29,5.75,5.76,5.65,5.69,15314817,41.11,41.24,40.44,40.7,2140200,2026-03-03T03:46:55Z
NEE,2006-06-30,5.78,5.78,5.7,5.74,16971181,41.38,41.39,40.79,41.1,2371700,2026-03-03T03:46:55Z
NEE,2006-07-03,5.77,5.8,5.74,5.78,5214374,41.32,41.49,41.09,41.38,728700,2026-03-03T03:46:55Z
NEE,2006-07-05,5.76,5.78,5.71,5.75,12091781,41.24,41.35,40.88,41.11,1689800,2026-03-03T03:46:55Z
NEE,2006-07-06,5.7,5.77,5.67,5.76,9461346,40.8,41.3,40.59,41.2,1322200,2026-03-03T03:46:55Z
NEE,2006-07-07,5.76,5.79,5.68,5.69,13374091,41.24,41.4,40.66,40.7,1869000,2026-03-03T03:46:55Z
NEE,2006-07-10,5.82,5.82,5.75,5.77,12599127,41.63,41.64,41.11,41.31,1760700,2026-03-03T03:46:55Z
NEE,2006-07-11,5.82,5.84,5.79,5.82,16488269,41.64,41.75,41.46,41.65,2304200,2026-03-03T03:46:55Z
NEE,2006-07-12,5.82,5.84,5.8,5.84,15607383,41.66,41.77,41.5,41.75,2181100,2026-03-03T03:46:55Z
NEE,2006-07-13,5.8,5.84,5.78,5.79,17250887,41.49,41.82,41.35,41.45,2410800,2026-03-03T03:46:55Z
NEE,2006-07-14,5.81,5.83,5.76,5.79,13140114,41.61,41.73,41.19,41.41,1836300,2026-03-03T03:46:55Z
NEE,2006-07-17,5.82,5.84,5.81,5.82,9623758,41.65,41.79,41.54,41.62,1344900,2026-03-03T03:46:55Z
NEE,2006-07-18,5.81,5.84,5.77,5.83,20894859,41.55,41.75,41.3,41.7,2920000,2026-03-03T03:46:55Z
NEE,2006-07-19,5.87,5.89,5.81,5.84,11266023,42,42.13,41.58,41.75,1574400,2026-03-03T03:46:55Z
NEE,2006-07-20,5.94,5.95,5.83,5.86,16853888,42.49,42.59,41.69,41.96,2355300,2026-03-03T03:46:55Z
NEE,2006-07-21,6,6,5.94,5.97,23647522,42.9,42.91,42.52,42.72,3304700,2026-03-03T03:46:55Z
NEE,2006-07-24,6.01,6.05,5.99,6.01,21308915,43.03,43.32,42.89,43,2977900,2026-03-03T03:46:55Z
NEE,2006-07-25,6.04,6.06,6.01,6.04,10239159,43.22,43.35,42.97,43.19,1430900,2026-03-03T03:46:55Z
NEE,2006-07-26,6.04,6.05,6.02,6.05,19547372,43.2,43.3,43.09,43.29,2731700,2026-03-03T03:46:55Z
NEE,2006-07-27,6.04,6.08,6.03,6.05,11650998,43.2,43.53,43.18,43.3,1628200,2026-03-03T03:46:55Z
NEE,2006-07-28,6.01,6.09,5.99,6.05,21910736,43,43.6,42.88,43.28,3062000,2026-03-03T03:46:55Z
NEE,2006-07-31,6.03,6.04,5.97,5.99,16691552,43.14,43.23,42.68,42.85,2332600,2026-03-03T03:46:55Z
NEE,2006-08-01,6.07,6.09,6,6.02,15204418,43.4,43.55,42.9,43.1,2124800,2026-03-03T03:46:55Z
NEE,2006-08-02,6.04,6.09,6.03,6.07,13068530,43.24,43.61,43.14,43.42,1826300,2026-03-03T03:46:55Z
NEE,2006-08-03,6.08,6.12,6.05,6.09,12311517,43.51,43.82,43.3,43.55,1720500,2026-03-03T03:46:55Z
NEE,2006-08-04,6.14,6.15,6.1,6.13,22769646,43.95,44,43.66,43.85,3182000,2026-03-03T03:46:55Z
NEE,2006-08-07,6.04,6.16,6.01,6.15,14025264,43.22,44.07,43.03,44,1960000,2026-03-03T03:46:55Z
NEE,2006-08-08,6.08,6.15,6.07,6.12,17213205,43.54,44,43.41,43.8,2405500,2026-03-03T03:46:55Z
NEE,2006-08-09,6.1,6.17,6.08,6.12,8485989,43.65,44.14,43.52,43.8,1185900,2026-03-03T03:46:55Z
NEE,2006-08-10,6.06,6.11,6.05,6.09,15318928,43.37,43.69,43.3,43.59,2140800,2026-03-03T03:46:55Z
NEE,2006-08-11,6.1,6.12,6.03,6.06,17120109,43.64,43.79,43.17,43.35,2392500,2026-03-03T03:46:55Z
NEE,2006-08-14,6.13,6.16,6.1,6.14,17911379,43.85,44.09,43.64,43.9,2503100,2026-03-03T03:46:55Z
NEE,2006-08-15,6.17,6.17,6.13,6.16,11311742,44.15,44.16,43.84,44.05,1580800,2026-03-03T03:46:55Z
NEE,2006-08-16,6.11,6.2,6.1,6.19,10068094,43.72,44.38,43.65,44.3,1407000,2026-03-03T03:46:55Z
NEE,2006-08-17,6.02,6.14,6.01,6.11,13948060,43.09,43.92,43.03,43.72,1949200,2026-03-03T03:46:55Z
NEE,2006-08-18,6.09,6.12,6.04,6.05,16651429,43.61,43.8,43.21,43.3,2327000,2026-03-03T03:46:55Z
NEE,2006-08-21,6.12,6.15,6.09,6.1,14747884,43.8,44,43.59,43.68,2061000,2026-03-03T03:46:55Z
NEE,2006-08-22,6.15,6.15,6.11,6.14,11529346,44,44.04,43.75,43.94,1611200,2026-03-03T03:46:55Z
NEE,2006-08-23,6.11,6.21,6.09,6.2,10022690,43.36,44.05,43.19,44,1412700,2026-03-03T03:46:55Z
NEE,2006-08-24,6.19,6.19,6.11,6.13,8752047,43.9,43.9,43.32,43.51,1233600,2026-03-03T03:46:55Z
NEE,2006-08-25,6.21,6.22,6.15,6.17,13434674,44.06,44.14,43.66,43.76,1893600,2026-03-03T03:46:55Z
NEE,2006-08-28,6.23,6.24,6.19,6.21,16567550,44.2,44.24,43.88,44.08,2335200,2026-03-03T03:46:55Z
NEE,2006-08-29,6.27,6.27,6.2,6.22,10854961,44.45,44.46,43.97,44.15,1530000,2026-03-03T03:46:55Z
NEE,2006-08-30,6.16,6.24,6.15,6.21,22379585,43.69,44.25,43.66,44.06,3154400,2026-03-03T03:46:55Z
NEE,2006-08-31,6.27,6.28,6.16,6.17,12528611,44.45,44.54,43.72,43.8,1765900,2026-03-03T03:46:55Z
NEE,2006-09-01,6.26,6.29,6.23,6.29,13892115,44.4,44.65,44.2,44.65,1958100,2026-03-03T03:46:55Z
NEE,2006-09-05,6.24,6.29,6.21,6.28,22805904,44.3,44.64,44.06,44.58,3214500,2026-03-03T03:46:55Z
NEE,2006-09-06,6.18,6.23,6.18,6.21,7950306,43.87,44.22,43.84,44.05,1120600,2026-03-03T03:46:55Z
NEE,2006-09-07,6.2,6.22,6.16,6.18,11120965,44,44.12,43.69,43.87,1567500,2026-03-03T03:46:55Z
NEE,2006-09-08,6.24,6.24,6.21,6.23,9265752,44.25,44.28,44.03,44.2,1306000,2026-03-03T03:46:55Z
NEE,2006-09-11,6.26,6.27,6.17,6.24,10949270,44.42,44.47,43.75,44.25,1543300,2026-03-03T03:46:55Z
NEE,2006-09-12,6.26,6.28,6.23,6.27,13631030,44.4,44.58,44.18,44.5,1921300,2026-03-03T03:46:55Z
NEE,2006-09-13,6.26,6.27,6.18,6.26,14275435,44.39,44.49,43.85,44.44,2012100,2026-03-03T03:46:55Z
NEE,2006-09-14,6.24,6.31,6.22,6.27,23509968,44.27,44.75,44.16,44.49,3313700,2026-03-03T03:46:55Z
NEE,2006-09-15,6.28,6.31,6.25,6.27,25796471,44.55,44.73,44.33,44.49,3636000,2026-03-03T03:46:55Z
NEE,2006-09-18,6.2,6.31,6.18,6.3,13821372,43.97,44.74,43.81,44.68,1948100,2026-03-03T03:46:55Z
NEE,2006-09-19,6.23,6.25,6.2,6.22,11958176,44.23,44.36,44,44.14,1685500,2026-03-03T03:46:55Z
NEE,2006-09-20,6.26,6.29,6.23,6.25,8350476,44.42,44.61,44.17,44.31,1177000,2026-03-03T03:46:55Z
NEE,2006-09-21,6.28,6.29,6.23,6.26,11272105,44.54,44.64,44.22,44.38,1588800,2026-03-03T03:46:55Z
NEE,2006-09-22,6.27,6.31,6.24,6.25,11111097,44.46,44.74,44.3,44.34,1566100,2026-03-03T03:46:55Z
NEE,2006-09-25,6.34,6.38,6.26,6.3,19213998,44.98,45.24,44.42,44.67,2708200,2026-03-03T03:46:55Z
NEE,2006-09-26,6.34,6.38,6.29,6.35,17299048,44.95,45.23,44.65,45.06,2438300,2026-03-03T03:46:55Z
NEE,2006-09-27,6.44,6.47,6.32,6.35,18847124,45.69,45.87,44.83,45.08,2656500,2026-03-03T03:46:55Z
NEE,2006-09-28,6.39,6.45,6.38,6.43,12859154,45.36,45.76,45.23,45.65,1812500,2026-03-03T03:46:55Z
NEE,2006-09-29,6.34,6.39,6.32,6.36,9472937,45,45.33,44.85,45.12,1335200,2026-03-03T03:46:55Z
NEE,2006-10-02,6.41,6.47,6.34,6.36,12800967,45.46,45.9,44.97,45.13,1804300,2026-03-03T03:46:55Z
NEE,2006-10-03,6.48,6.48,6.35,6.42,14578906,45.99,46,45.04,45.56,2054900,2026-03-03T03:46:55Z
NEE,2006-10-04,6.6,6.6,6.46,6.48,28140426,46.83,46.85,45.8,46,3966400,2026-03-03T03:46:55Z
NEE,2006-10-05,6.54,6.63,6.52,6.61,26728127,46.37,47,46.28,46.88,3767300,2026-03-03T03:46:55Z
NEE,2006-10-06,6.53,6.58,6.51,6.54,21860247,46.32,46.67,46.2,46.39,3081200,2026-03-03T03:46:55Z
NEE,2006-10-09,6.54,6.54,6.51,6.53,18090982,46.38,46.43,46.15,46.32,2549900,2026-03-03T03:46:55Z
NEE,2006-10-10,6.55,6.59,6.51,6.54,13848331,46.5,46.77,46.17,46.42,1951900,2026-03-03T03:46:55Z
NEE,2006-10-11,6.57,6.61,6.52,6.53,11395619,46.58,46.87,46.29,46.35,1606200,2026-03-03T03:46:55Z
NEE,2006-10-12,6.56,6.58,6.52,6.54,11357999,46.57,46.7,46.26,46.4,1600900,2026-03-03T03:46:55Z
NEE,2006-10-13,6.54,6.57,6.49,6.55,9008170,46.43,46.6,46.02,46.49,1269700,2026-03-03T03:46:55Z
NEE,2006-10-16,6.55,6.57,6.51,6.56,9445246,46.46,46.61,46.21,46.56,1331300,2026-03-03T03:46:55Z
NEE,2006-10-17,6.55,6.56,6.52,6.53,20470554,46.48,46.57,46.26,46.32,2885300,2026-03-03T03:46:55Z
NEE,2006-10-18,6.66,6.67,6.56,6.59,9956731,47.27,47.34,46.54,46.72,1403400,2026-03-03T03:46:55Z
NEE,2006-10-19,6.69,6.71,6.63,6.64,10295844,47.47,47.58,47.01,47.1,1451200,2026-03-03T03:46:55Z
NEE,2006-10-20,6.75,6.76,6.67,6.72,11470033,47.9,47.94,47.3,47.7,1616700,2026-03-03T03:46:55Z
NEE,2006-10-23,6.78,6.78,6.69,6.73,11392110,48.08,48.09,47.49,47.75,1605700,2026-03-03T03:46:55Z
NEE,2006-10-24,6.79,6.79,6.72,6.79,8149771,48.17,48.18,47.69,48.14,1148700,2026-03-03T03:46:55Z
NEE,2006-10-25,7.02,7.07,6.86,6.91,111805311,49.77,50.15,48.7,49.05,15759000,2026-03-03T03:46:55Z
NEE,2006-10-26,7.01,7.03,6.98,7.01,40913508,49.76,49.9,49.5,49.7,5766700,2026-03-03T03:46:55Z
NEE,2006-10-27,7.04,7.04,7,7.01,21567295,49.92,49.92,49.63,49.75,3039900,2026-03-03T03:46:55Z
NEE,2006-10-30,7.16,7.19,7.06,7.19,30664909,50.77,51,50.1,50.99,4322200,2026-03-03T03:46:55Z
NEE,2006-10-31,7.19,7.23,7.13,7.17,31014760,51,51.26,50.58,50.85,4371500,2026-03-03T03:46:55Z
NEE,2006-11-01,7.27,7.28,7.2,7.22,28151159,51.59,51.63,51.09,51.2,3967900,2026-03-03T03:46:55Z
NEE,2006-11-02,7.24,7.28,7.21,7.28,23819893,51.4,51.64,51.16,51.64,3357400,2026-03-03T03:46:55Z
NEE,2006-11-03,7.19,7.26,7.18,7.22,40893401,50.98,51.48,50.94,51.24,5763900,2026-03-03T03:46:55Z
NEE,2006-11-06,7.19,7.22,7.17,7.17,19680243,51.03,51.19,50.83,50.88,2773900,2026-03-03T03:46:55Z
NEE,2006-11-07,7.18,7.24,7.17,7.17,24580291,50.93,51.37,50.84,50.85,3464600,2026-03-03T03:46:55Z
NEE,2006-11-08,7.35,7.37,7.16,7.16,20854951,52.12,52.3,50.76,50.76,2939500,2026-03-03T03:46:55Z
NEE,2006-11-09,7.4,7.42,7.3,7.33,15472850,52.52,52.62,51.79,51.98,2180900,2026-03-03T03:46:55Z
NEE,2006-11-10,7.47,7.54,7.43,7.45,22064682,52.99,53.46,52.72,52.87,3110000,2026-03-03T03:46:55Z
NEE,2006-11-13,7.51,7.53,7.45,7.46,8621548,53.31,53.4,52.82,52.94,1215200,2026-03-03T03:46:55Z
NEE,2006-11-14,7.5,7.5,7.38,7.46,20182443,53.2,53.21,52.39,52.9,2844700,2026-03-03T03:46:55Z
NEE,2006-11-15,7.4,7.45,7.34,7.39,24683230,52.53,52.84,52.06,52.41,3479100,2026-03-03T03:46:55Z
NEE,2006-11-16,7.39,7.46,7.37,7.37,26143985,52.41,52.92,52.31,52.31,3685000,2026-03-03T03:46:55Z
NEE,2006-11-17,7.43,7.43,7.37,7.38,15523331,52.68,52.73,52.25,52.35,2188000,2026-03-03T03:46:55Z
NEE,2006-11-20,7.43,7.44,7.39,7.4,13968770,52.73,52.78,52.42,52.47,1968900,2026-03-03T03:46:55Z
NEE,2006-11-21,7.46,7.48,7.43,7.44,19025881,52.52,52.68,52.33,52.4,2700900,2026-03-03T03:46:55Z
NEE,2006-11-22,7.5,7.54,7.44,7.44,17121081,52.82,53.12,52.41,52.41,2430500,2026-03-03T03:46:55Z
NEE,2006-11-24,7.5,7.5,7.46,7.46,3908851,52.81,52.81,52.56,52.57,554900,2026-03-03T03:46:55Z
NEE,2006-11-27,7.45,7.51,7.42,7.48,17718563,52.49,52.9,52.23,52.68,2515300,2026-03-03T03:46:55Z
NEE,2006-11-28,7.42,7.47,7.39,7.42,14435776,52.25,52.6,52.07,52.25,2049300,2026-03-03T03:46:55Z
NEE,2006-11-29,7.54,7.57,7.43,7.44,19090732,53.09,53.35,52.35,52.4,2710100,2026-03-03T03:46:55Z
NEE,2006-11-30,7.57,7.59,7.48,7.52,13091129,53.3,53.44,52.72,53,1858400,2026-03-03T03:46:55Z
NEE,2006-12-01,7.55,7.66,7.53,7.61,14538781,53.16,53.93,53.04,53.63,2063900,2026-03-03T03:46:55Z
NEE,2006-12-04,7.66,7.66,7.56,7.57,10567823,53.95,53.96,53.28,53.3,1500200,2026-03-03T03:46:55Z
NEE,2006-12-05,7.65,7.71,7.64,7.65,13787061,53.9,54.33,53.8,53.91,1957200,2026-03-03T03:46:55Z
NEE,2006-12-06,7.63,7.7,7.61,7.64,10248728,53.75,54.23,53.58,53.79,1454900,2026-03-03T03:46:55Z
NEE,2006-12-07,7.6,7.67,7.58,7.65,12238813,53.57,54.05,53.41,53.92,1737400,2026-03-03T03:46:55Z
NEE,2006-12-08,7.57,7.64,7.56,7.59,12407092,53.34,53.83,53.23,53.45,1761300,2026-03-03T03:46:55Z
NEE,2006-12-11,7.61,7.63,7.57,7.58,6654033,53.6,53.76,53.29,53.36,944600,2026-03-03T03:46:55Z
NEE,2006-12-12,7.7,7.71,7.61,7.64,11157442,54.21,54.32,53.58,53.78,1583900,2026-03-03T03:46:55Z
NEE,2006-12-13,7.69,7.74,7.67,7.74,12049187,54.19,54.49,54.05,54.49,1710500,2026-03-03T03:46:55Z
NEE,2006-12-14,7.78,7.79,7.67,7.69,13625084,54.78,54.89,54.05,54.19,1934200,2026-03-03T03:46:55Z
NEE,2006-12-15,7.8,7.81,7.75,7.78,15908874,54.94,55.04,54.59,54.82,2258400,2026-03-03T03:46:55Z
NEE,2006-12-18,7.71,7.84,7.7,7.84,10727004,54.3,55.25,54.27,55.21,1522800,2026-03-03T03:46:55Z
NEE,2006-12-19,7.77,7.81,7.69,7.71,14663380,54.72,55,54.15,54.31,2081600,2026-03-03T03:46:55Z
NEE,2006-12-20,7.82,7.89,7.8,7.81,26340839,55.1,55.57,54.91,55,3739300,2026-03-03T03:46:55Z
NEE,2006-12-21,7.74,7.85,7.71,7.82,10713608,54.5,55.3,54.33,55.08,1520900,2026-03-03T03:46:55Z
NEE,2006-12-22,7.76,7.81,7.7,7.75,8343935,54.66,54.99,54.25,54.6,1184500,2026-03-03T03:46:55Z
NEE,2006-12-26,7.79,7.8,7.74,7.74,5960913,54.9,54.97,54.55,54.55,846200,2026-03-03T03:46:55Z
NEE,2006-12-27,7.78,7.85,7.71,7.81,8969482,54.82,55.3,54.28,55,1273300,2026-03-03T03:46:55Z
NEE,2006-12-28,7.75,7.83,7.74,7.8,22007652,54.6,55.13,54.55,54.95,3124200,2026-03-03T03:46:55Z
NEE,2006-12-29,7.73,7.79,7.7,7.74,7979777,54.42,54.9,54.25,54.51,1132800,2026-03-03T03:46:55Z
NEE,2007-01-03,7.82,7.89,7.71,7.73,17771420,55.1,55.58,54.32,54.42,2522800,2026-03-03T03:46:55Z
NEE,2007-01-04,7.82,7.85,7.77,7.78,16343373,55.06,55.3,54.74,54.8,2320100,2026-03-03T03:46:55Z
NEE,2007-01-05,7.71,7.81,7.67,7.8,16161072,54.33,55,54.05,54.95,2294200,2026-03-03T03:46:55Z
NEE,2007-01-08,7.7,7.76,7.67,7.7,11501905,54.26,54.68,54.01,54.25,1632800,2026-03-03T03:46:55Z
NEE,2007-01-09,7.71,7.77,7.66,7.69,16811882,54.31,54.73,53.94,54.15,2386600,2026-03-03T03:46:55Z
NEE,2007-01-10,7.71,7.74,7.68,7.72,7853004,54.33,54.52,54.1,54.35,1114800,2026-03-03T03:46:55Z
NEE,2007-01-11,7.7,7.75,7.68,7.74,16613284,54.22,54.61,54.1,54.5,2358400,2026-03-03T03:46:55Z
NEE,2007-01-12,7.64,7.73,7.63,7.69,13048120,53.85,54.42,53.72,54.2,1852300,2026-03-03T03:46:55Z
NEE,2007-01-16,7.69,7.72,7.64,7.67,11249697,54.15,54.38,53.78,54,1597000,2026-03-03T03:46:55Z
NEE,2007-01-17,7.72,7.75,7.65,7.68,14916219,54.4,54.6,53.9,54.09,2117500,2026-03-03T03:46:55Z
NEE,2007-01-18,7.73,7.78,7.73,7.76,11684399,54.48,54.82,54.42,54.63,1658700,2026-03-03T03:46:55Z
NEE,2007-01-19,7.77,7.8,7.74,7.77,14483789,54.73,54.95,54.51,54.75,2056100,2026-03-03T03:46:55Z
NEE,2007-01-22,7.77,7.79,7.67,7.67,14736564,54.75,54.86,54,54,2092000,2026-03-03T03:46:55Z
NEE,2007-01-23,7.84,7.84,7.74,7.75,9215989,55.21,55.22,54.55,54.6,1308300,2026-03-03T03:46:55Z
NEE,2007-01-24,7.87,7.88,7.83,7.84,12839567,55.42,55.54,55.16,55.21,1822700,2026-03-03T03:46:55Z
NEE,2007-01-25,7.87,7.9,7.84,7.86,10656663,55.41,55.68,55.25,55.34,1512800,2026-03-03T03:46:55Z
NEE,2007-01-26,7.95,7.96,7.84,7.96,22918601,56,56.1,55.25,56.08,3253500,2026-03-03T03:46:55Z
NEE,2007-01-29,7.97,7.97,7.89,7.89,13271368,56.13,56.14,55.56,55.6,1884000,2026-03-03T03:46:55Z
NEE,2007-01-30,7.98,7.99,7.94,7.97,11775282,56.22,56.3,55.9,56.13,1671600,2026-03-03T03:46:55Z
NEE,2007-01-31,8.04,8.07,7.95,7.97,18172803,56.65,56.87,56,56.13,2579800,2026-03-03T03:46:55Z
NEE,2007-02-01,8.16,8.16,8.05,8.06,20718769,57.45,57.51,56.67,56.75,2941200,2026-03-03T03:46:55Z
NEE,2007-02-02,8.18,8.19,8.12,8.16,11516052,57.65,57.72,57.2,57.47,1634800,2026-03-03T03:46:55Z
NEE,2007-02-05,8.32,8.33,8.15,8.17,16287012,58.63,58.68,57.45,57.53,2312100,2026-03-03T03:46:55Z
NEE,2007-02-06,8.39,8.39,8.33,8.35,19735318,59.07,59.1,58.7,58.8,2801600,2026-03-03T03:46:55Z
NEE,2007-02-07,8.36,8.4,8.34,8.38,12750107,58.89,59.19,58.73,59.05,1810000,2026-03-03T03:46:55Z
NEE,2007-02-08,8.41,8.45,8.36,8.37,17746611,59.25,59.54,58.92,58.99,2519300,2026-03-03T03:46:55Z
NEE,2007-02-09,8.37,8.45,8.35,8.41,9204752,58.95,59.54,58.8,59.26,1306700,2026-03-03T03:46:55Z
NEE,2007-02-12,8.37,8.41,8.32,8.38,6721690,58.98,59.27,58.62,59,954200,2026-03-03T03:46:55Z
NEE,2007-02-13,8.44,8.44,8.36,8.4,8082656,59.44,59.45,58.87,59.14,1147400,2026-03-03T03:46:55Z
NEE,2007-02-14,8.47,8.5,8.44,8.46,9063835,59.65,59.86,59.42,59.58,1286700,2026-03-03T03:46:55Z
NEE,2007-02-15,8.38,8.46,8.35,8.45,10583310,59.05,59.58,58.79,59.55,1502400,2026-03-03T03:46:55Z
NEE,2007-02-16,8.41,8.41,8.34,8.35,7593697,59.24,59.24,58.74,58.82,1078000,2026-03-03T03:46:55Z
NEE,2007-02-20,8.49,8.49,8.35,8.35,5800244,59.81,59.84,58.83,58.83,823400,2026-03-03T03:46:55Z
NEE,2007-02-21,8.41,8.48,8.4,8.47,12524054,59.22,59.73,59.19,59.69,1777900,2026-03-03T03:46:55Z
NEE,2007-02-22,8.38,8.44,8.33,8.42,12244378,59.06,59.45,58.67,59.34,1738200,2026-03-03T03:46:55Z
NEE,2007-02-23,8.47,8.48,8.35,8.39,8092510,59.64,59.74,58.81,59.07,1148800,2026-03-03T03:46:55Z
NEE,2007-02-26,8.68,8.95,8.56,8.68,38383050,61.17,63.07,60.3,61.17,5448800,2026-03-03T03:46:55Z
NEE,2007-02-27,8.41,8.65,8.31,8.59,20635462,59.25,60.91,58.54,60.5,2929400,2026-03-03T03:46:55Z
NEE,2007-02-28,8.45,8.51,8.33,8.37,18259144,59.1,59.54,58.25,58.54,2610100,2026-03-03T03:46:55Z
NEE,2007-03-01,8.5,8.54,8.11,8.32,16872487,59.45,59.73,56.76,58.18,2411900,2026-03-03T03:46:55Z
NEE,2007-03-02,8.28,8.48,8.27,8.45,14691421,57.95,59.3,57.85,59.08,2100100,2026-03-03T03:46:55Z
NEE,2007-03-05,8.16,8.24,8.08,8.15,16623529,57.09,57.68,56.5,57,2376300,2026-03-03T03:46:55Z
NEE,2007-03-06,8.27,8.29,8.16,8.19,18508065,57.86,57.97,57.08,57.3,2645700,2026-03-03T03:46:55Z
NEE,2007-03-07,8.25,8.33,8.22,8.26,17340570,57.7,58.25,57.49,57.8,2478800,2026-03-03T03:46:55Z
NEE,2007-03-08,8.28,8.36,8.26,8.32,12781580,57.94,58.48,57.8,58.2,1827100,2026-03-03T03:46:55Z
NEE,2007-03-09,8.29,8.33,8.26,8.32,10571655,58,58.3,57.77,58.18,1511200,2026-03-03T03:46:55Z
NEE,2007-03-12,8.41,8.41,8.27,8.29,9748232,58.8,58.85,57.82,57.98,1393500,2026-03-03T03:46:55Z
NEE,2007-03-13,8.34,8.47,8.32,8.38,16188398,58.31,59.22,58.22,58.65,2314100,2026-03-03T03:46:55Z
NEE,2007-03-14,8.41,8.43,8.29,8.37,14767609,58.82,58.98,58.01,58.55,2111000,2026-03-03T03:46:55Z
NEE,2007-03-15,8.46,8.51,8.36,8.39,15045265,59.18,59.55,58.45,58.68,2150700,2026-03-03T03:46:55Z
NEE,2007-03-16,8.52,8.58,8.43,8.5,26832835,59.6,60.05,59,59.48,3835700,2026-03-03T03:46:55Z
NEE,2007-03-19,8.55,8.61,8.52,8.53,11295703,59.8,60.25,59.58,59.66,1614700,2026-03-03T03:46:55Z
NEE,2007-03-20,8.62,8.62,8.49,8.54,13933094,60.29,60.29,59.4,59.75,1991700,2026-03-03T03:46:55Z
NEE,2007-03-21,8.71,8.72,8.53,8.61,17652556,60.92,61,59.68,60.2,2523400,2026-03-03T03:46:55Z
NEE,2007-03-22,8.73,8.78,8.59,8.59,17963221,61.1,61.39,60.11,60.11,2567800,2026-03-03T03:46:55Z
NEE,2007-03-23,8.82,8.82,8.71,8.73,20412929,61.69,61.71,60.92,61.1,2918000,2026-03-03T03:46:55Z
NEE,2007-03-26,8.88,8.88,8.81,8.85,16981700,62.11,62.11,61.6,61.9,2427500,2026-03-03T03:46:55Z
NEE,2007-03-27,8.83,8.91,8.82,8.88,23250439,61.74,62.35,61.69,62.12,3323600,2026-03-03T03:46:55Z
NEE,2007-03-28,8.76,8.88,8.74,8.82,32583047,61.25,62.11,61.11,61.67,4657700,2026-03-03T03:46:55Z
NEE,2007-03-29,8.82,8.83,8.75,8.82,14481476,61.7,61.8,61.2,61.67,2070100,2026-03-03T03:46:55Z
NEE,2007-03-30,8.74,8.88,8.65,8.88,22131897,61.17,62.15,60.5,62.14,3163700,2026-03-03T03:46:55Z
NEE,2007-04-02,8.94,8.96,8.76,8.8,23460273,62.55,62.69,61.29,61.53,3353600,2026-03-03T03:46:55Z
NEE,2007-04-03,8.94,9,8.91,9,16127464,62.57,62.98,62.33,62.95,2305400,2026-03-03T03:46:55Z
NEE,2007-04-04,8.83,8.98,8.82,8.95,28347876,61.75,62.84,61.68,62.63,4052300,2026-03-03T03:46:55Z
NEE,2007-04-05,8.78,8.84,8.75,8.8,17393050,61.4,61.81,61.23,61.58,2486300,2026-03-03T03:46:55Z
NEE,2007-04-09,8.83,8.86,8.78,8.79,14465300,61.75,61.98,61.43,61.5,2067800,2026-03-03T03:46:55Z
NEE,2007-04-10,8.84,8.88,8.8,8.82,15958936,61.87,62.14,61.53,61.71,2281300,2026-03-03T03:46:55Z
NEE,2007-04-11,8.75,8.88,8.74,8.88,22683120,61.2,62.15,61.17,62.1,3242500,2026-03-03T03:46:55Z
NEE,2007-04-12,8.69,8.87,8.66,8.87,22912472,60.78,62.05,60.58,62.05,3275300,2026-03-03T03:46:55Z
NEE,2007-04-13,8.64,8.81,8.63,8.81,14540893,60.47,61.63,60.34,61.63,2078600,2026-03-03T03:46:55Z
NEE,2007-04-16,8.79,8.81,8.66,8.68,14948845,61.51,61.62,60.6,60.7,2136900,2026-03-03T03:46:55Z
NEE,2007-04-17,8.87,8.9,8.79,8.79,24084313,62.08,62.23,61.51,61.51,3442800,2026-03-03T03:46:55Z
NEE,2007-04-18,8.92,8.94,8.84,8.86,21204974,62.39,62.55,61.81,62,3031200,2026-03-03T03:46:55Z
NEE,2007-04-19,8.82,9.04,8.81,9.04,15708514,61.67,63.23,61.65,63.23,2245500,2026-03-03T03:46:55Z
NEE,2007-04-20,8.9,8.91,8.84,8.88,21802364,62.25,62.32,61.82,62.15,3116600,2026-03-03T03:46:55Z
NEE,2007-04-23,9.1,9.11,8.93,9.02,21096386,63.69,63.76,62.5,63.08,3015700,2026-03-03T03:46:55Z
NEE,2007-04-24,9.19,9.21,9.07,9.14,15146792,64.32,64.46,63.43,63.93,2165200,2026-03-03T03:46:55Z
NEE,2007-04-25,9.22,9.29,9.2,9.23,11953966,64.51,64.97,64.35,64.55,1708800,2026-03-03T03:46:55Z
NEE,2007-04-26,9.19,9.28,9.19,9.26,11586712,64.31,64.9,64.29,64.75,1656300,2026-03-03T03:46:55Z
NEE,2007-04-27,9.13,9.19,9.09,9.19,9689513,63.9,64.27,63.59,64.26,1385100,2026-03-03T03:46:55Z
NEE,2007-04-30,9.2,9.4,9.17,9.19,24121961,64.37,65.76,64.12,64.3,3448200,2026-03-03T03:46:55Z
NEE,2007-05-01,9.24,9.26,9.15,9.21,15784011,64.61,64.79,64,64.45,2256300,2026-03-03T03:46:55Z
NEE,2007-05-02,9.22,9.27,9.19,9.25,14888543,64.5,64.83,64.3,64.7,2128300,2026-03-03T03:46:55Z
NEE,2007-05-03,9.19,9.25,9.14,9.22,10326849,64.32,64.7,63.96,64.51,1476200,2026-03-03T03:46:55Z
NEE,2007-05-04,9.14,9.22,9.11,9.21,12524771,63.96,64.51,63.76,64.42,1790400,2026-03-03T03:46:55Z
NEE,2007-05-07,9.13,9.19,9.09,9.1,12776674,63.84,64.3,63.6,63.66,1826400,2026-03-03T03:46:55Z
NEE,2007-05-08,9.09,9.12,9.03,9.12,12908154,63.56,63.79,63.18,63.78,1845200,2026-03-03T03:46:55Z
NEE,2007-05-09,9.11,9.12,9.07,9.07,11013802,63.74,63.83,63.48,63.48,1574400,2026-03-03T03:46:55Z
NEE,2007-05-10,9.09,9.17,9.08,9.1,14694889,63.61,64.14,63.5,63.65,2100600,2026-03-03T03:46:55Z
NEE,2007-05-11,9.23,9.23,9.1,9.11,20474602,64.59,64.59,63.64,63.7,2926800,2026-03-03T03:46:55Z
NEE,2007-05-14,9.38,9.41,9.25,9.26,20273756,65.63,65.82,64.7,64.76,2898100,2026-03-03T03:46:55Z
NEE,2007-05-15,9.34,9.46,9.34,9.41,12746568,65.36,66.15,65.34,65.85,1822100,2026-03-03T03:46:55Z
NEE,2007-05-16,9.38,9.47,9.34,9.46,6780079,65.6,66.24,65.3,66.2,969200,2026-03-03T03:46:55Z
NEE,2007-05-17,9.3,9.37,9.27,9.35,11390187,65.07,65.52,64.88,65.4,1628200,2026-03-03T03:46:55Z
NEE,2007-05-18,9.3,9.35,9.27,9.32,11303442,65.07,65.43,64.85,65.2,1615800,2026-03-03T03:46:55Z
NEE,2007-05-21,9.37,9.38,9.32,9.32,8249811,65.52,65.6,65.2,65.2,1179300,2026-03-03T03:46:55Z
NEE,2007-05-22,9.45,9.51,9.4,9.41,13945678,66.09,66.52,65.73,65.8,1993500,2026-03-03T03:46:55Z
NEE,2007-05-23,9.25,9.45,9.24,9.45,12767613,64.73,66.13,64.67,66.08,1825100,2026-03-03T03:46:55Z
NEE,2007-05-24,8.98,9.38,8.94,9.37,22322860,62.83,65.61,62.55,65.57,3191000,2026-03-03T03:46:55Z
NEE,2007-05-25,8.95,9.11,8.84,9.08,19205555,62.58,63.71,61.81,63.49,2745400,2026-03-03T03:46:55Z
NEE,2007-05-29,8.98,9.09,8.95,8.95,9939258,62.85,63.58,62.63,62.63,1420800,2026-03-03T03:46:55Z
NEE,2007-05-30,9.11,9.12,8.9,8.93,11521716,63.75,63.8,62.29,62.48,1647000,2026-03-03T03:46:55Z
NEE,2007-05-31,9.14,9.21,9.06,9.11,15329993,63.93,64.44,63.37,63.7,2191400,2026-03-03T03:46:55Z
NEE,2007-06-01,9.05,9.17,9.02,9.11,18492092,63.34,64.13,63.13,63.75,2643400,2026-03-03T03:46:55Z
NEE,2007-06-04,8.99,9.07,8.89,9.01,17895936,62.91,63.45,62.21,63.05,2558200,2026-03-03T03:46:55Z
NEE,2007-06-05,8.77,8.98,8.76,8.96,25015478,61.34,62.8,61.27,62.69,3575900,2026-03-03T03:46:55Z
NEE,2007-06-06,8.62,8.74,8.4,8.71,43874775,59.93,60.7,58.36,60.5,6314000,2026-03-03T03:46:55Z
NEE,2007-06-07,8.32,8.65,8.31,8.6,40811394,57.84,60.1,57.75,59.75,5873200,2026-03-03T03:46:55Z
NEE,2007-06-08,8.42,8.45,8.22,8.25,22290249,58.51,58.68,57.1,57.35,3207800,2026-03-03T03:46:55Z
NEE,2007-06-11,8.69,8.72,8.3,8.3,33293671,60.38,60.56,57.68,57.68,4791300,2026-03-03T03:46:55Z
NEE,2007-06-12,8.49,8.67,8.48,8.65,26390075,59,60.25,58.9,60.12,3797800,2026-03-03T03:46:55Z
NEE,2007-06-13,8.67,8.69,8.53,8.56,23417352,60.25,60.35,59.29,59.5,3370000,2026-03-03T03:46:55Z
NEE,2007-06-14,8.66,8.76,8.61,8.73,16960641,60.21,60.84,59.83,60.65,2440800,2026-03-03T03:46:55Z
NEE,2007-06-15,8.82,8.89,8.71,8.78,25887657,61.3,61.8,60.55,60.99,3725500,2026-03-03T03:46:55Z
NEE,2007-06-18,8.72,8.92,8.71,8.89,11244509,60.61,62,60.52,61.78,1618200,2026-03-03T03:46:55Z
NEE,2007-06-19,8.71,8.76,8.63,8.72,13364526,60.55,60.84,59.95,60.57,1923300,2026-03-03T03:46:55Z
NEE,2007-06-20,8.48,8.77,8.47,8.73,14819041,58.96,60.95,58.88,60.63,2132600,2026-03-03T03:46:55Z
NEE,2007-06-21,8.53,8.61,8.41,8.49,14141415,59.3,59.8,58.43,58.98,2035100,2026-03-03T03:46:55Z
NEE,2007-06-22,8.34,8.51,8.33,8.49,21578769,57.98,59.13,57.9,59,3105400,2026-03-03T03:46:55Z
NEE,2007-06-25,8.31,8.45,8.29,8.31,16984312,57.76,58.74,57.57,57.77,2444200,2026-03-03T03:46:55Z
NEE,2007-06-26,8.15,8.4,8.15,8.35,26374949,56.66,58.37,56.63,58,3795600,2026-03-03T03:46:55Z
NEE,2007-06-27,8.3,8.31,8.09,8.19,21850377,57.69,57.72,56.18,56.94,3144500,2026-03-03T03:46:55Z
NEE,2007-06-28,8.25,8.42,8.25,8.31,17656256,57.35,58.49,57.33,57.76,2540900,2026-03-03T03:46:55Z
NEE,2007-06-29,8.17,8.32,8.1,8.31,22324937,56.74,57.78,56.25,57.76,3212800,2026-03-03T03:46:55Z
NEE,2007-07-02,8.26,8.28,8.19,8.24,18638115,57.4,57.5,56.94,57.27,2682200,2026-03-03T03:46:55Z
NEE,2007-07-03,8.18,8.29,8.12,8.28,11375203,56.81,57.57,56.4,57.55,1637000,2026-03-03T03:46:55Z
NEE,2007-07-05,8.18,8.23,8.02,8.14,15303365,56.81,57.21,55.72,56.55,2202300,2026-03-03T03:46:55Z
NEE,2007-07-06,8.13,8.21,8.06,8.16,12152059,56.5,57.02,56,56.74,1748800,2026-03-03T03:46:55Z
NEE,2007-07-09,8.06,8.18,8.05,8.14,16961952,55.98,56.84,55.94,56.54,2441000,2026-03-03T03:46:55Z
NEE,2007-07-10,7.99,8.13,7.99,8.09,21677332,55.54,56.51,55.5,56.2,3119600,2026-03-03T03:46:55Z
NEE,2007-07-11,7.96,8.07,7.86,7.96,24194983,55.32,56.07,54.61,55.3,3481900,2026-03-03T03:46:55Z
NEE,2007-07-12,8.12,8.12,7.95,7.98,17170540,56.43,56.44,55.25,55.44,2471000,2026-03-03T03:46:55Z
NEE,2007-07-13,8.27,8.29,8.12,8.16,9316203,57.46,57.62,56.4,56.73,1340700,2026-03-03T03:46:55Z
NEE,2007-07-16,8.27,8.46,8.26,8.41,19385693,57.49,58.75,57.41,58.44,2789800,2026-03-03T03:46:55Z
NEE,2007-07-17,8.35,8.38,8.28,8.32,17549121,58,58.21,57.53,57.78,2525500,2026-03-03T03:46:55Z
NEE,2007-07-18,8.42,8.45,8.28,8.3,22882451,58.5,58.7,57.5,57.65,3293000,2026-03-03T03:46:55Z
NEE,2007-07-19,8.57,8.59,8.44,8.45,14239519,59.55,59.7,58.62,58.7,2049200,2026-03-03T03:46:55Z
NEE,2007-07-20,8.44,8.61,8.42,8.57,15664659,58.62,59.8,58.53,59.55,2254300,2026-03-03T03:46:55Z
NEE,2007-07-23,8.61,8.7,8.6,8.64,14948949,59.85,60.44,59.73,60.05,2151300,2026-03-03T03:46:55Z
NEE,2007-07-24,8.27,8.73,8.26,8.72,14920480,57.5,60.63,57.42,60.62,2147200,2026-03-03T03:46:55Z
NEE,2007-07-25,8.38,8.43,8.16,8.16,24716826,58.26,58.54,56.72,56.72,3557000,2026-03-03T03:46:55Z
NEE,2007-07-26,8.1,8.33,8.03,8.29,26579023,56.31,57.91,55.8,57.6,3825000,2026-03-03T03:46:55Z
NEE,2007-07-27,7.9,8.14,7.9,8.06,19514369,54.92,56.55,54.88,56,2808300,2026-03-03T03:46:55Z
NEE,2007-07-30,8.32,8.34,8.04,8.2,30475843,57.79,57.96,55.86,57,4385800,2026-03-03T03:46:55Z
NEE,2007-07-31,8.31,8.53,8.3,8.49,29872227,57.73,59.3,57.7,58.99,4298900,2026-03-03T03:46:55Z
NEE,2007-08-01,8.56,8.56,8.26,8.32,21414048,59.46,59.48,57.38,57.8,3081700,2026-03-03T03:46:55Z
NEE,2007-08-02,8.61,8.67,8.46,8.61,25779165,59.86,60.26,58.81,59.8,3709900,2026-03-03T03:46:55Z
NEE,2007-08-03,8.22,8.68,8.19,8.61,27442845,57.11,60.32,56.92,59.86,3949300,2026-03-03T03:46:55Z
NEE,2007-08-06,8.74,8.75,8.26,8.3,24163694,60.74,60.82,57.36,57.7,3477400,2026-03-03T03:46:55Z
NEE,2007-08-07,9.05,9.16,8.6,8.64,33314633,62.92,63.65,59.78,60,4794300,2026-03-03T03:46:55Z
NEE,2007-08-08,9.01,9.24,8.79,9.06,33670918,62.6,64.2,61.06,62.92,4845600,2026-03-03T03:46:55Z
NEE,2007-08-09,8.81,8.99,8.73,8.78,37315630,61.25,62.49,60.63,61,5370100,2026-03-03T03:46:55Z
NEE,2007-08-10,8.66,8.92,8.64,8.76,25258097,60.2,61.98,60.05,60.85,3634900,2026-03-03T03:46:55Z
NEE,2007-08-13,8.67,8.75,8.62,8.7,18237693,60.27,60.82,59.87,60.46,2624600,2026-03-03T03:46:55Z
NEE,2007-08-14,8.54,8.78,8.53,8.75,14461153,59.34,61.03,59.25,60.8,2081100,2026-03-03T03:46:55Z
NEE,2007-08-15,8.49,8.76,8.46,8.52,18852001,58.97,60.85,58.77,59.18,2713000,2026-03-03T03:46:55Z
NEE,2007-08-16,8.53,8.58,8.15,8.42,25083108,59.29,59.64,56.63,58.51,3609700,2026-03-03T03:46:55Z
NEE,2007-08-17,8.63,8.76,8.34,8.72,24763392,60,60.85,57.95,60.57,3563700,2026-03-03T03:46:55Z
NEE,2007-08-20,8.57,8.67,8.46,8.63,11956749,59.56,60.27,58.75,59.99,1720700,2026-03-03T03:46:55Z
NEE,2007-08-21,8.65,8.72,8.51,8.51,10879031,60.13,60.59,59.1,59.1,1565600,2026-03-03T03:46:55Z
NEE,2007-08-22,8.74,8.78,8.61,8.7,10193213,60.75,61,59.85,60.46,1466900,2026-03-03T03:46:55Z
NEE,2007-08-23,8.7,8.77,8.62,8.77,8093271,60.44,60.96,59.9,60.94,1164700,2026-03-03T03:46:55Z
NEE,2007-08-24,8.63,8.73,8.6,8.68,12860121,60,60.65,59.75,60.28,1850700,2026-03-03T03:46:55Z
NEE,2007-08-27,8.35,8.64,8.32,8.64,15718814,58,60,57.82,60,2262100,2026-03-03T03:46:55Z
NEE,2007-08-28,8.24,8.39,8.24,8.3,9844330,57.26,58.27,57.22,57.7,1416700,2026-03-03T03:46:55Z
NEE,2007-08-29,8.51,8.52,8.28,8.32,10116729,58.69,58.79,57.15,57.38,1466400,2026-03-03T03:46:55Z
NEE,2007-08-30,8.48,8.59,8.41,8.49,10271971,58.47,59.27,58.01,58.58,1488900,2026-03-03T03:46:55Z
NEE,2007-08-31,8.53,8.6,8.44,8.59,15368342,58.84,59.35,58.21,59.25,2227600,2026-03-03T03:46:55Z
NEE,2007-09-04,8.75,8.81,8.48,8.54,15292311,60.38,60.76,58.5,58.94,2216600,2026-03-03T03:46:55Z
NEE,2007-09-05,8.57,8.71,8.52,8.68,14854254,59.09,60.07,58.77,59.86,2153100,2026-03-03T03:46:55Z
NEE,2007-09-06,8.64,8.66,8.45,8.56,13729752,59.6,59.74,58.31,59.04,1990100,2026-03-03T03:46:55Z
NEE,2007-09-07,8.49,8.67,8.44,8.64,13008807,58.59,59.79,58.23,59.6,1885600,2026-03-03T03:46:55Z
NEE,2007-09-10,8.63,8.66,8.48,8.54,11958709,59.51,59.72,58.52,58.94,1733400,2026-03-03T03:46:55Z
NEE,2007-09-11,8.73,8.76,8.61,8.65,9470312,60.23,60.41,59.4,59.65,1372700,2026-03-03T03:46:55Z
NEE,2007-09-12,8.81,8.89,8.71,8.73,13134421,60.78,61.34,60.06,60.25,1903800,2026-03-03T03:46:55Z
NEE,2007-09-13,8.83,8.89,8.8,8.88,7642767,60.94,61.34,60.73,61.25,1107800,2026-03-03T03:46:55Z
NEE,2007-09-14,8.9,8.94,8.79,8.8,9194977,61.39,61.7,60.65,60.72,1332800,2026-03-03T03:46:55Z
NEE,2007-09-17,8.88,8.89,8.76,8.87,9808359,61.26,61.3,60.46,61.2,1421700,2026-03-03T03:46:55Z
NEE,2007-09-18,9.1,9.13,8.91,8.97,12327918,62.76,63,61.44,61.88,1786900,2026-03-03T03:46:55Z
NEE,2007-09-19,9.15,9.2,9.06,9.11,13918809,63.14,63.44,62.5,62.87,2017500,2026-03-03T03:46:55Z
NEE,2007-09-20,9.08,9.17,9.04,9.13,6984568,62.63,63.25,62.37,62.97,1012400,2026-03-03T03:46:55Z
NEE,2007-09-21,9.15,9.2,9.08,9.17,13855339,63.1,63.49,62.63,63.25,2008300,2026-03-03T03:46:55Z
NEE,2007-09-24,8.99,9.15,8.97,9.12,12031177,62.02,63.15,61.87,62.92,1743900,2026-03-03T03:46:55Z
NEE,2007-09-25,8.97,9.06,8.94,8.94,10051915,61.91,62.48,61.66,61.7,1457000,2026-03-03T03:46:55Z
NEE,2007-09-26,9.09,9.14,9.02,9.03,10427173,62.73,63.05,62.2,62.3,1511400,2026-03-03T03:46:55Z
NEE,2007-09-27,8.96,9.1,8.95,9.1,10787360,61.81,62.81,61.77,62.79,1563600,2026-03-03T03:46:55Z
NEE,2007-09-28,8.82,9.01,8.81,8.97,10925339,60.88,62.19,60.75,61.86,1583600,2026-03-03T03:46:55Z
NEE,2007-10-01,9.02,9.03,8.84,8.84,7288791,62.24,62.3,60.99,60.99,1056500,2026-03-03T03:46:55Z
NEE,2007-10-02,9.01,9.04,8.96,9.01,5479215,62.19,62.34,61.81,62.18,794200,2026-03-03T03:46:55Z
NEE,2007-10-03,9.02,9.05,8.99,9,7351571,62.26,62.41,62,62.07,1065600,2026-03-03T03:46:55Z
NEE,2007-10-04,9.06,9.09,9.01,9.04,6598916,62.49,62.7,62.14,62.39,956500,2026-03-03T03:46:55Z
NEE,2007-10-05,9.11,9.18,9.07,9.11,8284335,62.83,63.36,62.6,62.88,1200800,2026-03-03T03:46:55Z
NEE,2007-10-08,9.03,9.18,9.02,9.1,5305356,62.33,63.33,62.25,62.75,769000,2026-03-03T03:46:55Z
NEE,2007-10-09,9.21,9.22,9.07,9.09,10416145,63.52,63.59,62.58,62.7,1509800,2026-03-03T03:46:55Z
NEE,2007-10-10,9.14,9.23,9.1,9.19,10665170,63.05,63.64,62.81,63.39,1545900,2026-03-03T03:46:55Z
NEE,2007-10-11,9.13,9.26,9.08,9.2,13869150,62.96,63.89,62.62,63.5,2010300,2026-03-03T03:46:55Z
NEE,2007-10-12,9.21,9.21,9.11,9.12,12790098,63.54,63.54,62.86,62.89,1853900,2026-03-03T03:46:55Z
NEE,2007-10-15,9.15,9.21,9.1,9.2,11920092,63.15,63.55,62.75,63.48,1727800,2026-03-03T03:46:55Z
NEE,2007-10-16,9.17,9.23,9.13,9.14,15062661,63.24,63.7,63.01,63.08,2183300,2026-03-03T03:46:55Z
NEE,2007-10-17,9.17,9.26,9.11,9.23,11266123,63.24,63.85,62.82,63.65,1633000,2026-03-03T03:46:55Z
NEE,2007-10-18,9.07,9.2,9.03,9.16,12003608,62.57,63.5,62.32,63.21,1739900,2026-03-03T03:46:55Z
NEE,2007-10-19,8.8,9.08,8.78,9.08,16433469,60.69,62.67,60.6,62.67,2382000,2026-03-03T03:46:55Z
NEE,2007-10-22,8.87,8.9,8.74,8.74,11558649,61.22,61.39,60.26,60.3,1675400,2026-03-03T03:46:55Z
NEE,2007-10-23,8.95,8.96,8.84,8.91,9746295,61.77,61.8,60.99,61.48,1412700,2026-03-03T03:46:55Z
NEE,2007-10-24,8.97,8.98,8.87,8.92,9856672,61.89,61.98,61.2,61.54,1428700,2026-03-03T03:46:55Z
NEE,2007-10-25,9.35,9.39,8.94,8.97,21437445,64.52,64.79,61.7,61.87,3107300,2026-03-03T03:46:55Z
NEE,2007-10-26,9.66,9.66,9.38,9.39,15723545,66.63,66.63,64.7,64.81,2279100,2026-03-03T03:46:55Z
NEE,2007-10-29,9.73,9.77,9.59,9.66,19171625,67.11,67.39,66.15,66.67,2778900,2026-03-03T03:46:55Z
NEE,2007-10-30,9.71,9.79,9.6,9.7,20968829,66.97,67.53,66.26,66.95,3039400,2026-03-03T03:46:55Z
NEE,2007-10-31,9.92,9.93,9.7,9.74,15689829,68.42,68.48,66.92,67.2,2274200,2026-03-03T03:46:55Z
NEE,2007-11-01,9.63,9.9,9.61,9.84,16380431,66.46,68.32,66.33,67.85,2374300,2026-03-03T03:46:55Z
NEE,2007-11-02,9.65,9.82,9.57,9.66,17678040,66.59,67.74,66.02,66.67,2562400,2026-03-03T03:46:55Z
NEE,2007-11-05,9.75,9.82,9.5,9.5,12991557,67.28,67.74,65.53,65.53,1883100,2026-03-03T03:46:55Z
NEE,2007-11-06,9.76,9.8,9.61,9.76,9810411,67.34,67.62,66.29,67.33,1422000,2026-03-03T03:46:55Z
NEE,2007-11-07,9.57,9.79,9.57,9.67,14817751,66.05,67.55,66.05,66.71,2147800,2026-03-03T03:46:55Z
NEE,2007-11-08,9.82,9.86,9.58,9.65,17346183,67.72,68,66.11,66.6,2514300,2026-03-03T03:46:55Z
NEE,2007-11-09,9.99,10.07,9.71,9.71,22820522,68.89,69.46,66.96,66.96,3307800,2026-03-03T03:46:55Z
NEE,2007-11-12,9.94,10.16,9.89,9.99,26412875,68.61,70.11,68.24,68.91,3828500,2026-03-03T03:46:55Z
NEE,2007-11-13,9.8,10.05,9.65,10.05,30086069,67.59,69.33,66.57,69.33,4360900,2026-03-03T03:46:55Z
NEE,2007-11-14,9.74,9.86,9.68,9.84,16485148,67.17,68,66.81,67.86,2389500,2026-03-03T03:46:55Z
NEE,2007-11-15,9.75,9.81,9.6,9.69,20782048,67.25,67.7,66.24,66.83,3012300,2026-03-03T03:46:55Z
NEE,2007-11-16,9.85,9.89,9.73,9.81,13936054,67.97,68.22,67.1,67.71,2020000,2026-03-03T03:46:55Z
NEE,2007-11-19,9.8,9.84,9.72,9.78,14477585,67.58,67.85,67.06,67.44,2098500,2026-03-03T03:46:55Z
NEE,2007-11-20,10.02,10.07,9.77,9.79,14904587,69.15,69.47,67.4,67.55,2160400,2026-03-03T03:46:55Z
NEE,2007-11-21,9.92,10.16,9.9,9.92,18176249,68.44,70.12,68.3,68.44,2634600,2026-03-03T03:46:55Z
NEE,2007-11-23,9.93,10,9.86,9.97,3463307,68.49,69,68,68.78,502000,2026-03-03T03:46:55Z
NEE,2007-11-26,9.82,10.13,9.82,9.93,15426261,67.77,69.9,67.77,68.53,2236000,2026-03-03T03:46:55Z
NEE,2007-11-27,9.85,9.91,9.74,9.86,12300922,67.94,68.34,67.21,67.99,1783000,2026-03-03T03:46:55Z
NEE,2007-11-28,10.03,10.05,9.82,10,11742659,68.78,68.9,67.37,68.56,1712400,2026-03-03T03:46:55Z
NEE,2007-11-29,10.1,10.15,9.92,9.98,15843951,69.28,69.62,68.02,68.42,2310500,2026-03-03T03:46:55Z
NEE,2007-11-30,10.17,10.23,10.11,10.2,13646160,69.76,70.14,69.35,69.97,1990000,2026-03-03T03:46:55Z
NEE,2007-12-03,10.42,10.44,10.14,10.14,24079627,71.44,71.62,69.55,69.55,3511500,2026-03-03T03:46:55Z
NEE,2007-12-04,10.52,10.58,10.35,10.35,18048614,72.13,72.58,71,71,2632000,2026-03-03T03:46:55Z
NEE,2007-12-05,10.58,10.61,10.29,10.29,15864549,72.56,72.77,70.53,70.53,2313500,2026-03-03T03:46:55Z
NEE,2007-12-06,10.34,10.58,10.24,10.58,25068485,70.91,72.53,70.2,72.53,3655700,2026-03-03T03:46:55Z
NEE,2007-12-07,10.38,10.42,10.28,10.38,13115391,71.2,71.48,70.51,71.18,1912600,2026-03-03T03:46:55Z
NEE,2007-12-10,10.39,10.42,10.34,10.39,12138304,71.23,71.48,70.91,71.26,1770100,2026-03-03T03:46:55Z
NEE,2007-12-11,10.08,10.46,10.06,10.38,18172177,69.14,71.72,68.95,71.2,2650000,2026-03-03T03:46:55Z
NEE,2007-12-12,10.08,10.37,10,10.33,15709614,69.15,71.13,68.55,70.83,2290900,2026-03-03T03:46:55Z
NEE,2007-12-13,10.21,10.22,9.96,10.03,13984935,70.02,70.05,68.28,68.75,2039400,2026-03-03T03:46:55Z
NEE,2007-12-14,10.12,10.23,10.12,10.21,14160524,69.39,70.12,69.39,70.02,2065000,2026-03-03T03:46:55Z
NEE,2007-12-17,10.04,10.14,10.01,10.06,12638914,68.83,69.5,68.65,68.95,1843100,2026-03-03T03:46:55Z
NEE,2007-12-18,10.22,10.28,10.08,10.09,14106357,70.06,70.5,69.13,69.19,2057100,2026-03-03T03:46:55Z
NEE,2007-12-19,10.14,10.33,10.14,10.24,11009540,69.56,70.82,69.55,70.21,1605500,2026-03-03T03:46:55Z
NEE,2007-12-20,10.08,10.26,10.05,10.2,15353001,69.13,70.32,68.91,69.93,2238900,2026-03-03T03:46:55Z
NEE,2007-12-21,9.97,10.32,9.93,10.18,40455953,68.38,70.74,68.12,69.8,5899600,2026-03-03T03:46:55Z
NEE,2007-12-24,9.98,10.06,9.95,9.95,4862574,68.41,69,68.26,68.26,709100,2026-03-03T03:46:55Z
NEE,2007-12-26,10,10.06,9.93,10,7998451,68.58,68.95,68.11,68.6,1166400,2026-03-03T03:46:55Z
NEE,2007-12-27,9.98,10.04,9.96,10.01,10202440,68.43,68.86,68.28,68.67,1487800,2026-03-03T03:46:55Z
NEE,2007-12-28,10.01,10.06,9.96,9.97,8759650,68.62,68.99,68.32,68.36,1277400,2026-03-03T03:46:55Z
NEE,2007-12-31,9.88,10.03,9.85,9.96,9013378,67.78,68.8,67.52,68.28,1314400,2026-03-03T03:46:55Z
NEE,2008-01-02,9.68,9.94,9.66,9.9,12957712,66.35,68.14,66.25,67.87,1889600,2026-03-03T03:46:55Z
NEE,2008-01-03,9.77,9.9,9.68,9.73,10833312,66.97,67.87,66.35,66.69,1579800,2026-03-03T03:46:55Z
NEE,2008-01-04,10.04,10.12,9.68,9.68,19863778,68.82,69.4,66.39,66.39,2896700,2026-03-03T03:46:55Z
NEE,2008-01-07,10.5,10.76,10.05,10.1,41585941,72.03,73.75,68.89,69.27,6064400,2026-03-03T03:46:55Z
NEE,2008-01-08,10.43,10.67,10.41,10.54,21838043,71.55,73.16,71.37,72.24,3184600,2026-03-03T03:46:55Z
NEE,2008-01-09,10.42,10.46,10.23,10.44,23699765,71.46,71.72,70.18,71.62,3456100,2026-03-03T03:46:55Z
NEE,2008-01-10,10.5,10.6,10.32,10.32,23262281,72.01,72.68,70.79,70.79,3392300,2026-03-03T03:46:55Z
NEE,2008-01-11,10.39,10.59,10.36,10.4,17187377,71.26,72.64,71.05,71.28,2506400,2026-03-03T03:46:55Z
NEE,2008-01-14,10.4,10.5,10.39,10.5,14379924,71.29,71.98,71.23,71.98,2097000,2026-03-03T03:46:55Z
NEE,2008-01-15,10.36,10.48,10.31,10.35,22624700,71.01,71.83,70.73,71,3299300,2026-03-03T03:46:55Z
NEE,2008-01-16,9.89,10.37,9.88,10.29,32423801,67.81,71.14,67.77,70.58,4728300,2026-03-03T03:46:55Z
NEE,2008-01-17,9.53,9.92,9.52,9.85,21633670,65.32,68.02,65.29,67.51,3154800,2026-03-03T03:46:55Z
NEE,2008-01-18,9.29,9.8,9.2,9.57,32297791,63.7,67.19,63.09,65.64,4709900,2026-03-03T03:46:55Z
NEE,2008-01-22,8.88,9.07,8.34,8.96,36858969,60.87,62.17,57.21,61.46,5375100,2026-03-03T03:46:55Z
NEE,2008-01-23,9.16,9.28,8.61,8.63,40891129,62.81,63.6,59.03,59.21,5963100,2026-03-03T03:46:55Z
NEE,2008-01-24,8.97,9.22,8.93,9.19,25231841,61.5,63.22,61.24,63.03,3679500,2026-03-03T03:46:55Z
NEE,2008-01-25,8.91,9.21,8.83,9.04,25923051,61.07,63.14,60.56,62,3780300,2026-03-03T03:46:55Z
NEE,2008-01-28,9.06,9.11,8.81,8.81,26738255,62.16,62.44,60.42,60.42,3899200,2026-03-03T03:46:55Z
NEE,2008-01-29,9.13,9.26,9.07,9.15,17867575,62.59,63.5,62.17,62.78,2605600,2026-03-03T03:46:55Z
NEE,2008-01-30,9.13,9.33,9.11,9.11,17269675,62.63,63.99,62.44,62.44,2518400,2026-03-03T03:46:55Z
NEE,2008-01-31,9.38,9.49,8.92,9.16,22369579,64.35,65.09,61.19,62.79,3262100,2026-03-03T03:46:55Z
NEE,2008-02-01,9.53,9.59,9.38,9.43,16195180,65.33,65.78,64.32,64.63,2361700,2026-03-03T03:46:55Z
NEE,2008-02-04,9.73,9.82,9.55,9.55,12027205,66.75,67.34,65.5,65.5,1753900,2026-03-03T03:46:55Z
NEE,2008-02-05,9.32,9.71,9.3,9.71,16930160,63.91,66.58,63.76,66.58,2468900,2026-03-03T03:46:55Z
NEE,2008-02-06,9.33,9.58,9.29,9.37,17127088,63.99,65.67,63.71,64.22,2497600,2026-03-03T03:46:55Z
NEE,2008-02-07,9.29,9.35,9.18,9.32,14331269,63.71,64.08,62.97,63.93,2089900,2026-03-03T03:46:55Z
NEE,2008-02-08,9.22,9.3,9.16,9.26,9208798,63.23,63.77,62.81,63.49,1342900,2026-03-03T03:46:55Z
NEE,2008-02-11,9.26,9.29,9.14,9.2,11057589,63.51,63.68,62.69,63.08,1612500,2026-03-03T03:46:55Z
NEE,2008-02-12,9.35,9.44,9.23,9.28,11631479,64.1,64.75,63.28,63.64,1696200,2026-03-03T03:46:55Z
NEE,2008-02-13,9.4,9.49,9.34,9.4,11713132,64.45,65.07,64.03,64.46,1708100,2026-03-03T03:46:55Z
NEE,2008-02-14,9.29,9.55,9.26,9.42,10160601,63.71,65.5,63.47,64.6,1481700,2026-03-03T03:46:55Z
NEE,2008-02-15,9.43,9.44,9.22,9.26,12519561,64.69,64.76,63.25,63.51,1825700,2026-03-03T03:46:55Z
NEE,2008-02-19,9.39,9.52,9.34,9.52,9694278,64.41,65.3,64.07,65.29,1413700,2026-03-03T03:46:55Z
NEE,2008-02-20,9.45,9.48,9.27,9.33,13010503,64.77,64.99,63.58,63.98,1897300,2026-03-03T03:46:55Z
NEE,2008-02-21,9.31,9.55,9.28,9.46,12974155,63.86,65.5,63.63,64.87,1892000,2026-03-03T03:46:55Z
NEE,2008-02-22,9.42,9.44,9.25,9.34,9633238,64.58,64.73,63.46,64.04,1404800,2026-03-03T03:46:55Z
NEE,2008-02-25,9.44,9.53,9.34,9.42,9483796,64.76,65.35,64.07,64.58,1383000,2026-03-03T03:46:55Z
NEE,2008-02-26,9.46,9.51,9.34,9.4,14129728,64.85,65.19,64.06,64.47,2060500,2026-03-03T03:46:55Z
NEE,2008-02-27,9.45,9.54,9.38,9.45,14849314,64.33,64.95,63.91,64.33,2180400,2026-03-03T03:46:55Z
NEE,2008-02-28,9.27,9.44,9.18,9.38,15808209,63.13,64.28,62.54,63.86,2321200,2026-03-03T03:46:55Z
NEE,2008-02-29,8.85,9.28,8.77,9.28,25926325,60.29,63.21,59.71,63.21,3806900,2026-03-03T03:46:55Z
NEE,2008-03-03,9.01,9.01,8.71,8.81,20785748,61.35,61.35,59.32,60,3052100,2026-03-03T03:46:55Z
NEE,2008-03-04,9.13,9.22,8.89,8.94,15697884,62.15,62.81,60.55,60.9,2305000,2026-03-03T03:46:55Z
NEE,2008-03-05,9.13,9.22,9,9.17,19335163,62.17,62.8,61.27,62.43,2839100,2026-03-03T03:46:55Z
NEE,2008-03-06,8.89,9.12,8.89,9.1,15176204,60.54,62.1,60.54,62,2228400,2026-03-03T03:46:55Z
NEE,2008-03-07,8.85,8.9,8.74,8.84,16484456,60.29,60.63,59.51,60.18,2420500,2026-03-03T03:46:55Z
NEE,2008-03-10,8.78,8.86,8.67,8.84,12481259,59.8,60.34,59.02,60.2,1832700,2026-03-03T03:46:55Z
NEE,2008-03-11,8.94,9,8.84,8.96,23319412,60.88,61.3,60.18,61.01,3424100,2026-03-03T03:46:55Z
NEE,2008-03-12,8.92,9.07,8.92,8.93,12761828,60.72,61.79,60.72,60.83,1873900,2026-03-03T03:46:55Z
NEE,2008-03-13,9.02,9.06,8.85,8.87,18228646,61.45,61.71,60.28,60.39,2676600,2026-03-03T03:46:55Z
NEE,2008-03-14,9.02,9.1,8.84,9.02,20563086,61.44,62,60.21,61.45,3019400,2026-03-03T03:46:55Z
NEE,2008-03-17,9.12,9.18,8.82,8.82,27313527,62.13,62.51,60.1,60.1,4010600,2026-03-03T03:46:55Z
NEE,2008-03-18,9.13,9.28,8.99,9.28,19425126,62.16,63.19,61.2,63.19,2852300,2026-03-03T03:46:55Z
NEE,2008-03-19,8.93,9.3,8.93,9.15,17110239,60.81,63.31,60.81,62.34,2512400,2026-03-03T03:46:55Z
NEE,2008-03-20,8.94,8.99,8.75,8.94,21517902,60.87,61.2,59.59,60.88,3159600,2026-03-03T03:46:55Z
NEE,2008-03-24,9.16,9.23,8.99,9.08,23129294,62.41,62.86,61.23,61.85,3396200,2026-03-03T03:46:55Z
NEE,2008-03-25,9.19,9.29,9.15,9.19,15981151,62.6,63.27,62.33,62.56,2346600,2026-03-03T03:46:55Z
NEE,2008-03-26,9.21,9.33,9.14,9.16,13326502,62.69,63.54,62.24,62.42,1956800,2026-03-03T03:46:55Z
NEE,2008-03-27,9.29,9.39,9.24,9.24,15163877,63.27,63.92,62.93,62.95,2226600,2026-03-03T03:46:55Z
NEE,2008-03-28,9.1,9.39,9.08,9.36,12138108,61.96,63.95,61.81,63.75,1782300,2026-03-03T03:46:55Z
NEE,2008-03-31,9.21,9.27,9.03,9.08,14794042,62.74,63.11,61.48,61.82,2172300,2026-03-03T03:46:55Z
NEE,2008-04-01,9.53,9.54,9.21,9.24,14920027,64.89,64.98,62.75,62.94,2190800,2026-03-03T03:46:55Z
NEE,2008-04-02,9.66,9.77,9.5,9.52,16339322,65.77,66.5,64.72,64.82,2399200,2026-03-03T03:46:55Z
NEE,2008-04-03,9.66,9.71,9.59,9.6,15194616,65.78,66.14,65.29,65.39,2231100,2026-03-03T03:46:55Z
NEE,2008-04-04,9.68,9.84,9.62,9.65,9247083,65.95,67,65.52,65.75,1357800,2026-03-03T03:46:55Z
NEE,2008-04-07,9.66,9.77,9.57,9.77,7573783,65.76,66.55,65.21,66.55,1112100,2026-03-03T03:46:55Z
NEE,2008-04-08,9.71,9.75,9.6,9.61,7329266,66.15,66.38,65.4,65.43,1076200,2026-03-03T03:46:55Z
NEE,2008-04-09,9.69,9.79,9.64,9.72,7419219,66,66.69,65.64,66.2,1089400,2026-03-03T03:46:55Z
NEE,2008-04-10,9.57,9.67,9.49,9.65,10374229,65.15,65.88,64.65,65.75,1523300,2026-03-03T03:46:55Z
NEE,2008-04-11,9.52,9.59,9.48,9.48,7179473,64.84,65.3,64.56,64.56,1054200,2026-03-03T03:46:55Z
NEE,2008-04-14,9.48,9.56,9.43,9.5,6745666,64.55,65.07,64.22,64.69,990500,2026-03-03T03:46:55Z
NEE,2008-04-15,9.55,9.61,9.47,9.49,6642819,65.06,65.42,64.5,64.62,975400,2026-03-03T03:46:55Z
NEE,2008-04-16,9.89,9.91,9.57,9.62,12957359,67.34,67.47,65.17,65.49,1902600,2026-03-03T03:46:55Z
NEE,2008-04-17,9.88,10.01,9.84,9.88,7369493,67.3,68.14,67.01,67.26,1082100,2026-03-03T03:46:55Z
NEE,2008-04-18,9.76,9.99,9.69,9.96,13045142,66.44,68.02,66.02,67.83,1915500,2026-03-03T03:46:55Z
NEE,2008-04-21,9.78,9.8,9.68,9.68,6947239,66.61,66.76,65.95,65.95,1020100,2026-03-03T03:46:55Z
NEE,2008-04-22,9.75,9.83,9.68,9.78,6938357,66.37,66.96,65.94,66.62,1018800,2026-03-03T03:46:55Z
NEE,2008-04-23,9.94,9.95,9.78,9.8,7967444,67.71,67.76,66.57,66.76,1169900,2026-03-03T03:46:55Z
NEE,2008-04-24,9.84,10,9.79,9.99,8895677,66.99,68.09,66.67,68.04,1306200,2026-03-03T03:46:55Z
NEE,2008-04-25,9.78,9.93,9.73,9.81,7470224,66.63,67.6,66.24,66.78,1096900,2026-03-03T03:46:55Z
NEE,2008-04-28,9.76,9.84,9.72,9.81,6010777,66.44,66.99,66.21,66.8,882600,2026-03-03T03:46:55Z
NEE,2008-04-29,9.83,9.87,9.69,9.69,9064595,66.92,67.19,66.02,66.02,1331000,2026-03-03T03:46:55Z
NEE,2008-04-30,9.73,9.94,9.6,9.85,20500545,66.29,67.66,65.38,67.05,3010200,2026-03-03T03:46:55Z
NEE,2008-05-01,9.92,9.96,9.7,9.7,8558589,67.55,67.85,66.07,66.07,1256700,2026-03-03T03:46:55Z
NEE,2008-05-02,10.05,10.13,9.95,9.97,8632780,68.45,68.98,67.75,67.88,1267600,2026-03-03T03:46:55Z
NEE,2008-05-05,9.86,10.05,9.77,10.02,12567129,67.15,68.42,66.52,68.25,1845300,2026-03-03T03:46:55Z
NEE,2008-05-06,9.79,9.89,9.67,9.86,12257203,66.69,67.33,65.88,67.16,1799800,2026-03-03T03:46:55Z
NEE,2008-05-07,9.53,9.79,9.49,9.73,21313009,64.87,66.69,64.65,66.23,3129500,2026-03-03T03:46:55Z
NEE,2008-05-08,9.6,9.64,9.5,9.54,7196515,65.37,65.63,64.68,64.99,1056700,2026-03-03T03:46:55Z
NEE,2008-05-09,9.58,9.63,9.47,9.56,7213475,65.24,65.61,64.52,65.09,1059200,2026-03-03T03:46:55Z
NEE,2008-05-12,9.65,9.68,9.51,9.57,8323592,65.7,65.93,64.76,65.18,1222200,2026-03-03T03:46:55Z
NEE,2008-05-13,9.5,9.69,9.47,9.69,8918818,64.72,66,64.46,66,1309600,2026-03-03T03:46:55Z
NEE,2008-05-14,9.54,9.65,9.44,9.58,12695885,64.96,65.74,64.3,65.23,1864200,2026-03-03T03:46:55Z
NEE,2008-05-15,9.44,9.54,9.41,9.53,14683083,64.31,64.98,64.1,64.87,2156000,2026-03-03T03:46:55Z
NEE,2008-05-16,9.45,9.5,9.36,9.47,15812254,64.37,64.67,63.75,64.5,2321800,2026-03-03T03:46:55Z
NEE,2008-05-19,9.69,9.71,9.46,9.46,17665979,65.99,66.15,64.39,64.39,2594000,2026-03-03T03:46:55Z
NEE,2008-05-20,9.65,9.8,9.61,9.66,16702349,65.7,66.73,65.43,65.8,2452500,2026-03-03T03:46:55Z
NEE,2008-05-21,9.7,9.91,9.64,9.65,14771553,66.03,67.49,65.65,65.7,2169000,2026-03-03T03:46:55Z
NEE,2008-05-22,9.77,9.82,9.65,9.73,10309464,66.56,66.91,65.75,66.25,1513800,2026-03-03T03:46:55Z
NEE,2008-05-23,9.61,9.84,9.6,9.75,8691348,65.48,67,65.39,66.38,1276200,2026-03-03T03:46:55Z
NEE,2008-05-27,9.66,9.74,9.6,9.6,9499722,65.8,66.36,65.38,65.38,1394900,2026-03-03T03:46:55Z
NEE,2008-05-28,9.71,9.79,9.62,9.73,8535374,66.15,66.64,65.52,66.23,1253300,2026-03-03T03:46:55Z
NEE,2008-05-29,9.9,9.96,9.68,9.7,17600671,67.4,67.84,65.92,66.07,2584400,2026-03-03T03:46:55Z
NEE,2008-05-30,9.91,9.99,9.83,9.91,12203491,67.52,68.03,66.95,67.47,1791900,2026-03-03T03:46:55Z
NEE,2008-06-02,9.76,9.91,9.69,9.9,12680119,66.47,67.46,65.99,67.39,1861900,2026-03-03T03:46:55Z
NEE,2008-06-03,9.66,9.87,9.58,9.77,14828225,65.81,67.24,65.26,66.5,2177300,2026-03-03T03:46:55Z
NEE,2008-06-04,9.67,9.73,9.58,9.67,16616550,65.39,65.84,64.8,65.41,2456500,2026-03-03T03:46:55Z
NEE,2008-06-05,9.75,9.75,9.58,9.65,10607744,65.97,65.97,64.81,65.3,1568200,2026-03-03T03:46:55Z
NEE,2008-06-06,9.46,9.76,9.44,9.69,14224670,64.01,65.99,63.87,65.55,2102900,2026-03-03T03:46:55Z
NEE,2008-06-09,9.49,9.54,9.44,9.47,11488491,64.2,64.54,63.84,64.03,1698400,2026-03-03T03:46:55Z
NEE,2008-06-10,9.54,9.57,9.39,9.44,8944457,64.56,64.71,63.51,63.83,1322300,2026-03-03T03:46:55Z
NEE,2008-06-11,9.49,9.61,9.43,9.54,13427800,64.16,64.98,63.78,64.55,1985100,2026-03-03T03:46:55Z
NEE,2008-06-12,9.68,9.71,9.55,9.55,19579878,65.51,65.67,64.61,64.61,2894600,2026-03-03T03:46:55Z
NEE,2008-06-13,9.97,9.97,9.71,9.76,17090735,67.42,67.42,65.69,66,2526600,2026-03-03T03:46:55Z
NEE,2008-06-16,9.93,10.04,9.77,10.02,12505154,67.16,67.88,66.11,67.75,1848700,2026-03-03T03:46:55Z
NEE,2008-06-17,9.99,10.08,9.96,9.96,13291887,67.56,68.16,67.35,67.37,1965000,2026-03-03T03:46:55Z
NEE,2008-06-18,9.92,10.08,9.9,9.91,11244285,67.07,68.16,67,67.01,1662300,2026-03-03T03:46:55Z
NEE,2008-06-19,9.98,9.98,9.81,9.9,13136275,67.48,67.51,66.33,67,1942000,2026-03-03T03:46:55Z
NEE,2008-06-20,9.82,10.02,9.78,10.02,14590624,66.41,67.76,66.12,67.76,2157000,2026-03-03T03:46:55Z
NEE,2008-06-23,9.89,9.98,9.82,9.84,9095955,66.88,67.5,66.44,66.56,1344700,2026-03-03T03:46:55Z
NEE,2008-06-24,9.76,9.9,9.74,9.88,11772587,66.05,66.94,65.86,66.8,1740400,2026-03-03T03:46:55Z
NEE,2008-06-25,9.75,9.85,9.7,9.78,15461184,65.95,66.6,65.63,66.17,2285700,2026-03-03T03:46:55Z
NEE,2008-06-26,9.43,9.74,9.43,9.66,15411148,63.82,65.92,63.79,65.35,2278300,2026-03-03T03:46:55Z
NEE,2008-06-27,9.39,9.53,9.31,9.32,10904024,63.52,64.43,63,63.08,1612000,2026-03-03T03:46:55Z
NEE,2008-06-30,9.7,9.76,9.36,9.39,28037397,65.58,66,63.29,63.49,4144900,2026-03-03T03:46:55Z
NEE,2008-07-01,9.71,9.81,9.54,9.61,17642528,65.71,66.35,64.53,64.98,2608200,2026-03-03T03:46:55Z
NEE,2008-07-02,9.72,9.88,9.66,9.76,12327971,65.76,66.8,65.38,66.03,1822500,2026-03-03T03:46:55Z
NEE,2008-07-03,9.59,9.88,9.58,9.78,10699766,64.85,66.81,64.79,66.18,1581800,2026-03-03T03:46:55Z
NEE,2008-07-07,9.56,9.72,9.48,9.64,11706306,64.66,65.77,64.13,65.22,1730600,2026-03-03T03:46:55Z
NEE,2008-07-08,9.76,9.79,9.53,9.53,28426314,66,66.25,64.49,64.49,4202400,2026-03-03T03:46:55Z
NEE,2008-07-09,9.91,9.98,9.73,9.78,23859744,67.06,67.49,65.8,66.17,3527300,2026-03-03T03:46:55Z
NEE,2008-07-10,10.06,10.08,9.85,9.9,18292742,68.07,68.17,66.62,66.98,2704300,2026-03-03T03:46:55Z
NEE,2008-07-11,10.04,10.16,9.91,9.99,16270126,67.91,68.76,67.01,67.6,2405300,2026-03-03T03:46:55Z
NEE,2008-07-14,9.98,10.14,9.93,10.14,15252148,67.48,68.58,67.2,68.58,2254800,2026-03-03T03:46:55Z
NEE,2008-07-15,9.88,10.02,9.79,9.89,21941431,66.82,67.8,66.25,66.91,3243700,2026-03-03T03:46:55Z
NEE,2008-07-16,9.79,9.99,9.7,9.87,20119725,66.19,67.54,65.63,66.77,2974400,2026-03-03T03:46:55Z
NEE,2008-07-17,9.52,9.75,9.44,9.75,21694347,64.41,65.97,63.84,65.97,3207200,2026-03-03T03:46:55Z
NEE,2008-07-18,9.64,9.74,9.45,9.57,17905134,65.21,65.87,63.89,64.75,2647000,2026-03-03T03:46:55Z
NEE,2008-07-21,9.67,9.69,9.55,9.66,11248310,65.42,65.57,64.6,65.34,1662900,2026-03-03T03:46:55Z
NEE,2008-07-22,9.72,9.84,9.62,9.62,15275770,65.74,66.58,65.09,65.09,2258300,2026-03-03T03:46:55Z
NEE,2008-07-23,9.43,9.74,9.39,9.72,17646625,63.76,65.9,63.49,65.74,2608800,2026-03-03T03:46:55Z
NEE,2008-07-24,9.34,9.52,9.28,9.5,18883834,63.2,64.39,62.77,64.26,2791700,2026-03-03T03:46:55Z
NEE,2008-07-25,9.32,9.43,9.28,9.36,10804559,63.07,63.78,62.75,63.31,1597300,2026-03-03T03:46:55Z
NEE,2008-07-28,9.38,9.51,9.27,9.32,16447305,63.44,64.32,62.71,63.05,2431500,2026-03-03T03:46:55Z
NEE,2008-07-29,9.42,9.46,9.36,9.4,12421931,63.75,63.98,63.28,63.61,1836400,2026-03-03T03:46:55Z
NEE,2008-07-30,9.49,9.53,9.39,9.41,15724241,64.17,64.49,63.54,63.64,2324600,2026-03-03T03:46:55Z
NEE,2008-07-31,9.54,9.56,9.41,9.48,11690727,64.53,64.68,63.67,64.12,1728300,2026-03-03T03:46:55Z
NEE,2008-08-01,9.05,9.6,9.05,9.53,20157642,61.24,64.94,61.2,64.44,2980000,2026-03-03T03:46:55Z
NEE,2008-08-04,8.82,9.1,8.81,9.06,23673635,59.64,61.54,59.62,61.31,3499800,2026-03-03T03:46:55Z
NEE,2008-08-05,8.72,8.96,8.64,8.89,28160335,59,60.63,58.45,60.13,4163100,2026-03-03T03:46:55Z
NEE,2008-08-06,8.46,8.75,8.45,8.74,26283848,57.21,59.21,57.16,59.15,3885700,2026-03-03T03:46:55Z
NEE,2008-08-07,8.74,8.95,8.43,8.5,26699944,59.09,60.57,57,57.5,3947200,2026-03-03T03:46:55Z
NEE,2008-08-08,8.88,8.93,8.73,8.74,13161959,60.05,60.42,59.02,59.1,1945800,2026-03-03T03:46:55Z
NEE,2008-08-11,8.97,9.02,8.86,8.96,15489576,60.69,61.01,59.93,60.6,2289900,2026-03-03T03:46:55Z
NEE,2008-08-12,8.73,8.95,8.68,8.93,13015830,59.04,60.57,58.74,60.38,1924200,2026-03-03T03:46:55Z
NEE,2008-08-13,8.88,8.91,8.71,8.72,12986105,60.09,60.24,58.9,59,1919800,2026-03-03T03:46:55Z
NEE,2008-08-14,8.74,8.87,8.72,8.84,13514299,59.15,59.99,59,59.76,1997900,2026-03-03T03:46:55Z
NEE,2008-08-15,8.83,8.83,8.73,8.74,12695888,59.73,59.75,59.08,59.15,1876900,2026-03-03T03:46:55Z
NEE,2008-08-18,8.9,8.93,8.83,8.83,16507652,60.17,60.43,59.71,59.75,2440400,2026-03-03T03:46:55Z
NEE,2008-08-19,8.95,9.02,8.87,8.89,19451360,60.52,60.99,60.02,60.13,2875600,2026-03-03T03:46:55Z
NEE,2008-08-20,8.99,9.01,8.89,8.95,10734225,60.8,60.97,60.1,60.55,1586900,2026-03-03T03:46:55Z
NEE,2008-08-21,9.03,9.07,8.9,8.96,9346249,61.1,61.34,60.17,60.62,1381700,2026-03-03T03:46:55Z
NEE,2008-08-22,9.08,9.15,9.05,9.08,9402319,61.41,61.9,61.19,61.44,1390000,2026-03-03T03:46:55Z
NEE,2008-08-25,8.95,9.11,8.88,9.07,7082198,60.52,61.63,60.09,61.33,1047000,2026-03-03T03:46:55Z
NEE,2008-08-26,8.99,9.02,8.88,8.96,10119393,60.83,60.99,60.04,60.61,1496000,2026-03-03T03:46:55Z
NEE,2008-08-27,9.04,9.08,8.97,9.04,6737630,60.73,60.98,60.25,60.68,1003400,2026-03-03T03:46:55Z
NEE,2008-08-28,9.11,9.11,8.99,9.08,6781313,61.15,61.15,60.37,60.97,1009900,2026-03-03T03:46:55Z
NEE,2008-08-29,8.94,9.14,8.93,9.08,7299005,60.06,61.35,59.99,60.98,1087000,2026-03-03T03:46:55Z
NEE,2008-09-02,8.79,9.06,8.74,9.04,13978137,59,60.81,58.67,60.67,2081700,2026-03-03T03:46:55Z
NEE,2008-09-03,8.47,8.79,8.38,8.76,32128870,56.85,59,56.3,58.8,4784800,2026-03-03T03:46:55Z
NEE,2008-09-04,8.4,8.53,8.35,8.42,17674605,56.4,57.3,56.09,56.56,2632200,2026-03-03T03:46:55Z
NEE,2008-09-05,8.2,8.39,8.07,8.38,25306731,55.06,56.35,54.22,56.25,3768800,2026-03-03T03:46:55Z
NEE,2008-09-08,8.33,8.49,8.28,8.34,25087753,55.92,57.01,55.61,55.99,3736200,2026-03-03T03:46:55Z
NEE,2008-09-09,8.06,8.46,8.06,8.37,22935005,54.15,56.81,54.13,56.17,3415600,2026-03-03T03:46:55Z
NEE,2008-09-10,8.16,8.19,7.99,8.1,19133817,54.78,55,53.66,54.42,2849500,2026-03-03T03:46:55Z
NEE,2008-09-11,8.25,8.26,7.98,8.15,14367656,55.43,55.47,53.55,54.75,2139700,2026-03-03T03:46:55Z
NEE,2008-09-12,8.34,8.38,8.16,8.25,15209037,55.98,56.27,54.83,55.37,2265000,2026-03-03T03:46:55Z
NEE,2008-09-15,7.96,8.28,7.95,8.17,21402158,53.45,55.59,53.4,54.84,3187300,2026-03-03T03:46:55Z
NEE,2008-09-16,7.89,7.96,7.63,7.93,37218333,52.97,53.44,51.21,53.25,5542700,2026-03-03T03:46:55Z
NEE,2008-09-17,7.45,7.8,7.45,7.77,31154056,50.02,52.36,50,52.16,4639600,2026-03-03T03:46:55Z
NEE,2008-09-18,7.84,7.94,7.44,7.53,30849133,52.64,53.3,49.95,50.57,4594200,2026-03-03T03:46:55Z
NEE,2008-09-19,8.34,8.52,8.13,8.19,37615052,55.97,57.21,54.6,54.99,5601800,2026-03-03T03:46:55Z
NEE,2008-09-22,7.98,8.34,7.92,8.27,16108739,53.6,55.98,53.21,55.51,2399000,2026-03-03T03:46:55Z
NEE,2008-09-23,7.93,8.11,7.89,7.98,15313857,53.25,54.46,53,53.61,2280600,2026-03-03T03:46:55Z
NEE,2008-09-24,8,8.03,7.8,7.97,12537884,53.75,53.91,52.38,53.5,1867200,2026-03-03T03:46:55Z
NEE,2008-09-25,8.26,8.3,8.04,8.04,14517359,55.45,55.75,53.98,53.98,2162000,2026-03-03T03:46:55Z
NEE,2008-09-26,8.24,8.27,8.04,8.15,12948176,55.32,55.5,54,54.73,1928300,2026-03-03T03:46:55Z
NEE,2008-09-29,7.69,8.16,7.43,8.16,37603585,51.61,54.78,49.87,54.78,5600100,2026-03-03T03:46:55Z
NEE,2008-09-30,7.49,7.8,7.41,7.78,39895395,50.3,52.35,49.74,52.25,5941400,2026-03-03T03:46:55Z
NEE,2008-10-01,7.47,7.6,7.27,7.48,30085796,50.19,51.06,48.82,50.22,4480500,2026-03-03T03:46:55Z
NEE,2008-10-02,7.2,7.52,7.19,7.49,32116992,48.34,50.49,48.25,50.27,4783000,2026-03-03T03:46:55Z
NEE,2008-10-03,7.21,7.43,7.08,7.41,26284263,48.4,49.89,47.54,49.74,3914400,2026-03-03T03:46:55Z
NEE,2008-10-06,6.69,7.2,6.54,7.07,32030374,44.9,48.34,43.93,47.48,4770100,2026-03-03T03:46:55Z
NEE,2008-10-07,6.48,6.78,6.4,6.74,34409578,43.48,45.49,43,45.25,5124400,2026-03-03T03:46:55Z
NEE,2008-10-08,6.14,6.54,6.07,6.35,38729247,41.25,43.88,40.74,42.64,5767700,2026-03-03T03:46:55Z
NEE,2008-10-09,5.82,6.37,5.82,6.35,33499224,39.1,42.75,39.1,42.66,4988900,2026-03-03T03:46:55Z
NEE,2008-10-10,5.52,5.86,5.04,5.51,51279871,37.08,39.34,33.81,37.01,7636800,2026-03-03T03:46:55Z
NEE,2008-10-13,6.29,6.37,5.78,6.01,40166408,42.25,42.76,38.8,40.35,5981800,2026-03-03T03:46:55Z
NEE,2008-10-14,6.33,7.08,5.99,7.03,61728718,42.48,47.52,40.21,47.19,9192900,2026-03-03T03:46:55Z
NEE,2008-10-15,5.58,6.23,5.55,6.19,61892884,37.49,41.8,37.29,41.53,9217400,2026-03-03T03:46:55Z
NEE,2008-10-16,6.04,6.13,5.38,5.57,55125614,40.57,41.15,36.12,37.43,8209600,2026-03-03T03:46:55Z
NEE,2008-10-17,6.23,6.55,5.77,5.94,43036725,41.82,44,38.72,39.86,6409200,2026-03-03T03:46:55Z
NEE,2008-10-20,6.93,6.94,6.24,6.26,24780858,46.53,46.57,41.93,42.03,3690500,2026-03-03T03:46:55Z
NEE,2008-10-21,6.5,6.86,6.43,6.82,19275635,43.67,46.04,43.17,45.8,2870600,2026-03-03T03:46:55Z
NEE,2008-10-22,6.15,6.43,5.96,6.43,26453015,41.28,43.17,40.05,43.17,3939500,2026-03-03T03:46:55Z
NEE,2008-10-23,6.69,6.77,6.09,6.16,46765378,44.9,45.45,40.91,41.39,6964500,2026-03-03T03:46:55Z
NEE,2008-10-24,6.43,6.69,6.07,6.21,34588203,43.2,44.89,40.76,41.7,5151000,2026-03-03T03:46:55Z
NEE,2008-10-27,6.06,6.36,6.05,6.16,41178234,40.68,42.69,40.61,41.35,6132500,2026-03-03T03:46:55Z
NEE,2008-10-28,6.72,6.78,6.05,6.18,28598851,45.14,45.49,40.65,41.5,4259100,2026-03-03T03:46:55Z
NEE,2008-10-29,6.73,7.12,6.63,6.72,27337290,45.2,47.82,44.51,45.15,4071200,2026-03-03T03:46:55Z
NEE,2008-10-30,7.04,7.26,6.75,7,28726082,47.3,48.75,45.35,47,4278000,2026-03-03T03:46:55Z
NEE,2008-10-31,7.04,7.17,6.89,6.98,26567800,47.24,48.14,46.29,46.86,3956600,2026-03-03T03:46:55Z
NEE,2008-11-03,6.94,7.04,6.73,7.04,19777145,46.58,47.24,45.19,47.24,2945300,2026-03-03T03:46:55Z
NEE,2008-11-04,7.05,7.22,6.81,6.98,22629575,47.33,48.47,45.71,46.85,3370100,2026-03-03T03:46:55Z
NEE,2008-11-05,6.85,7.16,6.82,6.97,13376476,45.98,48.08,45.81,46.79,1992100,2026-03-03T03:46:55Z
NEE,2008-11-06,6.5,7,6.4,6.76,20972929,43.64,46.99,42.95,45.36,3123400,2026-03-03T03:46:55Z
NEE,2008-11-07,6.99,7,6.4,6.46,17302818,46.92,47.03,43,43.4,2576800,2026-03-03T03:46:55Z
NEE,2008-11-10,6.77,7.14,6.61,7.14,18297125,45.49,47.92,44.35,47.92,2724900,2026-03-03T03:46:55Z
NEE,2008-11-11,6.61,6.75,6.4,6.67,18340752,44.38,45.3,43,44.78,2731400,2026-03-03T03:46:55Z
NEE,2008-11-12,6.45,6.59,6.37,6.48,18827782,43.29,44.22,42.76,43.48,2803900,2026-03-03T03:46:55Z
NEE,2008-11-13,7.15,7.18,6.34,6.45,28895310,48.04,48.23,42.56,43.32,4303200,2026-03-03T03:46:55Z
NEE,2008-11-14,7.04,7.38,6.75,7.08,30783509,47.3,49.55,45.33,47.55,4584400,2026-03-03T03:46:55Z
NEE,2008-11-17,6.8,7.21,6.79,6.88,23637568,45.63,48.4,45.6,46.22,3520200,2026-03-03T03:46:55Z
NEE,2008-11-18,6.94,7,6.64,6.78,21303930,46.63,46.98,44.58,45.54,3172700,2026-03-03T03:46:55Z
NEE,2008-11-19,6.65,7.15,6.64,6.81,21559778,44.67,48,44.6,45.75,3210800,2026-03-03T03:46:55Z
NEE,2008-11-20,6.4,6.82,6.34,6.57,38093521,43,45.78,42.54,44.08,5673100,2026-03-03T03:46:55Z
NEE,2008-11-21,7.2,7.22,6.4,6.47,44466021,48.37,48.5,42.96,43.47,6622100,2026-03-03T03:46:55Z
NEE,2008-11-24,7.2,7.41,6.93,7.24,28582895,48.36,49.73,46.51,48.63,4256700,2026-03-03T03:46:55Z
NEE,2008-11-25,7.21,7.46,7.05,7.35,22275515,47.97,49.61,46.88,48.91,3348200,2026-03-03T03:46:55Z
NEE,2008-11-26,7.28,7.32,6.94,7.04,15415734,48.46,48.68,46.2,46.84,2317100,2026-03-03T03:46:55Z
NEE,2008-11-28,7.33,7.43,7.23,7.26,8531835,48.76,49.42,48.07,48.3,1282400,2026-03-03T03:46:55Z
NEE,2008-12-01,6.81,7.24,6.8,7.24,19204049,45.3,48.14,45.27,48.14,2886500,2026-03-03T03:46:55Z
NEE,2008-12-02,6.88,6.99,6.66,6.97,25004004,45.79,46.5,44.32,46.35,3758300,2026-03-03T03:46:55Z
NEE,2008-12-03,7.05,7.07,6.69,6.76,18906648,46.92,47.04,44.5,44.95,2841800,2026-03-03T03:46:55Z
NEE,2008-12-04,6.7,7.12,6.6,7,17333821,44.58,47.39,43.88,46.55,2605400,2026-03-03T03:46:55Z
NEE,2008-12-05,6.97,6.99,6.47,6.62,23124436,46.35,46.51,43.02,44.07,3475800,2026-03-03T03:46:55Z
NEE,2008-12-08,6.89,7.13,6.79,7.13,19417497,45.82,47.43,45.16,47.43,2918600,2026-03-03T03:46:55Z
NEE,2008-12-09,6.83,6.93,6.77,6.82,15438948,45.43,46.07,45.06,45.4,2320600,2026-03-03T03:46:55Z
NEE,2008-12-10,6.81,6.93,6.65,6.91,23584108,45.33,46.11,44.26,45.95,3544900,2026-03-03T03:46:55Z
NEE,2008-12-11,6.86,7.07,6.74,6.76,16692308,45.67,47.04,44.84,44.99,2509000,2026-03-03T03:46:55Z
NEE,2008-12-12,6.96,6.99,6.64,6.73,14972713,46.29,46.49,44.2,44.74,2250500,2026-03-03T03:46:55Z
NEE,2008-12-15,6.82,7.05,6.73,6.96,15583941,45.37,46.91,44.76,46.31,2342400,2026-03-03T03:46:55Z
NEE,2008-12-16,7.21,7.24,6.88,6.9,17963068,47.99,48.15,45.8,45.87,2700000,2026-03-03T03:46:55Z
NEE,2008-12-17,7.12,7.2,6.98,7.15,14071734,47.34,47.89,46.45,47.56,2115100,2026-03-03T03:46:55Z
NEE,2008-12-18,7.56,7.62,7.12,7.16,40581984,50.31,50.69,47.39,47.63,6099800,2026-03-03T03:46:55Z
NEE,2008-12-19,7.57,7.77,7.51,7.51,29872076,50.39,51.69,49.95,49.95,4490000,2026-03-03T03:46:55Z
NEE,2008-12-22,7.66,7.8,7.52,7.56,18731503,50.93,51.87,50.05,50.3,2815500,2026-03-03T03:46:55Z
NEE,2008-12-23,7.46,7.75,7.44,7.69,11756499,49.62,51.59,49.52,51.14,1767100,2026-03-03T03:46:55Z
NEE,2008-12-24,7.54,7.61,7.46,7.46,3937274,50.16,50.6,49.65,49.65,591800,2026-03-03T03:46:55Z
NEE,2008-12-26,7.52,7.63,7.48,7.54,4722305,50.01,50.75,49.79,50.19,709800,2026-03-03T03:46:55Z
NEE,2008-12-29,7.38,7.46,7.23,7.38,12155087,49.12,49.6,48.09,49.07,1827000,2026-03-03T03:46:55Z
NEE,2008-12-30,7.45,7.47,7.33,7.41,14429647,49.58,49.7,48.75,49.32,2168900,2026-03-03T03:46:55Z
NEE,2008-12-31,7.57,7.62,7.37,7.47,13397826,50.33,50.71,49,49.7,2013800,2026-03-03T03:46:55Z
NEE,2009-01-02,7.76,7.81,7.53,7.55,12124455,51.66,51.98,50.11,50.26,1822400,2026-03-03T03:46:55Z
NEE,2009-01-05,7.81,7.91,7.7,7.75,16518742,51.94,52.63,51.25,51.53,2482900,2026-03-03T03:46:55Z
NEE,2009-01-06,7.7,8.01,7.64,7.82,17289769,51.21,53.31,50.82,52.05,2598800,2026-03-03T03:46:55Z
NEE,2009-01-07,7.61,7.63,7.46,7.63,30327728,50.65,50.77,49.6,50.77,4558500,2026-03-03T03:46:55Z
NEE,2009-01-08,7.68,7.7,7.57,7.62,15514222,51.1,51.2,50.37,50.66,2331900,2026-03-03T03:46:55Z
NEE,2009-01-09,7.52,7.72,7.49,7.69,14550135,50.02,51.35,49.8,51.17,2187000,2026-03-03T03:46:55Z
NEE,2009-01-12,7.47,7.59,7.44,7.54,14931369,49.72,50.52,49.5,50.15,2244300,2026-03-03T03:46:55Z
NEE,2009-01-13,7.4,7.53,7.36,7.45,14528107,49.25,50.1,48.95,49.58,2183700,2026-03-03T03:46:55Z
NEE,2009-01-14,7.26,7.39,7.08,7.32,16166772,48.33,49.16,47.1,48.71,2430000,2026-03-03T03:46:55Z
NEE,2009-01-15,7.28,7.31,7.08,7.24,16086345,48.44,48.66,47.1,48.18,2417900,2026-03-03T03:46:55Z
NEE,2009-01-16,7.49,7.55,7.33,7.41,20088213,49.83,50.2,48.74,49.29,3019400,2026-03-03T03:46:55Z
NEE,2009-01-20,7.49,7.64,7.39,7.47,20808047,49.8,50.8,49.15,49.67,3127600,2026-03-03T03:46:55Z
NEE,2009-01-21,7.37,7.61,7.17,7.61,25820297,49.01,50.62,47.67,50.62,3881000,2026-03-03T03:46:55Z
NEE,2009-01-22,7.31,7.36,7.13,7.3,17235240,48.65,48.96,47.43,48.58,2590600,2026-03-03T03:46:55Z
NEE,2009-01-23,7.21,7.23,7.03,7.18,18799316,47.95,48.07,46.75,47.75,2825700,2026-03-03T03:46:55Z
NEE,2009-01-26,7.36,7.44,7.22,7.24,22163741,48.94,49.48,48.04,48.15,3331400,2026-03-03T03:46:55Z
NEE,2009-01-27,7.63,7.76,7.38,7.41,24052074,50.78,51.62,49.09,49.31,3615200,2026-03-03T03:46:55Z
NEE,2009-01-28,7.74,7.86,7.6,7.76,17663192,51.48,52.26,50.56,51.61,2654900,2026-03-03T03:46:55Z
NEE,2009-01-29,7.69,7.91,7.6,7.68,13691327,51.17,52.63,50.58,51.06,2057900,2026-03-03T03:46:55Z
NEE,2009-01-30,7.75,7.85,7.69,7.71,26778269,51.55,52.25,51.14,51.3,4025000,2026-03-03T03:46:55Z
NEE,2009-02-02,7.64,7.72,7.48,7.67,21403287,50.86,51.38,49.75,51.03,3217100,2026-03-03T03:46:55Z
NEE,2009-02-03,7.85,7.91,7.62,7.65,19026213,52.2,52.63,50.66,50.9,2859800,2026-03-03T03:46:55Z
NEE,2009-02-04,7.96,8.12,7.9,7.9,26029249,52.95,53.99,52.53,52.53,3912400,2026-03-03T03:46:55Z
NEE,2009-02-05,7.92,8,7.84,7.94,25243610,52.71,53.25,52.14,52.79,3794300,2026-03-03T03:46:55Z
NEE,2009-02-06,7.87,7.95,7.77,7.95,22165894,52.36,52.89,51.71,52.89,3331700,2026-03-03T03:46:55Z
NEE,2009-02-09,7.83,7.92,7.73,7.86,20040937,52.06,52.66,51.4,52.28,3012300,2026-03-03T03:46:55Z
NEE,2009-02-10,7.59,7.83,7.49,7.76,20450828,50.51,52.06,49.81,51.65,3073900,2026-03-03T03:46:55Z
NEE,2009-02-11,7.64,7.67,7.49,7.61,15533545,50.82,51,49.86,50.63,2334800,2026-03-03T03:46:55Z
NEE,2009-02-12,7.61,7.62,7.39,7.59,16062997,50.62,50.68,49.14,50.5,2414400,2026-03-03T03:46:55Z
NEE,2009-02-13,7.65,7.73,7.57,7.57,16474130,50.91,51.44,50.35,50.35,2476200,2026-03-03T03:46:55Z
NEE,2009-02-17,7.34,7.51,7.31,7.48,16971230,48.81,49.99,48.63,49.78,2550900,2026-03-03T03:46:55Z
NEE,2009-02-18,7.27,7.38,7.22,7.37,15868765,48.4,49.1,48.05,49.05,2385200,2026-03-03T03:46:55Z
NEE,2009-02-19,7.5,7.57,7.29,7.29,26295221,49.89,50.33,48.51,48.51,3952400,2026-03-03T03:46:55Z
NEE,2009-02-20,7.36,7.47,7.27,7.33,26775649,48.99,49.72,48.34,48.75,4024600,2026-03-03T03:46:55Z
NEE,2009-02-23,7.2,7.51,7.16,7.37,17905343,47.87,49.95,47.65,49.03,2691300,2026-03-03T03:46:55Z
NEE,2009-02-24,7.38,7.4,7.21,7.24,18096231,49.1,49.25,47.94,48.18,2720000,2026-03-03T03:46:55Z
NEE,2009-02-25,7.2,7.4,7.19,7.35,27007437,47.42,48.75,47.4,48.45,4098900,2026-03-03T03:46:55Z
NEE,2009-02-26,6.98,7.27,6.96,7.26,16267534,45.97,47.91,45.87,47.81,2468900,2026-03-03T03:46:55Z
NEE,2009-02-27,6.88,6.99,6.74,6.86,18810134,45.33,46.05,44.4,45.22,2854800,2026-03-03T03:46:55Z
NEE,2009-03-02,6.74,7.02,6.69,6.77,23900416,44.42,46.27,44.11,44.6,3627300,2026-03-03T03:46:55Z
NEE,2009-03-03,6.57,6.93,6.55,6.85,21960338,43.3,45.66,43.16,45.1,3332900,2026-03-03T03:46:55Z
NEE,2009-03-04,6.77,6.87,6.64,6.67,17707917,44.62,45.25,43.73,43.95,2687500,2026-03-03T03:46:55Z
NEE,2009-03-05,6.51,6.7,6.45,6.64,19262936,42.87,44.12,42.5,43.78,2923500,2026-03-03T03:46:55Z
NEE,2009-03-06,6.5,6.77,6.35,6.5,21427460,42.82,44.6,41.81,42.84,3252000,2026-03-03T03:46:55Z
NEE,2009-03-09,6.34,6.5,6.3,6.48,14804756,41.78,42.84,41.48,42.68,2246900,2026-03-03T03:46:55Z
NEE,2009-03-10,6.59,6.62,6.39,6.44,19504204,43.4,43.6,42.12,42.43,2960100,2026-03-03T03:46:55Z
NEE,2009-03-11,6.64,6.73,6.57,6.66,16270148,43.76,44.36,43.29,43.87,2469300,2026-03-03T03:46:55Z
NEE,2009-03-12,6.76,6.8,6.56,6.64,12404362,44.54,44.83,43.25,43.77,1882600,2026-03-03T03:46:55Z
NEE,2009-03-13,6.86,6.92,6.8,6.8,12179828,45.21,45.57,44.82,44.82,1848500,2026-03-03T03:46:55Z
NEE,2009-03-16,7.08,7.19,6.93,6.93,13318970,46.65,47.39,45.66,45.66,2021400,2026-03-03T03:46:55Z
NEE,2009-03-17,7.31,7.31,7.04,7.1,19440197,48.19,48.19,46.35,46.78,2950400,2026-03-03T03:46:55Z
NEE,2009-03-18,7.58,7.59,7.15,7.25,23329615,49.93,49.99,47.13,47.79,3540700,2026-03-03T03:46:55Z
NEE,2009-03-19,7.57,7.66,7.45,7.57,20599043,49.91,50.5,49.08,49.89,3126300,2026-03-03T03:46:55Z
NEE,2009-03-20,7.49,7.71,7.48,7.58,18178284,49.35,50.79,49.25,49.96,2758900,2026-03-03T03:46:55Z
NEE,2009-03-23,7.73,7.74,7.51,7.62,15622512,50.9,50.98,49.51,50.23,2371000,2026-03-03T03:46:55Z
NEE,2009-03-24,7.76,7.84,7.59,7.65,21775843,51.1,51.65,50.02,50.42,3304900,2026-03-03T03:46:55Z
NEE,2009-03-25,7.85,7.93,7.74,7.76,21260580,51.72,52.23,51,51.14,3226700,2026-03-03T03:46:55Z
NEE,2009-03-26,7.86,7.93,7.74,7.9,18504628,51.77,52.25,51.01,52.05,2808400,2026-03-03T03:46:55Z
NEE,2009-03-27,7.66,7.79,7.61,7.78,16059969,50.49,51.35,50.11,51.24,2437400,2026-03-03T03:46:55Z
NEE,2009-03-30,7.51,7.59,7.42,7.53,15434079,49.49,50,48.86,49.63,2342400,2026-03-03T03:46:55Z
NEE,2009-03-31,7.7,7.83,7.51,7.55,20437088,50.73,51.58,49.47,49.73,3101700,2026-03-03T03:46:55Z
NEE,2009-04-01,7.77,7.85,7.59,7.62,19271442,51.17,51.71,50.01,50.19,2924800,2026-03-03T03:46:55Z
NEE,2009-04-02,7.81,7.93,7.64,7.86,22668233,51.43,52.25,50.32,51.76,3440300,2026-03-03T03:46:55Z
NEE,2009-04-03,8.02,8.09,7.74,7.8,25681877,52.87,53.33,51,51.38,3897700,2026-03-03T03:46:55Z
NEE,2009-04-06,7.83,8.02,7.78,7.97,13907337,51.56,52.87,51.25,52.5,2110700,2026-03-03T03:46:55Z
NEE,2009-04-07,7.86,7.93,7.71,7.74,13160896,51.76,52.22,50.8,51.01,1997400,2026-03-03T03:46:55Z
NEE,2009-04-08,7.99,8.07,7.86,7.87,13762506,52.62,53.19,51.79,51.86,2088700,2026-03-03T03:46:55Z
NEE,2009-04-09,7.94,8.19,7.82,8.13,13749937,52.32,53.93,51.5,53.54,2086800,2026-03-03T03:46:55Z
NEE,2009-04-13,7.68,7.95,7.65,7.93,20240829,50.58,52.35,50.42,52.24,3071900,2026-03-03T03:46:55Z
NEE,2009-04-14,7.62,7.69,7.54,7.62,16316910,50.2,50.67,49.7,50.21,2476400,2026-03-03T03:46:55Z
NEE,2009-04-15,7.67,7.71,7.57,7.63,12950610,50.54,50.78,49.89,50.27,1965500,2026-03-03T03:46:55Z
NEE,2009-04-16,7.68,7.74,7.58,7.72,12792573,50.63,50.98,49.95,50.89,1941500,2026-03-03T03:46:55Z
NEE,2009-04-17,7.74,7.78,7.63,7.76,14088667,50.98,51.25,50.27,51.11,2138200,2026-03-03T03:46:55Z
NEE,2009-04-20,7.67,7.76,7.62,7.71,10431649,50.54,51.1,50.22,50.79,1583200,2026-03-03T03:46:55Z
NEE,2009-04-21,7.73,7.78,7.62,7.62,11702058,50.9,51.24,50.19,50.19,1776000,2026-03-03T03:46:55Z
NEE,2009-04-22,7.64,7.75,7.57,7.67,13699891,50.35,51.03,49.88,50.53,2079200,2026-03-03T03:46:55Z
NEE,2009-04-23,7.68,7.68,7.54,7.67,11961617,50.6,50.6,49.71,50.53,1815400,2026-03-03T03:46:55Z
NEE,2009-04-24,7.67,7.75,7.59,7.73,13106219,50.52,51.08,50,50.96,1989100,2026-03-03T03:46:55Z
NEE,2009-04-27,7.78,7.92,7.6,7.6,15470908,51.28,52.21,50.08,50.08,2348000,2026-03-03T03:46:55Z
NEE,2009-04-28,8.24,8.31,7.94,8.27,43173527,54.27,54.75,52.34,54.52,6552400,2026-03-03T03:46:55Z
NEE,2009-04-29,8.17,8.27,8.11,8.15,21154062,53.86,54.52,53.41,53.7,3210500,2026-03-03T03:46:55Z
NEE,2009-04-30,8.16,8.27,8.1,8.23,15733885,53.79,54.48,53.34,54.22,2387900,2026-03-03T03:46:55Z
NEE,2009-05-01,8.51,8.51,8.19,8.22,17276361,56.05,56.08,53.93,54.13,2622000,2026-03-03T03:46:55Z
NEE,2009-05-04,8.74,8.74,8.45,8.51,23068593,57.6,57.6,55.69,56.05,3501100,2026-03-03T03:46:55Z
NEE,2009-05-05,8.8,8.8,8.64,8.69,19216771,57.96,58,56.9,57.28,2916500,2026-03-03T03:46:55Z
NEE,2009-05-06,8.62,8.87,8.55,8.79,19579090,56.81,58.44,56.36,57.9,2971500,2026-03-03T03:46:55Z
NEE,2009-05-07,8.55,8.72,8.54,8.69,18376751,56.34,57.44,56.28,57.28,2789000,2026-03-03T03:46:55Z
NEE,2009-05-08,8.68,8.88,8.55,8.65,22277976,57.16,58.5,56.34,56.98,3381100,2026-03-03T03:46:55Z
NEE,2009-05-11,8.67,8.73,8.56,8.65,13929767,57.11,57.54,56.39,57,2114100,2026-03-03T03:46:55Z
NEE,2009-05-12,8.78,8.8,8.62,8.69,14288250,57.86,57.99,56.77,57.28,2168500,2026-03-03T03:46:55Z
NEE,2009-05-13,8.42,8.74,8.42,8.74,20413252,55.51,57.56,55.47,57.56,3098100,2026-03-03T03:46:55Z
NEE,2009-05-14,8.35,8.48,8.26,8.44,24150049,55.04,55.89,54.4,55.6,3665200,2026-03-03T03:46:55Z
NEE,2009-05-15,8.26,8.35,8.17,8.3,17395525,54.44,55.04,53.81,54.69,2640100,2026-03-03T03:46:55Z
NEE,2009-05-18,8.25,8.41,8.13,8.34,15851060,54.38,55.4,53.57,54.96,2405700,2026-03-03T03:46:55Z
NEE,2009-05-19,8.45,8.53,8.26,8.26,15360989,55.67,56.2,54.45,54.45,2331300,2026-03-03T03:46:55Z
NEE,2009-05-20,8.18,8.3,8.14,8.22,31844115,53.92,54.66,53.66,54.15,4832900,2026-03-03T03:46:55Z
NEE,2009-05-21,8.05,8.13,7.95,8.13,19065966,53.06,53.59,52.4,53.59,2893600,2026-03-03T03:46:55Z
NEE,2009-05-22,8.12,8.2,8.02,8.09,10384936,53.51,54,52.86,53.28,1576100,2026-03-03T03:46:55Z
NEE,2009-05-26,8.34,8.37,8.04,8.14,18624489,54.98,55.14,52.96,53.65,2826600,2026-03-03T03:46:55Z
NEE,2009-05-27,8.25,8.36,8.21,8.36,13875768,54.35,55.1,54.12,55.1,2105900,2026-03-03T03:46:55Z
NEE,2009-05-28,8.42,8.51,8.26,8.31,13523251,55.48,56.05,54.44,54.73,2052400,2026-03-03T03:46:55Z
NEE,2009-05-29,8.58,8.59,8.31,8.49,16130437,56.53,56.6,54.78,55.91,2448100,2026-03-03T03:46:55Z
NEE,2009-06-01,8.83,8.86,8.63,8.65,16385531,58.2,58.37,56.89,56.99,2486800,2026-03-03T03:46:55Z
NEE,2009-06-02,8.76,8.88,8.72,8.82,12918395,57.69,58.53,57.48,58.08,1960600,2026-03-03T03:46:55Z
NEE,2009-06-03,8.54,8.78,8.46,8.78,19751472,55.8,57.36,55.27,57.36,3022400,2026-03-03T03:46:55Z
NEE,2009-06-04,8.5,8.61,8.47,8.57,20022106,55.58,56.25,55.33,56.02,3063800,2026-03-03T03:46:55Z
NEE,2009-06-05,8.43,8.62,8.38,8.59,23154984,55.08,56.33,54.74,56.13,3543200,2026-03-03T03:46:55Z
NEE,2009-06-08,8.47,8.55,8.35,8.44,12595615,55.37,55.85,54.54,55.15,1927400,2026-03-03T03:46:55Z
NEE,2009-06-09,8.42,8.52,8.38,8.52,9949621,55.05,55.65,54.74,55.65,1522500,2026-03-03T03:46:55Z
NEE,2009-06-10,8.45,8.52,8.32,8.47,21222377,55.22,55.65,54.39,55.33,3247500,2026-03-03T03:46:55Z
NEE,2009-06-11,8.65,8.75,8.44,8.48,15761792,56.52,57.2,55.18,55.41,2411900,2026-03-03T03:46:55Z
NEE,2009-06-12,8.78,8.86,8.53,8.62,11940156,57.39,57.9,55.72,56.33,1827100,2026-03-03T03:46:55Z
NEE,2009-06-15,8.64,8.86,8.54,8.8,12261653,56.49,57.9,55.83,57.49,1876300,2026-03-03T03:46:55Z
NEE,2009-06-16,8.68,8.74,8.63,8.69,14570451,56.75,57.13,56.37,56.79,2229600,2026-03-03T03:46:55Z
NEE,2009-06-17,8.68,8.74,8.61,8.69,15387288,56.71,57.12,56.28,56.78,2354600,2026-03-03T03:46:55Z
NEE,2009-06-18,8.84,8.86,8.66,8.7,13192251,57.75,57.9,56.61,56.84,2018700,2026-03-03T03:46:55Z
NEE,2009-06-19,8.73,8.95,8.7,8.89,17321700,57.05,58.47,56.84,58.12,2650600,2026-03-03T03:46:55Z
NEE,2009-06-22,8.75,8.85,8.67,8.68,15399142,57.19,57.84,56.66,56.75,2356400,2026-03-03T03:46:55Z
NEE,2009-06-23,8.71,8.81,8.57,8.77,15628547,56.93,57.57,56.02,57.34,2391500,2026-03-03T03:46:55Z
NEE,2009-06-24,8.79,9.03,8.72,8.77,17755645,57.45,59,57,57.34,2717000,2026-03-03T03:46:55Z
NEE,2009-06-25,8.8,8.83,8.68,8.75,26764974,57.5,57.72,56.71,57.18,4095600,2026-03-03T03:46:55Z
NEE,2009-06-26,8.67,8.82,8.63,8.73,21822395,56.69,57.64,56.37,57.04,3339300,2026-03-03T03:46:55Z
NEE,2009-06-29,8.82,8.87,8.6,8.71,15184793,57.62,57.94,56.23,56.92,2323600,2026-03-03T03:46:55Z
NEE,2009-06-30,8.7,8.88,8.53,8.83,17365538,56.86,58,55.74,57.73,2657300,2026-03-03T03:46:55Z
NEE,2009-07-01,8.72,8.8,8.7,8.76,12034916,56.96,57.5,56.83,57.24,1841600,2026-03-03T03:46:55Z
NEE,2009-07-02,8.46,8.64,8.46,8.61,12364912,55.3,56.47,55.3,56.24,1892100,2026-03-03T03:46:55Z
NEE,2009-07-06,8.52,8.54,8.27,8.4,15900431,55.71,55.79,54.02,54.88,2433100,2026-03-03T03:46:55Z
NEE,2009-07-07,8.33,8.53,8.31,8.53,13282479,54.45,55.76,54.3,55.72,2032500,2026-03-03T03:46:55Z
NEE,2009-07-08,8.28,8.43,8.22,8.38,12014628,54.14,55.08,53.72,54.76,1838500,2026-03-03T03:46:55Z
NEE,2009-07-09,8.34,8.39,8.22,8.31,11253947,54.47,54.82,53.69,54.27,1722100,2026-03-03T03:46:55Z
NEE,2009-07-10,8.31,8.35,8.21,8.31,11264386,54.3,54.55,53.68,54.29,1723700,2026-03-03T03:46:55Z
NEE,2009-07-13,8.45,8.47,8.21,8.34,10607707,55.25,55.36,53.66,54.5,1623200,2026-03-03T03:46:55Z
NEE,2009-07-14,8.61,8.62,8.43,8.45,12386478,56.26,56.3,55.06,55.21,1895400,2026-03-03T03:46:55Z
NEE,2009-07-15,8.79,8.79,8.62,8.62,15773536,57.41,57.44,56.34,56.34,2413700,2026-03-03T03:46:55Z
NEE,2009-07-16,8.78,8.8,8.65,8.75,11730434,57.37,57.52,56.55,57.19,1795000,2026-03-03T03:46:55Z
NEE,2009-07-17,8.69,8.78,8.63,8.73,11918559,56.82,57.37,56.37,57.05,1823800,2026-03-03T03:46:55Z
NEE,2009-07-20,8.88,8.9,8.71,8.74,12362965,58.05,58.15,56.9,57.1,1891800,2026-03-03T03:46:55Z
NEE,2009-07-21,8.99,8.99,8.84,8.95,14818215,58.72,58.73,57.76,58.49,2267500,2026-03-03T03:46:55Z
NEE,2009-07-22,8.95,9.03,8.88,8.93,12983850,58.46,58.98,58.04,58.34,1986800,2026-03-03T03:46:55Z
NEE,2009-07-23,9.16,9.18,8.9,8.93,14913600,59.84,60,58.15,58.37,2282100,2026-03-03T03:46:55Z
NEE,2009-07-24,9.19,9.28,9.09,9.09,21037660,60.05,60.61,59.43,59.43,3219200,2026-03-03T03:46:55Z
NEE,2009-07-27,9.19,9.23,9.11,9.15,15920658,60.04,60.29,59.55,59.81,2436200,2026-03-03T03:46:55Z
NEE,2009-07-28,8.74,9.12,8.52,9.12,43629805,57.09,59.59,55.66,59.59,6676300,2026-03-03T03:46:55Z
NEE,2009-07-29,8.76,8.77,8.48,8.67,19667781,57.25,57.28,55.44,56.66,3009600,2026-03-03T03:46:55Z
NEE,2009-07-30,8.8,8.86,8.69,8.77,14490703,57.54,57.91,56.81,57.33,2217400,2026-03-03T03:46:55Z
NEE,2009-07-31,8.67,8.85,8.65,8.78,18488312,56.67,57.8,56.56,57.35,2829100,2026-03-03T03:46:55Z
NEE,2009-08-03,8.72,8.74,8.62,8.71,12861525,57.01,57.14,56.34,56.9,1968100,2026-03-03T03:46:55Z
NEE,2009-08-04,8.63,8.76,8.59,8.7,13342635,56.41,57.23,56.16,56.82,2041700,2026-03-03T03:46:55Z
NEE,2009-08-05,8.64,8.68,8.51,8.63,16325856,56.47,56.7,55.58,56.41,2498200,2026-03-03T03:46:55Z
NEE,2009-08-06,8.72,8.75,8.6,8.65,13020385,56.99,57.2,56.2,56.51,1992400,2026-03-03T03:46:55Z
NEE,2009-08-07,8.69,8.8,8.66,8.79,11445425,56.82,57.49,56.61,57.43,1751400,2026-03-03T03:46:55Z
NEE,2009-08-10,8.76,8.77,8.62,8.68,6426511,57.24,57.31,56.33,56.72,983400,2026-03-03T03:46:55Z
NEE,2009-08-11,8.8,8.83,8.69,8.74,9034652,57.48,57.73,56.76,57.15,1382500,2026-03-03T03:46:55Z
NEE,2009-08-12,8.86,8.94,8.74,8.8,10650735,57.87,58.42,57.13,57.49,1629800,2026-03-03T03:46:55Z
NEE,2009-08-13,8.73,8.86,8.61,8.86,15627827,57.05,57.87,56.27,57.87,2391400,2026-03-03T03:46:55Z
NEE,2009-08-14,8.69,8.75,8.61,8.75,10104440,56.82,57.16,56.28,57.16,1546200,2026-03-03T03:46:55Z
NEE,2009-08-17,8.63,8.66,8.59,8.6,11007568,56.42,56.62,56.1,56.19,1684400,2026-03-03T03:46:55Z
NEE,2009-08-18,8.72,8.72,8.59,8.64,11946735,56.97,57.01,56.15,56.43,1828100,2026-03-03T03:46:55Z
NEE,2009-08-19,8.75,8.75,8.65,8.68,15888687,57.17,57.19,56.5,56.73,2431300,2026-03-03T03:46:55Z
NEE,2009-08-20,8.77,8.8,8.7,8.74,12743237,57.34,57.53,56.88,57.08,1950000,2026-03-03T03:46:55Z
NEE,2009-08-21,8.88,8.92,8.77,8.81,17415273,58.03,58.3,57.29,57.58,2664900,2026-03-03T03:46:55Z
NEE,2009-08-24,8.9,8.94,8.83,8.92,9285581,58.17,58.44,57.7,58.32,1420900,2026-03-03T03:46:55Z
NEE,2009-08-25,8.85,8.95,8.84,8.94,13051111,57.82,58.5,57.77,58.45,1997100,2026-03-03T03:46:55Z
NEE,2009-08-26,8.71,8.87,8.69,8.85,19936749,56.48,57.49,56.32,57.38,3075900,2026-03-03T03:46:55Z
NEE,2009-08-27,8.7,8.73,8.64,8.7,16100342,56.37,56.56,56.01,56.41,2484000,2026-03-03T03:46:55Z
NEE,2009-08-28,8.7,8.78,8.62,8.76,12145946,56.4,56.92,55.87,56.77,1873900,2026-03-03T03:46:55Z
NEE,2009-08-31,8.67,8.7,8.63,8.66,10205943,56.18,56.39,55.92,56.16,1574600,2026-03-03T03:46:55Z
NEE,2009-09-01,8.64,8.72,8.57,8.66,15647980,55.98,56.54,55.56,56.11,2414200,2026-03-03T03:46:55Z
NEE,2009-09-02,8.56,8.62,8.51,8.6,14519555,55.47,55.84,55.14,55.75,2240100,2026-03-03T03:46:55Z
NEE,2009-09-03,8.55,8.63,8.49,8.57,14428139,55.42,55.94,55,55.57,2226000,2026-03-03T03:46:55Z
NEE,2009-09-04,8.51,8.59,8.46,8.55,11262449,55.13,55.65,54.86,55.43,1737600,2026-03-03T03:46:55Z
NEE,2009-09-08,8.41,8.56,8.39,8.56,20211616,54.5,55.46,54.4,55.46,3118300,2026-03-03T03:46:55Z
NEE,2009-09-09,8.34,8.45,8.31,8.42,20714627,54.06,54.79,53.85,54.6,3195900,2026-03-03T03:46:55Z
NEE,2009-09-10,8.35,8.38,8.2,8.34,28203999,54.12,54.31,53.13,54.08,4351400,2026-03-03T03:46:55Z
NEE,2009-09-11,8.24,8.37,8.23,8.32,21557779,53.42,54.27,53.37,53.94,3326000,2026-03-03T03:46:55Z
NEE,2009-09-14,8.48,8.49,8.22,8.23,20022962,54.94,55,53.3,53.31,3089200,2026-03-03T03:46:55Z
NEE,2009-09-15,8.39,8.5,8.37,8.49,17374703,54.37,55.11,54.25,55.06,2680600,2026-03-03T03:46:55Z
NEE,2009-09-16,8.51,8.59,8.33,8.4,25446117,55.15,55.68,54,54.43,3925900,2026-03-03T03:46:55Z
NEE,2009-09-17,8.48,8.58,8.45,8.51,20607060,54.95,55.61,54.78,55.13,3179300,2026-03-03T03:46:55Z
NEE,2009-09-18,8.49,8.53,8.43,8.5,22631768,55.03,55.29,54.64,55.1,3491700,2026-03-03T03:46:55Z
NEE,2009-09-21,8.48,8.53,8.39,8.46,11465990,54.97,55.29,54.35,54.85,1769000,2026-03-03T03:46:55Z
NEE,2009-09-22,8.38,8.52,8.34,8.5,17505633,54.3,55.25,54.05,55.08,2700800,2026-03-03T03:46:55Z
NEE,2009-09-23,8.31,8.41,8.29,8.39,24013735,53.87,54.51,53.73,54.36,3704900,2026-03-03T03:46:55Z
NEE,2009-09-24,8.32,8.37,8.29,8.34,16568952,53.94,54.27,53.75,54.08,2556300,2026-03-03T03:46:55Z
NEE,2009-09-25,8.39,8.45,8.31,8.33,22893136,54.39,54.74,53.89,54,3532000,2026-03-03T03:46:55Z
NEE,2009-09-28,8.48,8.55,8.39,8.4,15177941,54.96,55.39,54.37,54.45,2341700,2026-03-03T03:46:55Z
NEE,2009-09-29,8.51,8.54,8.42,8.51,11036944,55.14,55.35,54.6,55.16,1702800,2026-03-03T03:46:55Z
NEE,2009-09-30,8.52,8.54,8.46,8.5,22797202,55.23,55.33,54.81,55.1,3517200,2026-03-03T03:46:55Z
NEE,2009-10-01,8.29,8.53,8.29,8.48,22095140,53.75,55.28,53.72,54.94,3408900,2026-03-03T03:46:55Z
NEE,2009-10-02,8.21,8.27,8.14,8.27,23819458,53.23,53.61,52.75,53.61,3674900,2026-03-03T03:46:55Z
NEE,2009-10-05,8.25,8.27,8.11,8.22,20514315,53.45,53.62,52.54,53.3,3165000,2026-03-03T03:46:55Z
NEE,2009-10-06,8.31,8.39,8.24,8.29,17180140,53.89,54.38,53.38,53.72,2650600,2026-03-03T03:46:55Z
NEE,2009-10-07,8.16,8.31,8.14,8.29,24526441,52.89,53.86,52.78,53.75,3784000,2026-03-03T03:46:55Z
NEE,2009-10-08,8.18,8.27,8.15,8.19,24633949,53,53.59,52.84,53.09,3800600,2026-03-03T03:46:55Z
NEE,2009-10-09,8.19,8.22,8.16,8.19,19313273,53.1,53.28,52.91,53.1,2979700,2026-03-03T03:46:55Z
NEE,2009-10-12,8.22,8.27,8.2,8.25,12835635,53.3,53.59,53.12,53.46,1980300,2026-03-03T03:46:55Z
NEE,2009-10-13,8.18,8.22,8.12,8.2,18306711,53.01,53.27,52.61,53.15,2824400,2026-03-03T03:46:55Z
NEE,2009-10-14,8.18,8.24,8.07,8.18,23574376,52.99,53.41,52.33,53,3637100,2026-03-03T03:46:55Z
NEE,2009-10-15,8.29,8.32,8.19,8.19,24625558,53.75,53.92,53.05,53.05,3799300,2026-03-03T03:46:55Z
NEE,2009-10-16,8.25,8.31,8.2,8.29,16289625,53.5,53.88,53.12,53.72,2513200,2026-03-03T03:46:55Z
NEE,2009-10-19,8.44,8.48,8.23,8.28,18831804,54.7,54.98,53.33,53.68,2905400,2026-03-03T03:46:55Z
NEE,2009-10-20,8.25,8.45,8.22,8.45,21887843,53.48,54.75,53.29,54.75,3376900,2026-03-03T03:46:55Z
NEE,2009-10-21,8.32,8.45,8.23,8.28,23657331,53.9,54.77,53.34,53.68,3649900,2026-03-03T03:46:55Z
NEE,2009-10-22,8.26,8.32,8.17,8.27,25274328,53.56,53.9,52.95,53.57,3899400,2026-03-03T03:46:55Z
NEE,2009-10-23,8.12,8.28,8.1,8.26,19245187,52.63,53.67,52.5,53.52,2969200,2026-03-03T03:46:55Z
NEE,2009-10-26,8.04,8.23,7.99,8.15,29657458,52.13,53.34,51.79,52.8,4575600,2026-03-03T03:46:55Z
NEE,2009-10-27,7.84,8.03,7.53,7.9,52962541,50.81,52.07,48.78,51.2,8171200,2026-03-03T03:46:55Z
NEE,2009-10-28,7.73,7.85,7.71,7.8,24422205,50.12,50.89,50,50.56,3767900,2026-03-03T03:46:55Z
NEE,2009-10-29,7.73,7.84,7.69,7.77,27408200,50.09,50.84,49.87,50.34,4228600,2026-03-03T03:46:55Z
NEE,2009-10-30,7.58,7.78,7.56,7.78,28255847,49.1,50.44,49,50.4,4359400,2026-03-03T03:46:55Z
NEE,2009-11-02,7.57,7.64,7.49,7.61,21770493,49.04,49.49,48.55,49.3,3358800,2026-03-03T03:46:55Z
NEE,2009-11-03,7.59,7.62,7.53,7.53,18204368,49.21,49.37,48.78,48.83,2808600,2026-03-03T03:46:55Z
NEE,2009-11-04,7.69,7.82,7.62,7.62,22009533,49.87,50.68,49.39,49.39,3395700,2026-03-03T03:46:55Z
NEE,2009-11-05,7.75,7.81,7.69,7.75,14760604,50.23,50.64,49.84,50.24,2277300,2026-03-03T03:46:55Z
NEE,2009-11-06,7.68,7.74,7.62,7.73,16760804,49.76,50.15,49.4,50.12,2585900,2026-03-03T03:46:55Z
NEE,2009-11-09,7.84,7.84,7.69,7.74,12842061,50.84,50.84,49.83,50.14,1981300,2026-03-03T03:46:55Z
NEE,2009-11-10,7.81,7.86,7.78,7.8,10710922,50.61,50.94,50.41,50.58,1652500,2026-03-03T03:46:55Z
NEE,2009-11-11,7.91,8.05,7.89,8.02,26440339,51.27,52.15,51.13,52.01,4079300,2026-03-03T03:46:55Z
NEE,2009-11-12,7.84,7.96,7.83,7.92,18498552,50.79,51.6,50.74,51.3,2854000,2026-03-03T03:46:55Z
NEE,2009-11-13,7.89,7.95,7.79,7.88,12867314,51.14,51.5,50.5,51.08,1985200,2026-03-03T03:46:55Z
NEE,2009-11-16,8.02,8.06,7.97,7.98,14254454,51.99,52.21,51.67,51.69,2199200,2026-03-03T03:46:55Z
NEE,2009-11-17,7.95,8.05,7.91,8.03,14936923,51.54,52.16,51.27,52.06,2304500,2026-03-03T03:46:55Z
NEE,2009-11-18,7.96,7.97,7.88,7.94,14361950,51.58,51.67,51.09,51.45,2215800,2026-03-03T03:46:55Z
NEE,2009-11-19,7.85,7.95,7.8,7.95,11474417,50.86,51.54,50.56,51.5,1770300,2026-03-03T03:46:55Z
NEE,2009-11-20,7.89,7.9,7.8,7.85,12035033,51.11,51.17,50.58,50.85,1856800,2026-03-03T03:46:55Z
NEE,2009-11-23,8.02,8.06,7.92,7.92,18012485,52.01,52.24,51.34,51.34,2779000,2026-03-03T03:46:55Z
NEE,2009-11-24,8.11,8.11,7.99,8.07,16713259,52.1,52.1,51.3,51.82,2602200,2026-03-03T03:46:55Z
NEE,2009-11-25,8.17,8.2,8.09,8.12,12133150,52.48,52.65,51.96,52.14,1889100,2026-03-03T03:46:55Z
NEE,2009-11-27,8.03,8.13,8,8.08,6374601,51.58,52.21,51.35,51.88,992500,2026-03-03T03:46:55Z
NEE,2009-11-30,8.09,8.12,8.03,8.03,17969456,51.97,52.18,51.55,51.58,2797800,2026-03-03T03:46:55Z
NEE,2009-12-01,8.23,8.26,8.11,8.11,15395955,52.89,53.06,52.11,52.11,2397100,2026-03-03T03:46:55Z
NEE,2009-12-02,8.3,8.34,8.22,8.24,11902554,53.32,53.57,52.76,52.89,1853200,2026-03-03T03:46:55Z
NEE,2009-12-03,8.25,8.37,8.24,8.32,17613786,53,53.77,52.93,53.41,2742400,2026-03-03T03:46:55Z
NEE,2009-12-04,8.21,8.37,8.11,8.31,16697851,52.75,53.77,52.1,53.39,2599800,2026-03-03T03:46:55Z
NEE,2009-12-07,8.25,8.3,8.21,8.23,10700929,52.96,53.28,52.7,52.87,1666100,2026-03-03T03:46:55Z
NEE,2009-12-08,8.3,8.31,8.15,8.23,12798564,53.29,53.39,52.34,52.86,1992700,2026-03-03T03:46:55Z
NEE,2009-12-09,8.36,8.37,8.31,8.34,13429243,53.69,53.77,53.4,53.53,2090900,2026-03-03T03:46:55Z
NEE,2009-12-10,8.57,8.57,8.39,8.39,22464159,55.03,55.05,53.87,53.89,3497600,2026-03-03T03:46:55Z
NEE,2009-12-11,8.76,8.78,8.56,8.59,22572190,56.25,56.39,54.97,55.18,3514400,2026-03-03T03:46:55Z
NEE,2009-12-14,8.68,8.81,8.64,8.79,18388325,55.77,56.57,55.52,56.45,2863000,2026-03-03T03:46:55Z
NEE,2009-12-15,8.63,8.7,8.59,8.69,12359923,55.4,55.9,55.15,55.8,1924400,2026-03-03T03:46:55Z
NEE,2009-12-16,8.54,8.7,8.53,8.64,14793541,54.86,55.86,54.76,55.52,2303300,2026-03-03T03:46:55Z
NEE,2009-12-17,8.45,8.55,8.43,8.52,13631635,54.26,54.91,54.11,54.75,2122400,2026-03-03T03:46:55Z
NEE,2009-12-18,8.5,8.55,8.41,8.5,18051665,54.62,54.92,54,54.62,2810600,2026-03-03T03:46:55Z
NEE,2009-12-21,8.49,8.58,8.48,8.49,9792722,54.5,55.08,54.43,54.52,1524700,2026-03-03T03:46:55Z
NEE,2009-12-22,8.38,8.53,8.37,8.49,11020781,53.82,54.78,53.76,54.5,1715900,2026-03-03T03:46:55Z
NEE,2009-12-23,8.24,8.41,8.22,8.37,28342423,52.95,54.01,52.78,53.75,4412800,2026-03-03T03:46:55Z
NEE,2009-12-24,8.24,8.31,8.23,8.25,5767632,52.91,53.35,52.87,52.98,898000,2026-03-03T03:46:55Z
NEE,2009-12-28,8.32,8.34,8.21,8.24,9305932,53.42,53.55,52.7,52.95,1448900,2026-03-03T03:46:55Z
NEE,2009-12-29,8.31,8.36,8.3,8.31,7073964,53.39,53.71,53.28,53.38,1101400,2026-03-03T03:46:55Z
NEE,2009-12-30,8.36,8.36,8.28,8.3,6955842,53.7,53.71,53.17,53.33,1083000,2026-03-03T03:46:55Z
NEE,2009-12-31,8.22,8.39,8.22,8.37,8149819,52.82,53.87,52.77,53.78,1268900,2026-03-03T03:46:55Z
NEE,2010-01-04,8.29,8.37,8.23,8.26,16712518,53.25,53.74,52.87,53.04,2602100,2026-03-03T03:46:55Z
NEE,2010-01-05,8.21,8.32,8.14,8.3,17963101,52.73,53.42,52.26,53.3,2796800,2026-03-03T03:46:55Z
NEE,2010-01-06,8.29,8.31,8.19,8.2,21665065,53.25,53.34,52.63,52.64,3373200,2026-03-03T03:46:55Z
NEE,2010-01-07,8.27,8.28,8.2,8.28,15684971,53.1,53.2,52.65,53.19,2442100,2026-03-03T03:46:55Z
NEE,2010-01-08,8.2,8.28,8.17,8.25,14569948,52.64,53.18,52.45,52.98,2268500,2026-03-03T03:46:55Z
NEE,2010-01-11,8.19,8.37,8.08,8.22,39454014,52.6,53.75,51.9,52.77,6142900,2026-03-03T03:46:55Z
NEE,2010-01-12,7.99,8.13,7.94,8.13,36135435,51.32,52.2,51.02,52.2,5626200,2026-03-03T03:46:55Z
NEE,2010-01-13,8.02,8.06,7.88,7.97,37624981,51.5,51.75,50.58,51.19,5858100,2026-03-03T03:46:55Z
NEE,2010-01-14,7.79,7.89,7.73,7.86,51900212,50.01,50.64,49.65,50.5,8080700,2026-03-03T03:46:55Z
NEE,2010-01-15,7.87,7.88,7.69,7.74,38804775,50.55,50.63,49.41,49.71,6041800,2026-03-03T03:46:55Z
NEE,2010-01-19,7.92,7.93,7.81,7.82,22770568,50.89,50.9,50.13,50.24,3545300,2026-03-03T03:46:55Z
NEE,2010-01-20,7.78,7.88,7.69,7.88,25457897,49.98,50.58,49.38,50.58,3963700,2026-03-03T03:46:55Z
NEE,2010-01-21,7.63,7.83,7.61,7.77,29968556,49.03,50.31,48.9,49.93,4666000,2026-03-03T03:46:55Z
NEE,2010-01-22,7.5,7.65,7.49,7.63,22848388,48.14,49.11,48.12,49.02,3557400,2026-03-03T03:46:55Z
NEE,2010-01-25,7.43,7.56,7.42,7.54,34894846,47.75,48.54,47.68,48.41,5433000,2026-03-03T03:46:55Z
NEE,2010-01-26,7.66,7.72,7.49,7.55,40558940,49.22,49.57,48.11,48.5,6314900,2026-03-03T03:46:55Z
NEE,2010-01-27,7.75,7.75,7.6,7.65,28089753,49.76,49.77,48.78,49.15,4373500,2026-03-03T03:46:55Z
NEE,2010-01-28,7.63,7.76,7.61,7.76,21287527,49.01,49.82,48.87,49.82,3314400,2026-03-03T03:46:55Z
NEE,2010-01-29,7.59,7.66,7.58,7.63,37357745,48.76,49.2,48.69,48.99,5816500,2026-03-03T03:46:55Z
NEE,2010-02-01,7.67,7.67,7.56,7.58,17833913,49.23,49.29,48.54,48.65,2776700,2026-03-03T03:46:55Z
NEE,2010-02-02,7.72,7.72,7.58,7.66,16784648,49.58,49.59,48.7,49.21,2613300,2026-03-03T03:46:55Z
NEE,2010-02-03,7.69,7.7,7.64,7.68,24175903,49.4,49.48,49.09,49.3,3764100,2026-03-03T03:46:55Z
NEE,2010-02-04,7.48,7.65,7.47,7.63,29703727,48.02,49.13,47.97,49.03,4624800,2026-03-03T03:46:55Z
NEE,2010-02-05,7.38,7.47,7.28,7.46,40655457,47.4,48,46.74,47.93,6329900,2026-03-03T03:46:55Z
NEE,2010-02-08,7.3,7.68,7.3,7.38,14792900,46.89,49.3,46.87,47.39,2303200,2026-03-03T03:46:55Z
NEE,2010-02-09,7.23,7.37,7.21,7.35,47541586,46.46,47.33,46.32,47.18,7402100,2026-03-03T03:46:55Z
