ticker,tradeDate,clsPx,hiPx,loPx,open,stockVolume,unadjClsPx,unadjHiPx,unadjLoPx,unadjOpen,unadjStockVolume,updatedAt
NKE,2006-01-03,8.13,8.27,8.07,8.21,24398128,85.95,87.4,85.34,86.79,2308600,2026-03-06T03:47:15Z
NKE,2006-01-04,8.09,8.18,8.08,8.1,20914926,85.55,86.4,85.35,85.65,1979000,2026-03-06T03:47:15Z
NKE,2006-01-05,8.14,8.2,8.1,8.1,12227679,86.07,86.61,85.55,85.55,1157000,2026-03-06T03:47:15Z
NKE,2006-01-06,8.12,8.2,8.11,8.17,10005033,85.8,86.62,85.7,86.3,946700,2026-03-06T03:47:15Z
NKE,2006-01-09,8.23,8.31,8.12,8.12,13793856,87,87.82,85.76,85.8,1305200,2026-03-06T03:47:15Z
NKE,2006-01-10,8.25,8.31,8.17,8.18,15638100,87.18,87.86,86.38,86.45,1479700,2026-03-06T03:47:15Z
NKE,2006-01-11,8.26,8.33,8.23,8.26,13702945,87.3,88.06,87,87.3,1296600,2026-03-06T03:47:15Z
NKE,2006-01-12,8.17,8.34,8.14,8.34,14741747,86.31,88.16,86.01,88.16,1394900,2026-03-06T03:47:15Z
NKE,2006-01-13,8.16,8.24,8.09,8.2,12697918,86.2,87.12,85.45,86.7,1201500,2026-03-06T03:47:15Z
NKE,2006-01-17,8.06,8.14,8.05,8.14,14630835,85.2,86,85.1,86,1384400,2026-03-06T03:47:15Z
NKE,2006-01-18,8.01,8.09,7.98,8.05,12156802,84.64,85.44,84.36,85.05,1150300,2026-03-06T03:47:15Z
NKE,2006-01-19,8.01,8.04,7.95,7.97,11742488,84.7,84.96,84,84.23,1111100,2026-03-06T03:47:15Z
NKE,2006-01-20,7.97,8.1,7.93,8.05,21311035,84.2,85.63,83.83,85.1,2016500,2026-03-06T03:47:15Z
NKE,2006-01-23,7.9,7.95,7.71,7.91,50561461,83.45,84,81.47,83.6,4784200,2026-03-06T03:47:15Z
NKE,2006-01-24,7.95,8,7.87,7.98,22193683,84.02,84.52,83.13,84.31,2100000,2026-03-06T03:47:15Z
NKE,2006-01-25,7.97,8,7.94,7.95,13565640,84.26,84.54,83.9,84.06,1283600,2026-03-06T03:47:15Z
NKE,2006-01-26,7.95,8.06,7.93,8.06,21091438,83.98,85.14,83.78,85.14,1995700,2026-03-06T03:47:15Z
NKE,2006-01-27,7.87,8.01,7.86,7.97,22491474,83.15,84.63,83.08,84.23,2128200,2026-03-06T03:47:15Z
NKE,2006-01-30,7.74,7.83,7.63,7.82,104334876,81.8,82.79,80.6,82.62,9872400,2026-03-06T03:47:15Z
NKE,2006-01-31,7.66,7.76,7.65,7.74,26880601,80.95,82.05,80.88,81.8,2543500,2026-03-06T03:47:15Z
NKE,2006-02-01,7.87,7.96,7.68,7.69,46930736,83.13,84.12,81.21,81.25,4440700,2026-03-06T03:47:15Z
NKE,2006-02-02,7.89,7.94,7.85,7.87,27034878,83.35,83.91,83,83.18,2558100,2026-03-06T03:47:15Z
NKE,2006-02-03,7.92,7.93,7.83,7.84,20907540,83.69,83.82,82.74,82.9,1978300,2026-03-06T03:47:15Z
NKE,2006-02-06,7.96,8.11,7.95,8.08,25425308,84.15,85.75,84.04,85.4,2405800,2026-03-06T03:47:15Z
NKE,2006-02-07,7.9,8.01,7.87,7.98,13697750,83.46,84.7,83.21,84.3,1296100,2026-03-06T03:47:15Z
NKE,2006-02-08,7.99,8.04,7.9,7.92,24620033,84.39,84.95,83.5,83.71,2329600,2026-03-06T03:47:15Z
NKE,2006-02-09,7.94,7.99,7.91,7.93,12196917,83.89,84.44,83.59,83.8,1154100,2026-03-06T03:47:15Z
NKE,2006-02-10,7.99,8.01,7.86,8.01,13658485,84.47,84.69,83.06,84.69,1292400,2026-03-06T03:47:15Z
NKE,2006-02-13,7.97,7.98,7.87,7.96,12566910,84.28,84.35,83.16,84.15,1189100,2026-03-06T03:47:15Z
NKE,2006-02-14,7.95,8.01,7.91,7.97,15533478,84,84.64,83.61,84.28,1469800,2026-03-06T03:47:15Z
NKE,2006-02-15,7.97,8.04,7.92,7.97,12488572,84.27,85,83.75,84.25,1181700,2026-03-06T03:47:15Z
NKE,2006-02-16,8.02,8.05,7.98,8.04,8262308,84.76,85.08,84.33,84.95,781800,2026-03-06T03:47:15Z
NKE,2006-02-17,8.03,8.06,7.96,7.97,10570491,84.9,85.23,84.1,84.25,1000200,2026-03-06T03:47:15Z
NKE,2006-02-21,8.05,8.07,8,8.02,11551282,85.08,85.29,84.5,84.8,1093000,2026-03-06T03:47:15Z
NKE,2006-02-22,8.13,8.23,8.05,8.07,15899080,85.94,86.93,85.11,85.25,1504400,2026-03-06T03:47:15Z
NKE,2006-02-23,8.19,8.27,8.11,8.13,13353073,86.57,87.41,85.75,85.94,1263500,2026-03-06T03:47:15Z
NKE,2006-02-24,8.25,8.28,8.18,8.19,14549536,87.2,87.5,86.4,86.57,1376700,2026-03-06T03:47:15Z
NKE,2006-02-27,8.26,8.3,8.2,8.25,9484053,87.3,87.7,86.67,87.21,897400,2026-03-06T03:47:15Z
NKE,2006-02-28,8.21,8.31,8.2,8.21,24671843,86.78,87.83,86.62,86.8,2334500,2026-03-06T03:47:15Z
NKE,2006-03-01,8.17,8.24,8.16,8.2,14128785,86.31,87.14,86.2,86.65,1336900,2026-03-06T03:47:15Z
NKE,2006-03-02,8.14,8.17,8.08,8.11,18330744,86.05,86.39,85.35,85.75,1734500,2026-03-06T03:47:15Z
NKE,2006-03-03,8.17,8.21,8.12,8.12,11079846,86.3,86.72,85.79,85.85,1048400,2026-03-06T03:47:15Z
NKE,2006-03-06,8.22,8.33,8.16,8.19,19436387,86.92,88.04,86.25,86.5,1839100,2026-03-06T03:47:15Z
NKE,2006-03-07,8.03,8.11,7.95,8.11,32233552,84.9,85.66,84.03,85.66,3050000,2026-03-06T03:47:15Z
NKE,2006-03-08,8.04,8.05,8,8.02,26290827,85,85.08,84.5,84.75,2487700,2026-03-06T03:47:15Z
NKE,2006-03-09,8.11,8.12,8.05,8.05,15499874,85.35,85.49,84.74,84.8,1472000,2026-03-06T03:47:15Z
NKE,2006-03-10,8.07,8.14,8.05,8.11,11945030,84.99,85.75,84.79,85.35,1134400,2026-03-06T03:47:15Z
NKE,2006-03-13,8.02,8.07,8,8.07,11921889,84.45,85.03,84.26,84.99,1132200,2026-03-06T03:47:15Z
NKE,2006-03-14,8.04,8.04,8,8.02,11003696,84.62,84.64,84.19,84.4,1045000,2026-03-06T03:47:15Z
NKE,2006-03-15,8.07,8.1,8.02,8.07,15436738,85.02,85.28,84.41,85.01,1466000,2026-03-06T03:47:15Z
NKE,2006-03-16,8.17,8.21,8.07,8.07,16241154,86.02,86.47,85,85,1542400,2026-03-06T03:47:15Z
NKE,2006-03-17,8.11,8.16,8.1,8.14,14768071,85.42,85.92,85.3,85.77,1402500,2026-03-06T03:47:15Z
NKE,2006-03-20,8.12,8.19,8.06,8.07,20016096,85.51,86.22,84.9,85,1900900,2026-03-06T03:47:15Z
NKE,2006-03-21,8.07,8.12,8.04,8.12,25347389,84.95,85.52,84.69,85.52,2407200,2026-03-06T03:47:15Z
NKE,2006-03-22,8.25,8.28,8.03,8.06,51004683,86.82,87.18,84.5,84.9,4843800,2026-03-06T03:47:15Z
NKE,2006-03-23,8.17,8.27,8.17,8.24,31037580,86.01,87.1,86,86.75,2947600,2026-03-06T03:47:15Z
NKE,2006-03-24,8.16,8.24,8.12,8.18,16324344,85.96,86.74,85.51,86.11,1550300,2026-03-06T03:47:15Z
NKE,2006-03-27,8.12,8.15,8.08,8.15,10785677,85.45,85.85,85.05,85.85,1024300,2026-03-06T03:47:15Z
NKE,2006-03-28,8.09,8.15,8.05,8.1,11140558,85.2,85.84,84.78,85.3,1058000,2026-03-06T03:47:15Z
NKE,2006-03-29,8.12,8.12,8.07,8.08,8811348,85.54,85.55,85,85.1,836800,2026-03-06T03:47:15Z
NKE,2006-03-30,8.07,8.16,8.04,8.16,15625225,85,85.93,84.66,85.9,1483900,2026-03-06T03:47:15Z
NKE,2006-03-31,8.08,8.09,8.04,8.07,11236383,85.1,85.2,84.65,85,1067100,2026-03-06T03:47:15Z
NKE,2006-04-03,8.06,8.15,8.04,8.08,15507272,84.91,85.86,84.65,85.1,1472700,2026-03-06T03:47:15Z
NKE,2006-04-04,8.08,8.09,7.98,8.06,10166555,85.04,85.18,84.01,84.9,965500,2026-03-06T03:47:15Z
NKE,2006-04-05,8.03,8.09,8,8.06,10255010,84.57,85.15,84.22,84.9,973900,2026-03-06T03:47:15Z
NKE,2006-04-06,8.06,8.08,7.97,8.04,14896567,84.86,85.12,83.9,84.7,1414700,2026-03-06T03:47:15Z
NKE,2006-04-07,7.94,8.11,7.93,8.09,13727802,83.63,85.35,83.54,85.15,1303700,2026-03-06T03:47:15Z
NKE,2006-04-10,7.89,7.99,7.85,7.96,14114143,83.09,84.1,82.7,83.82,1340400,2026-03-06T03:47:15Z
NKE,2006-04-11,7.83,7.97,7.82,7.93,13204361,82.49,83.94,82.31,83.55,1254000,2026-03-06T03:47:15Z
NKE,2006-04-12,7.84,7.86,7.79,7.83,15706235,82.55,82.79,82.03,82.49,1491600,2026-03-06T03:47:15Z
NKE,2006-04-13,7.91,7.95,7.84,7.85,17792161,83.3,83.7,82.56,82.65,1689700,2026-03-06T03:47:15Z
NKE,2006-04-17,7.77,7.91,7.72,7.91,21947308,81.81,83.25,81.25,83.24,2084300,2026-03-06T03:47:15Z
NKE,2006-04-18,7.76,7.8,7.74,7.76,22620169,81.75,82.14,81.49,81.75,2148200,2026-03-06T03:47:15Z
NKE,2006-04-19,7.8,7.83,7.74,7.77,13003281,82.12,82.42,81.54,81.8,1234900,2026-03-06T03:47:15Z
NKE,2006-04-20,7.87,7.88,7.79,7.79,9799011,82.83,83,82.04,82.05,930600,2026-03-06T03:47:15Z
NKE,2006-04-21,7.88,7.9,7.84,7.89,12144002,83.02,83.15,82.52,83.1,1153300,2026-03-06T03:47:15Z
NKE,2006-04-24,7.85,7.88,7.83,7.88,15151329,82.7,83.03,82.5,83.02,1438900,2026-03-06T03:47:15Z
NKE,2006-04-25,7.79,7.87,7.76,7.84,12925364,82.02,82.83,81.7,82.6,1227500,2026-03-06T03:47:15Z
NKE,2006-04-26,7.72,7.83,7.69,7.81,16426584,81.26,82.48,80.96,82.27,1560000,2026-03-06T03:47:15Z
NKE,2006-04-27,7.77,7.78,7.63,7.63,13617184,81.84,81.94,80.36,80.36,1293200,2026-03-06T03:47:15Z
NKE,2006-04-28,7.77,7.82,7.72,7.8,8817685,81.84,82.39,81.27,82.15,837400,2026-03-06T03:47:15Z
NKE,2006-05-01,7.76,7.83,7.74,7.79,12572632,81.7,82.42,81.53,82.03,1194000,2026-03-06T03:47:15Z
NKE,2006-05-02,7.75,7.82,7.75,7.8,10099161,81.57,82.31,81.57,82.1,959100,2026-03-06T03:47:15Z
NKE,2006-05-03,7.7,7.77,7.65,7.75,15777929,81.13,81.8,80.55,81.58,1498400,2026-03-06T03:47:15Z
NKE,2006-05-04,7.69,7.78,7.69,7.73,11522842,80.96,81.9,80.95,81.35,1094300,2026-03-06T03:47:15Z
NKE,2006-05-05,7.74,7.75,7.69,7.71,8997742,81.55,81.58,80.93,81.18,854500,2026-03-06T03:47:15Z
NKE,2006-05-08,7.81,7.83,7.74,7.75,10310783,82.25,82.44,81.52,81.6,979200,2026-03-06T03:47:15Z
NKE,2006-05-09,7.81,7.87,7.8,7.82,9115666,82.2,82.85,82.14,82.35,865700,2026-03-06T03:47:15Z
NKE,2006-05-10,7.82,7.88,7.81,7.83,9629502,82.33,82.92,82.2,82.4,914500,2026-03-06T03:47:15Z
NKE,2006-05-11,7.72,7.89,7.71,7.88,11424880,81.31,83.1,81.14,82.93,1085000,2026-03-06T03:47:15Z
NKE,2006-05-12,7.74,7.78,7.69,7.69,13575084,81.5,81.91,80.93,81,1289200,2026-03-06T03:47:15Z
NKE,2006-05-15,7.75,7.76,7.69,7.69,12916961,81.64,81.69,81,81,1226700,2026-03-06T03:47:15Z
NKE,2006-05-16,7.66,7.8,7.65,7.77,16953094,80.67,82.09,80.51,81.81,1610000,2026-03-06T03:47:15Z
NKE,2006-05-17,7.63,7.68,7.58,7.6,20014980,80.3,80.9,79.79,80.06,1900800,2026-03-06T03:47:15Z
NKE,2006-05-18,7.57,7.69,7.55,7.55,15606176,79.75,80.96,79.51,79.51,1482100,2026-03-06T03:47:15Z
NKE,2006-05-19,7.47,7.56,7.39,7.56,40988442,78.7,79.65,77.78,79.6,3892600,2026-03-06T03:47:15Z
NKE,2006-05-22,7.41,7.51,7.35,7.46,30411316,77.98,79.05,77.39,78.5,2888100,2026-03-06T03:47:15Z
NKE,2006-05-23,7.5,7.74,7.47,7.47,35166397,78.99,81.5,78.7,78.7,3339700,2026-03-06T03:47:15Z
NKE,2006-05-24,7.53,7.56,7.45,7.5,17621640,79.26,79.57,78.41,79,1673500,2026-03-06T03:47:15Z
NKE,2006-05-25,7.56,7.58,7.5,7.56,7967882,79.65,79.78,78.97,79.65,756700,2026-03-06T03:47:15Z
NKE,2006-05-26,7.69,7.74,7.58,7.59,16564517,81.01,81.53,79.86,79.92,1573100,2026-03-06T03:47:15Z
NKE,2006-05-30,7.6,7.68,7.6,7.68,10154919,80,80.89,79.99,80.85,964400,2026-03-06T03:47:15Z
NKE,2006-05-31,7.63,7.66,7.6,7.6,14072142,80.31,80.61,80,80,1336400,2026-03-06T03:47:15Z
NKE,2006-06-01,7.73,7.74,7.62,7.64,14568054,81.42,81.53,80.27,80.41,1383500,2026-03-06T03:47:15Z
NKE,2006-06-02,7.77,7.8,7.7,7.73,14109962,81.79,82.16,81.07,81.38,1340000,2026-03-06T03:47:15Z
NKE,2006-06-05,7.62,7.77,7.61,7.77,19160188,80.25,81.8,80.15,81.79,1819600,2026-03-06T03:47:15Z
NKE,2006-06-06,7.62,7.67,7.59,7.64,12262971,80.2,80.72,79.9,80.5,1164600,2026-03-06T03:47:15Z
NKE,2006-06-07,7.67,7.71,7.62,7.62,24971623,80.74,81.18,80.24,80.25,2371500,2026-03-06T03:47:15Z
NKE,2006-06-08,7.69,7.72,7.55,7.68,18304938,80.65,80.98,79.15,80.6,1745100,2026-03-06T03:47:15Z
NKE,2006-06-09,7.73,7.79,7.69,7.72,8528945,81.13,81.72,80.7,80.95,813100,2026-03-06T03:47:15Z
NKE,2006-06-12,7.73,7.85,7.72,7.75,15529583,81.13,82.3,81,81.25,1480500,2026-03-06T03:47:15Z
NKE,2006-06-13,7.76,7.84,7.71,7.72,15707862,81.37,82.22,80.9,81,1497500,2026-03-06T03:47:15Z
NKE,2006-06-14,7.83,7.84,7.74,7.74,17512148,82.08,82.21,81.2,81.2,1669500,2026-03-06T03:47:15Z
NKE,2006-06-15,7.97,8.03,7.81,7.82,17707204,83.55,84.24,81.9,82.07,1688100,2026-03-06T03:47:15Z
NKE,2006-06-16,7.93,8.04,7.91,7.93,10925742,83.15,84.28,83.01,83.2,1041600,2026-03-06T03:47:15Z
NKE,2006-06-19,7.92,8.01,7.87,8.01,13639300,83.07,84.05,82.59,84,1300300,2026-03-06T03:47:15Z
NKE,2006-06-20,7.83,7.96,7.81,7.94,17509901,82.18,83.47,81.9,83.33,1669300,2026-03-06T03:47:15Z
NKE,2006-06-21,7.89,7.94,7.81,7.83,14605356,82.75,83.25,81.9,82.15,1392400,2026-03-06T03:47:15Z
NKE,2006-06-22,8,8.01,7.84,7.89,17250930,83.87,83.99,82.22,82.75,1644600,2026-03-06T03:47:15Z
NKE,2006-06-23,8.04,8.1,7.97,8,15177121,84.36,84.97,83.6,83.87,1446900,2026-03-06T03:47:15Z
NKE,2006-06-26,8.03,8.1,8.01,8.09,11122898,84.25,84.94,83.98,84.85,1060400,2026-03-06T03:47:15Z
NKE,2006-06-27,7.97,8.05,7.93,8.05,19332081,83.63,84.45,83.14,84.45,1843000,2026-03-06T03:47:15Z
NKE,2006-06-28,7.6,7.77,7.52,7.77,89540118,79.72,81.5,78.9,81.5,8536300,2026-03-06T03:47:15Z
NKE,2006-06-29,7.72,7.75,7.58,7.63,27242981,80.98,81.24,79.52,80,2597200,2026-03-06T03:47:15Z
NKE,2006-06-30,7.72,7.81,7.71,7.73,13545978,81,81.91,80.91,81.1,1291400,2026-03-06T03:47:15Z
NKE,2006-07-03,7.75,7.79,7.73,7.73,6198170,81.33,81.75,81.05,81.05,590900,2026-03-06T03:47:15Z
NKE,2006-07-05,7.63,7.71,7.59,7.7,24253755,80.05,80.9,79.65,80.75,2312200,2026-03-06T03:47:15Z
NKE,2006-07-06,7.61,7.67,7.6,7.66,20076617,79.79,80.41,79.69,80.3,1914000,2026-03-06T03:47:15Z
NKE,2006-07-07,7.54,7.62,7.53,7.58,20474367,79.08,79.9,78.95,79.51,1951900,2026-03-06T03:47:15Z
NKE,2006-07-10,7.53,7.59,7.5,7.54,12715261,78.98,79.65,78.71,79.08,1212200,2026-03-06T03:47:15Z
NKE,2006-07-11,7.49,7.54,7.46,7.51,14809958,78.59,79.12,78.24,78.75,1411900,2026-03-06T03:47:15Z
NKE,2006-07-12,7.49,7.52,7.45,7.45,24488456,78.61,78.89,78.11,78.15,2334600,2026-03-06T03:47:15Z
NKE,2006-07-13,7.51,7.54,7.44,7.49,18610374,78.76,79.11,78.07,78.61,1774200,2026-03-06T03:47:15Z
NKE,2006-07-14,7.49,7.55,7.47,7.47,25534252,78.58,79.18,78.33,78.4,2434300,2026-03-06T03:47:15Z
NKE,2006-07-17,7.52,7.54,7.44,7.44,23968166,78.89,79.1,78,78,2285000,2026-03-06T03:47:15Z
NKE,2006-07-18,7.48,7.55,7.46,7.52,34448449,78.5,79.16,78.2,78.89,3284100,2026-03-06T03:47:15Z
NKE,2006-07-19,7.51,7.57,7.5,7.52,31320491,78.8,79.44,78.66,78.9,2985900,2026-03-06T03:47:15Z
NKE,2006-07-20,7.59,7.61,7.46,7.47,25171455,79.6,79.83,78.22,78.35,2399700,2026-03-06T03:47:15Z
NKE,2006-07-21,7.63,7.66,7.54,7.59,25783880,80.06,80.3,79.07,79.6,2458100,2026-03-06T03:47:15Z
NKE,2006-07-24,7.69,7.72,7.62,7.63,18984666,80.64,80.95,79.95,80,1809900,2026-03-06T03:47:15Z
NKE,2006-07-25,7.66,7.69,7.54,7.64,18653219,80.36,80.71,79.14,80.15,1778300,2026-03-06T03:47:15Z
NKE,2006-07-26,7.63,7.64,7.54,7.63,15778252,80,80.13,79.14,80,1504200,2026-03-06T03:47:15Z
NKE,2006-07-27,7.53,7.75,7.5,7.67,15404731,78.96,81.31,78.67,80.45,1468600,2026-03-06T03:47:15Z
NKE,2006-07-28,7.62,7.65,7.5,7.55,18016625,79.9,80.25,78.65,79.18,1717600,2026-03-06T03:47:15Z
NKE,2006-07-31,7.53,7.65,7.49,7.59,18593540,79,80.25,78.59,79.62,1772600,2026-03-06T03:47:15Z
NKE,2006-08-01,7.5,7.6,7.47,7.53,23455337,78.69,79.68,78.34,79,2236100,2026-03-06T03:47:15Z
NKE,2006-08-02,7.45,7.54,7.43,7.51,34238495,78.13,79.14,77.99,78.8,3264100,2026-03-06T03:47:15Z
NKE,2006-08-03,7.45,7.47,7.34,7.4,41153154,78.15,78.34,76.95,77.65,3923300,2026-03-06T03:47:15Z
NKE,2006-08-04,7.5,7.54,7.44,7.48,23453220,78.67,79.1,78.01,78.5,2235900,2026-03-06T03:47:15Z
NKE,2006-08-07,7.43,7.46,7.34,7.46,26168087,77.92,78.28,76.98,78.27,2494700,2026-03-06T03:47:15Z
NKE,2006-08-08,7.35,7.52,7.31,7.47,21023815,77.11,78.92,76.67,78.35,2004300,2026-03-06T03:47:15Z
NKE,2006-08-09,7.33,7.41,7.31,7.37,18507505,76.88,77.69,76.69,77.26,1764400,2026-03-06T03:47:15Z
NKE,2006-08-10,7.26,7.33,7.2,7.3,27708706,76.2,76.85,75.52,76.61,2641600,2026-03-06T03:47:15Z
NKE,2006-08-11,7.29,7.32,7.27,7.29,28107274,76.51,76.81,76.25,76.45,2679600,2026-03-06T03:47:15Z
NKE,2006-08-14,7.36,7.4,7.34,7.34,17548776,77.18,77.62,76.96,77,1673000,2026-03-06T03:47:15Z
NKE,2006-08-15,7.4,7.42,7.33,7.38,27313189,77.67,77.78,76.88,77.45,2603900,2026-03-06T03:47:15Z
NKE,2006-08-16,7.41,7.43,7.29,7.43,33138034,77.75,77.99,76.5,77.97,3159200,2026-03-06T03:47:15Z
NKE,2006-08-17,7.34,7.42,7.28,7.41,26808919,76.96,77.78,76.4,77.75,2555800,2026-03-06T03:47:15Z
NKE,2006-08-18,7.31,7.34,7.27,7.33,23317000,76.71,77.03,76.28,76.86,2222900,2026-03-06T03:47:15Z
NKE,2006-08-21,7.32,7.35,7.29,7.31,12742486,76.77,77.05,76.45,76.72,1214800,2026-03-06T03:47:15Z
NKE,2006-08-22,7.33,7.4,7.32,7.34,15590357,76.85,77.64,76.8,76.95,1486300,2026-03-06T03:47:15Z
NKE,2006-08-23,7.33,7.34,7.3,7.32,15535812,76.85,77.04,76.61,76.77,1481100,2026-03-06T03:47:15Z
NKE,2006-08-24,7.33,7.35,7.28,7.32,15927083,76.84,77.09,76.4,76.77,1518400,2026-03-06T03:47:15Z
NKE,2006-08-25,7.32,7.34,7.28,7.32,16462016,76.77,76.99,76.35,76.77,1569400,2026-03-06T03:47:15Z
NKE,2006-08-28,7.42,7.43,7.33,7.33,17959989,77.85,77.97,76.89,76.92,1712200,2026-03-06T03:47:15Z
NKE,2006-08-29,7.62,7.63,7.41,7.41,32267598,79.97,80.07,77.73,77.75,3076200,2026-03-06T03:47:15Z
NKE,2006-08-30,7.6,7.67,7.55,7.61,33957187,79.76,80.44,79.22,79.85,3237300,2026-03-06T03:47:15Z
NKE,2006-08-31,7.7,7.72,7.61,7.61,19758885,80.76,80.95,79.77,79.8,1883700,2026-03-06T03:47:15Z
NKE,2006-09-01,7.74,7.76,7.7,7.7,19525040,81.14,81.37,80.74,80.76,1861400,2026-03-06T03:47:15Z
NKE,2006-09-05,7.76,7.76,7.66,7.72,18871496,81.41,81.44,80.34,81,1799100,2026-03-06T03:47:15Z
NKE,2006-09-06,7.72,7.8,7.69,7.75,15486468,80.97,81.79,80.7,81.25,1476400,2026-03-06T03:47:15Z
NKE,2006-09-07,7.71,7.75,7.64,7.75,17355106,80.59,80.97,79.86,80.97,1660900,2026-03-06T03:47:15Z
NKE,2006-09-08,7.85,7.86,7.72,7.73,21514941,82.05,82.09,80.72,80.8,2059000,2026-03-06T03:47:15Z
NKE,2006-09-11,7.89,7.91,7.84,7.85,17482522,82.42,82.62,81.91,82,1673100,2026-03-06T03:47:15Z
NKE,2006-09-12,7.99,8.03,7.81,7.89,28827236,83.45,83.95,81.57,82.42,2758800,2026-03-06T03:47:15Z
NKE,2006-09-13,7.95,7.98,7.92,7.94,39358261,83.1,83.36,82.8,83,3766600,2026-03-06T03:47:15Z
NKE,2006-09-14,7.92,7.94,7.86,7.94,24988349,82.77,82.98,82.09,82.95,2391400,2026-03-06T03:47:15Z
NKE,2006-09-15,7.94,7.97,7.9,7.92,23689557,82.97,83.28,82.54,82.8,2267100,2026-03-06T03:47:15Z
NKE,2006-09-18,7.88,7.94,7.85,7.91,26045726,82.32,82.97,82,82.61,2492600,2026-03-06T03:47:15Z
NKE,2006-09-19,7.85,7.88,7.73,7.88,32354904,82.03,82.33,80.73,82.33,3096400,2026-03-06T03:47:15Z
NKE,2006-09-20,7.9,7.93,7.83,7.89,36071738,82.6,82.85,81.81,82.5,3452100,2026-03-06T03:47:15Z
NKE,2006-09-21,7.89,8.02,7.84,7.94,37437453,82.46,83.85,81.97,82.92,3582800,2026-03-06T03:47:15Z
NKE,2006-09-22,8.26,8.31,8.12,8.24,80415415,86.36,86.86,84.84,86.15,7695800,2026-03-06T03:47:15Z
NKE,2006-09-25,8.28,8.32,8.16,8.27,36613129,86.51,86.96,85.32,86.46,3503900,2026-03-06T03:47:15Z
NKE,2006-09-26,8.46,8.49,8.2,8.23,44348809,88.39,88.73,85.69,85.95,4244200,2026-03-06T03:47:15Z
NKE,2006-09-27,8.43,8.51,8.38,8.38,39691580,88.11,88.91,87.54,87.6,3798500,2026-03-06T03:47:15Z
NKE,2006-09-28,8.45,8.47,8.4,8.43,14271530,88.3,88.53,87.79,88.1,1365800,2026-03-06T03:47:15Z
NKE,2006-09-29,8.39,8.47,8.38,8.47,14862997,87.62,88.5,87.56,88.5,1422400,2026-03-06T03:47:15Z
NKE,2006-10-02,8.37,8.42,8.32,8.32,12482664,87.48,87.97,86.91,86.97,1194600,2026-03-06T03:47:15Z
NKE,2006-10-03,8.41,8.42,8.32,8.35,14658135,87.86,87.97,86.93,87.23,1402800,2026-03-06T03:47:15Z
NKE,2006-10-04,8.55,8.57,8.39,8.39,24427122,89.3,89.57,87.7,87.7,2337700,2026-03-06T03:47:15Z
NKE,2006-10-05,8.52,8.56,8.46,8.49,17802289,89.01,89.45,88.41,88.75,1703700,2026-03-06T03:47:15Z
NKE,2006-10-06,8.44,8.49,8.36,8.49,16747958,88.15,88.74,87.4,88.74,1602800,2026-03-06T03:47:15Z
NKE,2006-10-09,8.47,8.49,8.38,8.39,10136792,88.46,88.68,87.52,87.7,970100,2026-03-06T03:47:15Z
NKE,2006-10-10,8.48,8.55,8.46,8.46,12051069,88.58,89.35,88.39,88.39,1153300,2026-03-06T03:47:15Z
NKE,2006-10-11,8.46,8.49,8.4,8.47,9293524,88.44,88.74,87.78,88.5,889400,2026-03-06T03:47:15Z
NKE,2006-10-12,8.59,8.62,8.44,8.45,20915253,89.81,90.02,88.16,88.34,2001600,2026-03-06T03:47:15Z
NKE,2006-10-13,8.57,8.62,8.55,8.56,11642525,89.6,90.03,89.3,89.5,1114200,2026-03-06T03:47:15Z
NKE,2006-10-16,8.66,8.69,8.57,8.57,16632106,90.53,90.75,89.6,89.6,1591700,2026-03-06T03:47:15Z
NKE,2006-10-17,8.59,8.64,8.54,8.61,15146136,89.75,90.33,89.28,90,1449500,2026-03-06T03:47:15Z
NKE,2006-10-18,8.52,8.6,8.44,8.6,19096943,89.01,89.9,88.21,89.83,1827600,2026-03-06T03:47:15Z
NKE,2006-10-19,8.56,8.57,8.44,8.48,9002069,89.4,89.58,88.22,88.6,861500,2026-03-06T03:47:15Z
NKE,2006-10-20,8.48,8.56,8.44,8.56,12354114,88.6,89.47,88.16,89.4,1182300,2026-03-06T03:47:15Z
NKE,2006-10-23,8.65,8.65,8.48,8.48,12458634,90.34,90.38,88.57,88.6,1192300,2026-03-06T03:47:15Z
NKE,2006-10-24,8.72,8.73,8.53,8.57,14996829,91.13,91.26,89.1,89.55,1435200,2026-03-06T03:47:15Z
NKE,2006-10-25,8.93,8.94,8.75,8.75,29350880,93.35,93.37,91.4,91.4,2808900,2026-03-06T03:47:15Z
NKE,2006-10-26,8.96,9,8.86,8.9,20997810,93.67,94.07,92.56,93.05,2009500,2026-03-06T03:47:15Z
NKE,2006-10-27,8.79,8.92,8.78,8.9,14573506,91.86,93.25,91.69,92.97,1394700,2026-03-06T03:47:15Z
NKE,2006-10-30,8.81,8.83,8.71,8.74,13659189,92.01,92.26,91.03,91.32,1307200,2026-03-06T03:47:15Z
NKE,2006-10-31,8.79,8.81,8.72,8.79,12077209,91.88,92.1,91.09,91.8,1155800,2026-03-06T03:47:15Z
NKE,2006-11-01,8.75,8.81,8.72,8.81,19449234,91.39,92.1,91.09,92.1,1861300,2026-03-06T03:47:15Z
NKE,2006-11-02,8.88,8.89,8.67,8.69,21749119,92.8,92.91,90.58,90.79,2081400,2026-03-06T03:47:15Z
NKE,2006-11-03,8.86,8.97,8.82,8.9,15404191,92.57,93.74,92.13,93,1474200,2026-03-06T03:47:15Z
NKE,2006-11-06,8.88,8.91,8.82,8.86,14997858,92.83,93.12,92.15,92.55,1435300,2026-03-06T03:47:15Z
NKE,2006-11-07,8.85,8.92,8.84,8.89,18423025,92.47,93.21,92.38,92.86,1763100,2026-03-06T03:47:15Z
NKE,2006-11-08,8.9,8.94,8.76,8.76,11689505,92.98,93.38,91.55,91.57,1118700,2026-03-06T03:47:15Z
NKE,2006-11-09,8.88,8.93,8.82,8.93,12380260,92.76,93.35,92.22,93.35,1184800,2026-03-06T03:47:15Z
NKE,2006-11-10,9,9.01,8.87,8.89,11400129,94.07,94.1,92.71,92.91,1091000,2026-03-06T03:47:15Z
NKE,2006-11-13,9.01,9.09,8.96,8.97,15671691,94.12,95,93.65,93.7,1499800,2026-03-06T03:47:15Z
NKE,2006-11-14,9.06,9.07,8.97,9.03,9424128,94.7,94.79,93.69,94.35,901900,2026-03-06T03:47:15Z
NKE,2006-11-15,9.14,9.18,9.06,9.06,17861934,95.49,95.93,94.7,94.7,1709400,2026-03-06T03:47:15Z
NKE,2006-11-16,9.11,9.18,9.06,9.17,8776336,95.23,95.9,94.68,95.84,839900,2026-03-06T03:47:15Z
NKE,2006-11-17,9.15,9.17,9.07,9.1,13121076,95.58,95.79,94.8,95.03,1255700,2026-03-06T03:47:15Z
NKE,2006-11-20,9.22,9.23,9.11,9.14,12681209,96.34,96.49,95.17,95.5,1213600,2026-03-06T03:47:15Z
NKE,2006-11-21,9.24,9.27,9.14,9.19,10219332,96.58,96.89,95.53,96,978000,2026-03-06T03:47:15Z
NKE,2006-11-22,9.29,9.29,9.2,9.22,5969638,97.03,97.04,96.13,96.35,571300,2026-03-06T03:47:15Z
NKE,2006-11-24,9.26,9.32,9.2,9.24,7070978,96.73,97.34,96.09,96.53,676700,2026-03-06T03:47:15Z
NKE,2006-11-27,9.18,9.27,9.16,9.23,11447125,95.88,96.87,95.69,96.48,1095500,2026-03-06T03:47:15Z
NKE,2006-11-28,9.19,9.2,9.1,9.11,9819120,96,96.1,95.04,95.21,939700,2026-03-06T03:47:15Z
NKE,2006-11-29,9.27,9.3,9.23,9.25,9173356,96.87,97.18,96.43,96.65,877900,2026-03-06T03:47:15Z
NKE,2006-11-30,9.47,9.5,9.24,9.27,22357256,98.95,99.3,96.54,96.87,2139600,2026-03-06T03:47:15Z
NKE,2006-12-01,9.34,9.49,9.2,9.45,17923566,97.6,99.15,96.12,98.7,1715300,2026-03-06T03:47:15Z
NKE,2006-12-04,9.39,9.41,9.22,9.28,17042656,98.14,98.33,96.34,97,1631000,2026-03-06T03:47:15Z
NKE,2006-12-05,9.43,9.47,9.35,9.37,18598638,98.51,98.99,97.66,97.87,1779900,2026-03-06T03:47:15Z
NKE,2006-12-06,9.4,9.45,9.36,9.45,18982113,98.2,98.76,97.85,98.76,1816600,2026-03-06T03:47:15Z
NKE,2006-12-07,9.41,9.47,9.39,9.41,9725919,97.94,98.6,97.73,98,934300,2026-03-06T03:47:15Z
NKE,2006-12-08,9.32,9.43,9.29,9.36,10858560,97.04,98.19,96.7,97.45,1043100,2026-03-06T03:47:15Z
NKE,2006-12-11,9.36,9.41,9.26,9.31,19331223,97.45,97.96,96.42,96.94,1857000,2026-03-06T03:47:15Z
NKE,2006-12-12,9.28,9.35,9.26,9.34,18206883,96.57,97.36,96.37,97.26,1749000,2026-03-06T03:47:15Z
NKE,2006-12-13,9.21,9.28,9.14,9.25,19411382,95.85,96.55,95.15,96.33,1864700,2026-03-06T03:47:15Z
NKE,2006-12-14,9.32,9.34,9.21,9.23,15233770,97,97.25,95.92,96.05,1463400,2026-03-06T03:47:15Z
NKE,2006-12-15,9.23,9.34,9.22,9.33,14261457,96.05,97.23,96,97.15,1370000,2026-03-06T03:47:15Z
NKE,2006-12-18,9.24,9.35,9.23,9.31,11289514,96.18,97.3,96.09,96.88,1084500,2026-03-06T03:47:15Z
NKE,2006-12-19,9.24,9.26,9.11,9.24,17296012,96.19,96.35,94.79,96.18,1661500,2026-03-06T03:47:15Z
NKE,2006-12-20,9.59,9.61,9.29,9.32,37140464,99.78,100.08,96.69,97,3567800,2026-03-06T03:47:15Z
NKE,2006-12-21,9.63,9.72,9.49,9.53,45088103,100.29,101.2,98.77,99.2,4331300,2026-03-06T03:47:15Z
NKE,2006-12-22,9.6,9.62,9.51,9.58,12949883,99.94,100.18,99.03,99.73,1244000,2026-03-06T03:47:15Z
NKE,2006-12-26,9.62,9.65,9.55,9.6,8396578,100.1,100.48,99.47,99.94,806600,2026-03-06T03:47:15Z
NKE,2006-12-27,9.56,9.63,9.54,9.63,8656809,99.52,100.25,99.32,100.25,831600,2026-03-06T03:47:15Z
NKE,2006-12-28,9.53,9.59,9.53,9.57,7905270,99.2,99.86,99.18,99.6,759400,2026-03-06T03:47:15Z
NKE,2006-12-29,9.51,9.6,9.49,9.53,8673527,99.03,99.9,98.8,99.19,833200,2026-03-06T03:47:15Z
NKE,2007-01-03,9.38,9.58,9.3,9.41,22510257,97.67,99.71,96.81,98,2162400,2026-03-06T03:47:15Z
NKE,2007-01-04,9.48,9.51,9.3,9.38,19629981,98.67,98.97,96.86,97.67,1885700,2026-03-06T03:47:15Z
NKE,2007-01-05,9.49,9.55,9.38,9.42,19514367,98.83,99.41,97.7,98.1,1874600,2026-03-06T03:47:15Z
NKE,2007-01-08,9.47,9.51,9.38,9.46,13154944,98.53,98.99,97.63,98.5,1263700,2026-03-06T03:47:15Z
NKE,2007-01-09,9.58,9.6,9.45,9.46,19736098,99.76,99.94,98.36,98.53,1895900,2026-03-06T03:47:15Z
NKE,2007-01-10,9.58,9.59,9.5,9.53,16932716,99.76,99.85,98.9,99.24,1626600,2026-03-06T03:47:15Z
NKE,2007-01-11,9.6,9.64,9.55,9.6,18628555,99.98,100.35,99.43,99.9,1789500,2026-03-06T03:47:15Z
NKE,2007-01-12,9.58,9.61,9.54,9.56,12097325,99.76,100.02,99.32,99.55,1162100,2026-03-06T03:47:15Z
NKE,2007-01-16,9.6,9.61,9.53,9.56,12055700,99.97,99.99,99.21,99.5,1158100,2026-03-06T03:47:15Z
NKE,2007-01-17,9.59,9.6,9.52,9.59,14004363,99.82,99.9,99.05,99.8,1345300,2026-03-06T03:47:15Z
NKE,2007-01-18,9.57,9.63,9.51,9.59,21276744,99.67,100.25,99,99.82,2043900,2026-03-06T03:47:15Z
NKE,2007-01-19,9.6,9.62,9.56,9.61,14472849,99.94,100.19,99.48,100,1390300,2026-03-06T03:47:15Z
NKE,2007-01-22,9.39,9.62,9.36,9.62,25392859,97.7,100.15,97.45,100.15,2439300,2026-03-06T03:47:15Z
NKE,2007-01-23,9.29,9.44,9.24,9.38,17689539,96.76,98.3,96.21,97.7,1699300,2026-03-06T03:47:15Z
NKE,2007-01-24,9.3,9.35,9.28,9.3,11543516,96.84,97.28,96.59,96.8,1108900,2026-03-06T03:47:15Z
NKE,2007-01-25,9.21,9.38,9.21,9.31,13196658,95.84,97.67,95.83,96.9,1267700,2026-03-06T03:47:15Z
NKE,2007-01-26,9.15,9.29,9.12,9.22,14289576,95.2,96.66,94.92,96,1372700,2026-03-06T03:47:15Z
NKE,2007-01-29,9.25,9.28,9.16,9.16,21220421,96.32,96.62,95.35,95.36,2038500,2026-03-06T03:47:15Z
NKE,2007-01-30,9.39,9.39,9.27,9.27,25702915,97.75,97.79,96.5,96.5,2469100,2026-03-06T03:47:15Z
NKE,2007-01-31,9.49,9.53,9.37,9.39,22402021,98.81,99.25,97.5,97.75,2152000,2026-03-06T03:47:15Z
NKE,2007-02-01,9.67,9.71,9.46,9.47,32188327,100.68,101.03,98.44,98.62,3092100,2026-03-06T03:47:15Z
NKE,2007-02-02,9.63,9.74,9.59,9.7,14240673,100.2,101.42,99.81,101,1368000,2026-03-06T03:47:15Z
NKE,2007-02-05,9.55,9.64,9.46,9.57,15336944,99.42,100.32,98.45,99.6,1473300,2026-03-06T03:47:15Z
NKE,2007-02-06,9.72,9.73,9.55,9.55,14952736,101.17,101.28,99.42,99.42,1436400,2026-03-06T03:47:15Z
NKE,2007-02-07,9.88,9.89,9.74,9.79,26144520,102.9,103,101.42,101.86,2511500,2026-03-06T03:47:15Z
NKE,2007-02-08,9.93,9.96,9.82,9.87,20174245,103.39,103.7,102.24,102.7,1938000,2026-03-06T03:47:15Z
NKE,2007-02-09,9.95,10,9.9,9.9,21573402,103.6,104.13,103.07,103.07,2072400,2026-03-06T03:47:15Z
NKE,2007-02-12,10.03,10.03,9.92,9.95,26062150,104.37,104.42,103.23,103.61,2503600,2026-03-06T03:47:15Z
NKE,2007-02-13,10.11,10.14,9.94,9.94,23687644,105.2,105.57,103.43,103.43,2275500,2026-03-06T03:47:15Z
NKE,2007-02-14,10.12,10.16,10.08,10.11,17381332,105.38,105.78,104.95,105.2,1669700,2026-03-06T03:47:15Z
NKE,2007-02-15,10.14,10.15,10.07,10.11,14758089,105.51,105.7,104.8,105.24,1417700,2026-03-06T03:47:15Z
NKE,2007-02-16,10.21,10.33,10.15,10.23,19744327,106.3,107.51,105.68,106.5,1896700,2026-03-06T03:47:15Z
NKE,2007-02-20,10.26,10.29,10.15,10.21,19077114,106.81,107.1,105.64,106.3,1832600,2026-03-06T03:47:15Z
NKE,2007-02-21,10.29,10.31,10.23,10.26,14398948,107.11,107.37,106.51,106.79,1383200,2026-03-06T03:47:15Z
NKE,2007-02-22,10.4,10.4,10.24,10.27,14900690,108.23,108.3,106.64,106.9,1431400,2026-03-06T03:47:15Z
NKE,2007-02-23,10.38,10.4,10.3,10.4,9410533,108.04,108.23,107.18,108.23,904000,2026-03-06T03:47:15Z
NKE,2007-02-26,10.36,10.46,10.3,10.46,17238706,107.83,108.9,107.2,108.9,1656000,2026-03-06T03:47:15Z
NKE,2007-02-27,9.99,10.36,9.92,10.32,24445434,103.97,107.84,103.25,107.44,2348300,2026-03-06T03:47:15Z
NKE,2007-02-28,10.04,10.1,9.92,10.06,23255664,104.47,105.11,103.29,104.75,2234000,2026-03-06T03:47:15Z
NKE,2007-03-01,10.11,10.18,9.81,9.9,22038687,105.29,105.97,102.17,103.1,2117100,2026-03-06T03:47:15Z
NKE,2007-03-02,9.98,10.17,9.98,10.11,14736167,103.86,105.89,103.86,105.2,1415600,2026-03-06T03:47:15Z
NKE,2007-03-05,9.84,10.02,9.84,9.98,15567932,102.46,104.26,102.46,103.87,1495500,2026-03-06T03:47:15Z
NKE,2007-03-06,10.1,10.13,9.88,9.89,16736967,105.1,105.5,102.81,102.95,1607800,2026-03-06T03:47:15Z
NKE,2007-03-07,10.05,10.14,9.95,10.08,24579679,104.59,105.51,103.54,104.91,2361200,2026-03-06T03:47:15Z
NKE,2007-03-08,10.08,10.26,10.07,10.14,16574095,104.6,106.39,104.5,105.2,1597800,2026-03-06T03:47:15Z
NKE,2007-03-09,10.2,10.25,10.11,10.16,13729724,105.85,106.28,104.9,105.35,1323600,2026-03-06T03:47:15Z
NKE,2007-03-12,10.18,10.23,10.14,10.19,11403124,105.6,106.1,105.2,105.7,1099300,2026-03-06T03:47:15Z
NKE,2007-03-13,10.08,10.16,9.92,10.12,14464213,104.6,105.4,102.91,105.01,1394400,2026-03-06T03:47:15Z
NKE,2007-03-14,10.11,10.14,9.91,10.09,17531548,104.82,105.14,102.75,104.61,1690100,2026-03-06T03:47:15Z
NKE,2007-03-15,10.19,10.24,10.1,10.1,15236990,105.66,106.26,104.75,104.75,1468900,2026-03-06T03:47:15Z
NKE,2007-03-16,10.36,10.38,10.19,10.2,25015743,107.47,107.71,105.66,105.8,2411600,2026-03-06T03:47:15Z
NKE,2007-03-19,10.44,10.47,10.36,10.39,14974598,108.32,108.61,107.46,107.8,1443600,2026-03-06T03:47:15Z
NKE,2007-03-20,10.53,10.54,10.41,10.44,11341934,109.25,109.34,107.99,108.32,1093400,2026-03-06T03:47:15Z
NKE,2007-03-21,10.49,10.61,10.43,10.53,19857086,108.85,110.1,108.16,109.24,1914300,2026-03-06T03:47:15Z
NKE,2007-03-22,10.47,10.51,10.3,10.49,33253003,108.6,108.98,106.83,108.79,3205700,2026-03-06T03:47:15Z
NKE,2007-03-23,10.51,10.53,10.12,10.32,45404732,109.05,109.27,105.01,107.01,4377200,2026-03-06T03:47:15Z
NKE,2007-03-26,10.49,10.55,10.36,10.51,15039875,108.79,109.4,107.42,109.04,1449900,2026-03-06T03:47:15Z
NKE,2007-03-27,10.27,10.46,10.25,10.46,23151557,106.57,108.51,106.36,108.5,2231900,2026-03-06T03:47:15Z
NKE,2007-03-28,10.13,10.26,10.11,10.26,23388013,105.13,106.41,104.89,106.4,2254700,2026-03-06T03:47:15Z
NKE,2007-03-29,10.12,10.2,10.07,10.13,17081352,104.97,105.75,104.5,105.1,1646700,2026-03-06T03:47:15Z
NKE,2007-03-30,10.24,10.29,10.1,10.14,16162175,106.26,106.69,104.76,105.2,1558100,2026-03-06T03:47:15Z
NKE,2007-04-02,10.26,10.33,10.21,10.3,11710113,106.43,107.18,105.91,106.8,1128900,2026-03-06T03:47:15Z
NKE,2007-04-03,10.26,10.37,10.23,10.27,13957908,53.2,53.8,53.05,53.25,2691200,2026-03-06T03:47:15Z
NKE,2007-04-04,10.33,10.41,10.26,10.31,15440868,53.59,54,53.2,53.45,2977100,2026-03-06T03:47:15Z
NKE,2007-04-05,10.31,10.38,10.27,10.33,11833096,53.48,53.83,53.24,53.59,2281500,2026-03-06T03:47:15Z
NKE,2007-04-09,10.39,10.43,10.3,10.3,15080362,53.9,54.09,53.41,53.41,2907600,2026-03-06T03:47:15Z
NKE,2007-04-10,10.41,10.42,10.28,10.36,17831313,54.01,54.06,53.34,53.73,3438000,2026-03-06T03:47:15Z
NKE,2007-04-11,10.41,10.57,10.38,10.47,13856277,53.99,54.81,53.81,54.32,2671600,2026-03-06T03:47:15Z
NKE,2007-04-12,10.46,10.47,10.3,10.38,10441034,54.23,54.32,53.4,53.83,2013100,2026-03-06T03:47:15Z
NKE,2007-04-13,10.34,10.62,10.3,10.62,11115774,53.65,55.1,53.4,55.1,2143200,2026-03-06T03:47:15Z
NKE,2007-04-16,10.48,10.51,10.35,10.41,12715326,54.37,54.5,53.66,54,2451600,2026-03-06T03:47:15Z
NKE,2007-04-17,10.44,10.49,10.33,10.49,11164012,54.15,54.4,53.58,54.39,2152500,2026-03-06T03:47:15Z
NKE,2007-04-18,10.39,10.43,10.34,10.43,10751133,53.89,54.1,53.64,54.08,2072900,2026-03-06T03:47:15Z
NKE,2007-04-19,10.31,10.51,10.28,10.51,11875626,53.48,54.5,53.34,54.5,2289700,2026-03-06T03:47:15Z
NKE,2007-04-20,10.32,10.36,10.23,10.31,18746649,53.53,53.73,53.08,53.48,3614500,2026-03-06T03:47:15Z
NKE,2007-04-23,10.33,10.46,10.3,10.3,12887427,53.56,54.24,53.44,53.44,2484800,2026-03-06T03:47:15Z
NKE,2007-04-24,10.32,10.39,10.18,10.38,12599649,53.51,53.88,52.8,53.85,2429300,2026-03-06T03:47:15Z
NKE,2007-04-25,10.34,10.41,10.3,10.38,12324773,53.62,54,53.4,53.85,2376300,2026-03-06T03:47:15Z
NKE,2007-04-26,10.38,10.42,10.28,10.34,16020209,53.84,54.03,53.33,53.6,3088800,2026-03-06T03:47:15Z
NKE,2007-04-27,10.43,10.47,10.31,10.34,10175993,54.12,54.31,53.5,53.65,1962000,2026-03-06T03:47:15Z
NKE,2007-04-30,10.38,10.6,10.38,10.46,13280619,53.86,55,53.82,54.25,2560600,2026-03-06T03:47:15Z
NKE,2007-05-01,10.22,10.38,10.09,10.38,15687622,52.99,53.86,52.34,53.86,3024700,2026-03-06T03:47:15Z
NKE,2007-05-02,10.31,10.38,10.23,10.25,12298848,53.48,53.86,53.07,53.17,2371300,2026-03-06T03:47:15Z
NKE,2007-05-03,10.27,10.39,10.24,10.32,7765764,53.28,53.9,53.09,53.55,1497300,2026-03-06T03:47:15Z
NKE,2007-05-04,10.27,10.38,10.26,10.3,9966947,53.29,53.83,53.2,53.41,1921700,2026-03-06T03:47:15Z
NKE,2007-05-07,10.39,10.44,10.27,10.31,13244867,53.87,54.12,53.28,53.45,2553700,2026-03-06T03:47:15Z
NKE,2007-05-08,10.36,10.5,10.36,10.4,13220443,53.75,54.48,53.72,53.95,2549000,2026-03-06T03:47:15Z
NKE,2007-05-09,10.4,10.45,10.35,10.37,15924661,53.92,54.22,53.68,53.8,3070400,2026-03-06T03:47:15Z
NKE,2007-05-10,10.28,10.41,10.28,10.41,14142041,53.31,54.02,53.29,54.02,2726700,2026-03-06T03:47:15Z
NKE,2007-05-11,10.22,10.28,10.15,10.28,18148639,53.03,53.32,52.65,53.32,3499200,2026-03-06T03:47:15Z
NKE,2007-05-14,10.19,10.32,10.17,10.27,19042888,52.87,53.53,52.76,53.28,3671600,2026-03-06T03:47:15Z
NKE,2007-05-15,10.14,10.27,10.12,10.22,18043934,52.58,53.25,52.5,53,3479000,2026-03-06T03:47:15Z
NKE,2007-05-16,10.22,10.28,10.15,10.16,13844337,52.99,53.34,52.67,52.69,2669300,2026-03-06T03:47:15Z
NKE,2007-05-17,10.21,10.28,10.15,10.18,10951810,52.95,53.29,52.67,52.8,2111600,2026-03-06T03:47:15Z
NKE,2007-05-18,10.27,10.27,10.14,10.2,12527519,53.25,53.25,52.58,52.92,2415400,2026-03-06T03:47:15Z
NKE,2007-05-21,10.54,10.59,10.31,10.34,21253871,54.68,54.94,53.5,53.6,4097900,2026-03-06T03:47:15Z
NKE,2007-05-22,10.63,10.68,10.51,10.54,19503867,55.13,55.37,54.5,54.69,3760500,2026-03-06T03:47:15Z
NKE,2007-05-23,10.57,10.68,10.54,10.68,11657748,54.82,55.4,54.64,55.4,2247700,2026-03-06T03:47:15Z
NKE,2007-05-24,10.5,10.68,10.47,10.61,14603199,54.47,55.39,54.32,55.03,2815600,2026-03-06T03:47:15Z
NKE,2007-05-25,10.47,10.51,10.44,10.49,11819032,54.28,54.5,54.12,54.42,2278800,2026-03-06T03:47:15Z
NKE,2007-05-29,10.55,10.65,10.49,10.53,16451165,54.72,55.25,54.4,54.6,3171900,2026-03-06T03:47:15Z
NKE,2007-05-30,10.75,10.75,10.46,10.55,18981039,55.73,55.74,54.24,54.7,3659700,2026-03-06T03:47:15Z
NKE,2007-05-31,10.94,11.01,10.75,10.79,27456984,56.75,57.12,55.77,55.97,5293900,2026-03-06T03:47:15Z
NKE,2007-06-01,10.93,11.01,10.89,11.01,21738176,56.69,57.09,56.48,57.08,4191300,2026-03-06T03:47:15Z
NKE,2007-06-04,11.03,11.1,10.87,11.1,12212151,57.23,57.58,56.4,57.58,2354600,2026-03-06T03:47:15Z
NKE,2007-06-05,10.97,11.09,10.94,11.04,15683545,56.89,57.5,56.74,57.24,3023900,2026-03-06T03:47:15Z
NKE,2007-06-06,10.74,10.97,10.74,10.97,21854971,55.71,56.9,55.71,56.9,4213800,2026-03-06T03:47:15Z
NKE,2007-06-07,10.47,10.76,10.47,10.76,33721519,54.1,55.62,54.1,55.62,6523400,2026-03-06T03:47:15Z
NKE,2007-06-08,10.25,10.32,10.03,10.3,45965934,52.96,53.34,51.87,53.25,8892100,2026-03-06T03:47:15Z
NKE,2007-06-11,10.33,10.45,10.31,10.37,25846546,53.4,54.03,53.3,53.6,5000000,2026-03-06T03:47:15Z
NKE,2007-06-12,10.29,10.41,10.24,10.33,30354111,53.19,53.8,52.96,53.4,5872000,2026-03-06T03:47:15Z
NKE,2007-06-13,10.35,10.45,10.26,10.36,16575351,53.48,54.02,53.06,53.54,3206500,2026-03-06T03:47:15Z
NKE,2007-06-14,10.38,10.44,10.3,10.4,20785725,53.68,53.94,53.26,53.75,4021000,2026-03-06T03:47:15Z
NKE,2007-06-15,10.33,10.43,10.33,10.42,16234684,53.42,53.89,53.39,53.88,3140600,2026-03-06T03:47:15Z
NKE,2007-06-18,10.37,10.44,10.34,10.42,9723463,53.63,53.97,53.43,53.86,1881000,2026-03-06T03:47:15Z
NKE,2007-06-19,10.54,10.57,10.3,10.35,15626296,54.5,54.64,53.25,53.5,3022900,2026-03-06T03:47:15Z
NKE,2007-06-20,10.37,10.64,10.37,10.58,13187935,53.63,54.99,53.6,54.7,2551200,2026-03-06T03:47:15Z
NKE,2007-06-21,10.37,10.47,10.28,10.38,14850422,53.58,54.15,53.14,53.68,2872800,2026-03-06T03:47:15Z
NKE,2007-06-22,10.24,10.39,10.23,10.37,20379897,52.95,53.71,52.89,53.58,3942500,2026-03-06T03:47:15Z
NKE,2007-06-25,10.41,10.64,10.29,10.37,25543660,53.81,54.98,53.2,53.6,4941400,2026-03-06T03:47:15Z
NKE,2007-06-26,10.41,10.64,10.37,10.5,28128142,53.82,55,53.61,54.26,5441400,2026-03-06T03:47:15Z
NKE,2007-06-27,11.28,11.36,10.73,11,73015250,58.29,58.7,55.49,56.88,14124800,2026-03-06T03:47:15Z
NKE,2007-06-28,11.28,11.46,11.18,11.25,26496769,58.29,59.26,57.77,58.16,5125800,2026-03-06T03:47:15Z
NKE,2007-06-29,11.28,11.4,11.12,11.28,15080899,58.29,58.92,57.5,58.3,2917400,2026-03-06T03:47:15Z
NKE,2007-07-02,11.3,11.49,11.3,11.36,18296168,58.4,59.4,58.39,58.7,3539400,2026-03-06T03:47:15Z
NKE,2007-07-03,11.41,11.44,11.28,11.3,12234664,58.98,59.16,58.3,58.43,2366800,2026-03-06T03:47:15Z
NKE,2007-07-05,11.48,11.49,11.24,11.41,15759188,59.35,59.4,58.1,58.98,3048600,2026-03-06T03:47:15Z
NKE,2007-07-06,11.54,11.6,11.41,11.48,10953792,59.67,59.97,59.01,59.35,2119000,2026-03-06T03:47:15Z
NKE,2007-07-09,11.43,11.54,11.34,11.54,14185094,59.08,59.63,58.63,59.63,2744100,2026-03-06T03:47:15Z
NKE,2007-07-10,11.31,11.47,11.28,11.37,14974998,58.45,59.28,58.33,58.75,2896900,2026-03-06T03:47:15Z
NKE,2007-07-11,11.31,11.37,11.17,11.24,19908594,58.45,58.75,57.73,58.1,3851300,2026-03-06T03:47:15Z
NKE,2007-07-12,11.5,11.52,11.3,11.3,15639234,59.46,59.53,58.4,58.42,3025400,2026-03-06T03:47:15Z
NKE,2007-07-13,11.42,11.46,11.36,11.44,10900993,59.01,59.26,58.73,59.15,2108800,2026-03-06T03:47:15Z
NKE,2007-07-16,11.37,11.42,11.28,11.28,10782622,58.78,59.04,58.3,58.31,2085900,2026-03-06T03:47:15Z
NKE,2007-07-17,11.5,11.53,11.26,11.26,16338076,59.45,59.59,58.19,58.2,3160600,2026-03-06T03:47:15Z
NKE,2007-07-18,11.55,11.56,11.36,11.37,18575851,59.68,59.75,58.72,58.79,3593500,2026-03-06T03:47:15Z
NKE,2007-07-19,11.57,11.68,11.52,11.58,21139856,59.83,60.35,59.55,59.85,4089500,2026-03-06T03:47:15Z
NKE,2007-07-20,11.32,11.59,11.3,11.48,24849302,58.52,59.9,58.42,59.36,4807100,2026-03-06T03:47:15Z
NKE,2007-07-23,11.49,11.57,11.39,11.43,18440990,59.4,59.81,58.9,59.06,3567400,2026-03-06T03:47:15Z
NKE,2007-07-24,11.29,11.49,11.25,11.44,24827102,58.35,59.4,58.17,59.15,4802800,2026-03-06T03:47:15Z
NKE,2007-07-25,11.19,11.33,11.05,11.29,23461389,57.83,58.56,57.13,58.36,4538600,2026-03-06T03:47:15Z
NKE,2007-07-26,11.01,11.08,10.78,10.97,44849853,56.9,57.27,55.73,56.7,8676200,2026-03-06T03:47:15Z
NKE,2007-07-27,10.72,11.03,10.72,10.92,27643751,55.44,57.04,55.44,56.45,5347700,2026-03-06T03:47:15Z
NKE,2007-07-30,11,11.01,10.76,10.9,24467816,56.84,56.93,55.6,56.33,4733300,2026-03-06T03:47:15Z
NKE,2007-07-31,10.92,11.15,10.85,10.85,25203531,56.45,57.64,56.06,56.07,4875600,2026-03-06T03:47:15Z
NKE,2007-08-01,11.01,11.07,10.83,11.07,31502728,56.9,57.23,55.98,57.21,6094200,2026-03-06T03:47:15Z
NKE,2007-08-02,11.02,11.07,10.89,11.07,17765794,56.95,57.25,56.29,57.25,3436800,2026-03-06T03:47:15Z
NKE,2007-08-03,10.93,11.12,10.85,10.86,23079918,56.5,57.46,56.11,56.13,4464800,2026-03-06T03:47:15Z
NKE,2007-08-06,11.12,11.14,10.8,10.8,19134094,57.47,57.59,55.85,55.85,3701500,2026-03-06T03:47:15Z
NKE,2007-08-07,11.23,11.34,10.99,11.03,20606371,58.06,58.63,56.82,57.02,3986300,2026-03-06T03:47:15Z
NKE,2007-08-08,10.95,11.29,10.81,11.17,23527019,56.61,58.36,55.86,57.75,4551300,2026-03-06T03:47:15Z
NKE,2007-08-09,10.43,10.83,10.1,10.79,45030996,53.9,56,52.2,55.76,8711200,2026-03-06T03:47:15Z
NKE,2007-08-10,10.79,10.85,10.06,10.25,28575968,55.78,56.1,52,53,5528000,2026-03-06T03:47:15Z
NKE,2007-08-13,10.86,11.16,10.81,10.85,18509205,56.15,57.71,55.89,56.1,3580600,2026-03-06T03:47:15Z
NKE,2007-08-14,10.57,10.99,10.56,10.86,16369568,54.66,56.79,54.6,56.15,3166700,2026-03-06T03:47:15Z
NKE,2007-08-15,10.36,10.68,10.34,10.51,17380229,53.57,55.22,53.43,54.32,3362200,2026-03-06T03:47:15Z
NKE,2007-08-16,10.29,10.41,10.14,10.26,22558811,53.19,53.79,52.4,53.02,4364000,2026-03-06T03:47:15Z
NKE,2007-08-17,10.54,10.73,10.19,10.52,16253328,54.47,55.48,52.68,54.38,3144200,2026-03-06T03:47:15Z
NKE,2007-08-20,10.52,10.63,10.45,10.54,16957888,54.38,54.97,54,54.5,3280500,2026-03-06T03:47:15Z
NKE,2007-08-21,10.47,10.61,10.39,10.54,13707952,54.12,54.85,53.71,54.5,2651800,2026-03-06T03:47:15Z
NKE,2007-08-22,10.48,10.64,10.41,10.51,18719663,54.19,55,53.83,54.35,3621300,2026-03-06T03:47:15Z
NKE,2007-08-23,10.45,10.62,10.39,10.54,11735336,54.03,54.92,53.72,54.46,2270200,2026-03-06T03:47:15Z
NKE,2007-08-24,10.47,10.53,10.41,10.45,10236249,54.12,54.41,53.79,54,1980200,2026-03-06T03:47:15Z
NKE,2007-08-27,10.42,10.54,10.42,10.47,9115004,53.88,54.48,53.86,54.12,1763300,2026-03-06T03:47:15Z
NKE,2007-08-28,10.36,10.52,10.32,10.42,23977205,53.53,54.39,53.33,53.88,4638400,2026-03-06T03:47:15Z
NKE,2007-08-29,10.73,10.73,10.43,10.43,14902610,55.46,55.46,53.89,53.91,2882900,2026-03-06T03:47:15Z
NKE,2007-08-30,10.79,10.83,10.6,10.62,12180376,55.76,56,54.81,54.9,2356300,2026-03-06T03:47:15Z
NKE,2007-08-31,10.9,10.99,10.76,10.88,15966359,56.34,56.79,55.6,56.27,3088700,2026-03-06T03:47:15Z
NKE,2007-09-04,10.91,11.07,10.79,10.84,16862313,56.42,57.24,55.8,56.04,3262000,2026-03-06T03:47:15Z
NKE,2007-09-05,10.73,10.87,10.65,10.87,12690068,55.47,56.2,55.06,56.19,2454900,2026-03-06T03:47:15Z
NKE,2007-09-06,10.83,10.97,10.73,10.73,12077480,55.8,56.53,55.26,55.26,2344200,2026-03-06T03:47:15Z
NKE,2007-09-07,10.62,10.7,10.52,10.69,13192895,54.7,55.15,54.18,55.09,2560700,2026-03-06T03:47:15Z
NKE,2007-09-10,10.7,10.79,10.51,10.69,10870287,55.15,55.61,54.15,55.05,2109900,2026-03-06T03:47:15Z
NKE,2007-09-11,10.78,10.81,10.66,10.73,8764694,55.53,55.7,54.91,55.3,1701200,2026-03-06T03:47:15Z
NKE,2007-09-12,10.88,10.99,10.7,10.77,12855896,56.08,56.61,55.15,55.49,2495300,2026-03-06T03:47:15Z
NKE,2007-09-13,11.04,11.12,10.82,10.96,11169710,56.88,57.28,55.73,56.44,2168000,2026-03-06T03:47:15Z
NKE,2007-09-14,11.11,11.15,10.93,10.98,12333491,57.23,57.43,56.33,56.57,2393900,2026-03-06T03:47:15Z
NKE,2007-09-17,10.93,11.06,10.89,11.06,23409435,56.31,57,56.09,57,4543700,2026-03-06T03:47:15Z
NKE,2007-09-18,11.41,11.48,10.94,11.01,24133731,58.79,59.14,56.38,56.72,4684300,2026-03-06T03:47:15Z
NKE,2007-09-19,11.37,11.75,11.29,11.51,33152556,58.56,60.53,58.16,59.32,6434800,2026-03-06T03:47:15Z
NKE,2007-09-20,11.32,11.45,11.22,11.39,21625854,58.32,59,57.83,58.7,4197500,2026-03-06T03:47:15Z
NKE,2007-09-21,11.11,11.84,11.09,11.69,52991514,57.26,60.99,57.15,60.22,10285500,2026-03-06T03:47:15Z
NKE,2007-09-24,11.22,11.28,11,11.21,31756137,57.81,58.11,56.67,57.75,6163800,2026-03-06T03:47:15Z
NKE,2007-09-25,11.35,11.43,11.05,11.06,28773680,58.45,58.88,56.92,57,5584900,2026-03-06T03:47:15Z
NKE,2007-09-26,11.33,11.41,11.28,11.38,13473188,58.39,58.8,58.1,58.64,2615100,2026-03-06T03:47:15Z
NKE,2007-09-27,11.29,11.33,11.12,11.32,18431026,58.17,58.35,57.3,58.33,3577400,2026-03-06T03:47:15Z
NKE,2007-09-28,11.39,11.43,11.26,11.27,16425850,58.66,58.89,58.01,58.08,3188200,2026-03-06T03:47:15Z
NKE,2007-10-01,11.53,11.58,11.38,11.41,20802523,59.39,59.64,58.62,58.79,4037700,2026-03-06T03:47:15Z
NKE,2007-10-02,11.48,11.62,11.43,11.51,12446330,59.16,59.87,58.91,59.29,2415800,2026-03-06T03:47:15Z
NKE,2007-10-03,11.49,11.65,11.41,11.41,16404203,59.22,60,58.79,58.81,3184000,2026-03-06T03:47:15Z
NKE,2007-10-04,11.52,11.54,11.37,11.52,13603505,59.36,59.48,58.6,59.36,2640400,2026-03-06T03:47:15Z
NKE,2007-10-05,11.71,11.74,11.45,11.52,20666903,60.35,60.5,58.99,59.34,4011400,2026-03-06T03:47:15Z
NKE,2007-10-08,11.65,11.74,11.58,11.68,10268541,60.01,60.47,59.67,60.16,1993100,2026-03-06T03:47:15Z
NKE,2007-10-09,11.99,12.07,11.64,11.65,30167835,61.77,62.19,59.96,60,5855500,2026-03-06T03:47:15Z
NKE,2007-10-10,12.01,12.11,11.89,11.93,23114808,61.86,62.37,61.28,61.46,4486500,2026-03-06T03:47:15Z
NKE,2007-10-11,11.84,12.05,11.81,12.03,30353272,61.01,62.1,60.86,62,5891500,2026-03-06T03:47:15Z
NKE,2007-10-12,12.26,12.31,11.83,11.83,28073650,63.15,63.44,60.96,60.96,5449000,2026-03-06T03:47:15Z
NKE,2007-10-15,12.41,12.57,12.2,12.23,24739135,63.92,64.74,62.83,63,4801800,2026-03-06T03:47:15Z
NKE,2007-10-16,12.4,12.43,12.17,12.39,21538268,63.91,64.04,62.7,63.86,4180500,2026-03-06T03:47:15Z
NKE,2007-10-17,12.26,12.53,12.03,12.52,16852351,63.16,64.57,62,64.5,3271000,2026-03-06T03:47:15Z
NKE,2007-10-18,12.28,12.35,12.12,12.15,11268054,63.26,63.6,62.46,62.58,2187100,2026-03-06T03:47:15Z
NKE,2007-10-19,12.29,12.42,12.11,12.22,23637595,63.33,63.97,62.39,62.94,4588000,2026-03-06T03:47:15Z
NKE,2007-10-22,12.26,12.32,12.03,12.13,22369240,63.17,63.47,61.98,62.51,4341800,2026-03-06T03:47:15Z
NKE,2007-10-23,12.45,12.5,12.12,12.4,20476874,64.12,64.38,62.46,63.9,3974500,2026-03-06T03:47:15Z
NKE,2007-10-24,12.32,12.4,12.11,12.38,25256434,63.46,63.9,62.39,63.8,4902200,2026-03-06T03:47:15Z
NKE,2007-10-25,12.39,12.46,12.26,12.31,24561851,63.84,64.2,63.18,63.43,4767400,2026-03-06T03:47:15Z
NKE,2007-10-26,12.54,12.61,12.3,12.32,18775160,64.61,64.99,63.39,63.48,3644200,2026-03-06T03:47:15Z
NKE,2007-10-29,12.66,12.71,12.51,12.51,12486546,65.22,65.47,64.44,64.46,2423600,2026-03-06T03:47:15Z
NKE,2007-10-30,12.6,12.7,12.42,12.47,10426760,64.93,65.45,64,64.24,2023800,2026-03-06T03:47:15Z
NKE,2007-10-31,12.86,12.92,12.67,12.73,15152180,66.26,66.57,65.29,65.57,2941000,2026-03-06T03:47:15Z
NKE,2007-11-01,12.39,12.82,12.36,12.8,16364974,63.82,66.07,63.66,65.94,3176400,2026-03-06T03:47:15Z
NKE,2007-11-02,12.4,12.68,12.16,12.68,12585434,63.87,65.35,62.67,65.34,2442800,2026-03-06T03:47:15Z
NKE,2007-11-05,12.3,12.41,12.03,12.13,13774520,63.38,63.93,62,62.5,2673600,2026-03-06T03:47:15Z
NKE,2007-11-06,12.42,12.47,12.18,12.31,11906387,63.99,64.27,62.76,63.43,2311000,2026-03-06T03:47:15Z
NKE,2007-11-07,12.19,12.42,12.1,12.23,15103799,62.78,63.99,62.34,63,2931600,2026-03-06T03:47:15Z
NKE,2007-11-08,12.29,12.35,11.82,12.2,20135359,63.3,63.63,60.91,62.83,3908200,2026-03-06T03:47:15Z
NKE,2007-11-09,12.07,12.2,11.92,12.1,16498417,62.21,62.84,61.43,62.36,3202300,2026-03-06T03:47:15Z
NKE,2007-11-12,12.15,12.5,11.87,11.98,21855001,62.6,64.4,61.14,61.71,4242000,2026-03-06T03:47:15Z
NKE,2007-11-13,12.42,12.45,12.09,12.23,16232047,63.99,64.12,62.3,63,3150600,2026-03-06T03:47:15Z
NKE,2007-11-14,12.27,12.58,12.26,12.47,14703489,63.22,64.8,63.14,64.25,2853900,2026-03-06T03:47:15Z
NKE,2007-11-15,12.24,12.42,12.09,12.23,10804920,63.05,63.98,62.29,63,2097200,2026-03-06T03:47:15Z
NKE,2007-11-16,12.16,12.4,11.96,12.35,18227022,62.64,63.91,61.61,63.6,3537800,2026-03-06T03:47:15Z
NKE,2007-11-19,12.03,12.28,11.96,12.11,15801910,62,63.25,61.63,62.37,3067100,2026-03-06T03:47:15Z
NKE,2007-11-20,12.09,12.21,11.94,12.06,14477765,62.28,62.92,61.5,62.15,2810100,2026-03-06T03:47:15Z
NKE,2007-11-21,12.2,12.41,11.9,11.9,12453071,62.88,63.92,61.31,61.31,2417100,2026-03-06T03:47:15Z
NKE,2007-11-23,12.37,12.42,12.21,12.25,4481258,63.75,64,62.89,63.13,869800,2026-03-06T03:47:15Z
NKE,2007-11-26,12.07,12.4,12.06,12.4,10296356,62.18,63.88,62.12,63.88,1998500,2026-03-06T03:47:15Z
NKE,2007-11-27,12.31,12.4,12.11,12.11,13474134,63.4,63.91,62.38,62.38,2615300,2026-03-06T03:47:15Z
NKE,2007-11-28,12.66,12.74,12.31,12.42,18138303,65.21,65.62,63.4,64,3520600,2026-03-06T03:47:15Z
NKE,2007-11-29,12.56,12.64,12.39,12.64,8907929,64.71,65.13,63.83,65.13,1729000,2026-03-06T03:47:15Z
NKE,2007-11-30,12.74,12.85,12.61,12.61,13918779,65.65,66.19,64.99,64.99,2701600,2026-03-06T03:47:15Z
NKE,2007-12-03,13,13.19,12.59,12.61,17129062,67,67.93,64.85,64.95,3324700,2026-03-06T03:47:15Z
NKE,2007-12-04,12.77,13.07,12.72,13.07,19103309,65.8,67.36,65.53,67.36,3707900,2026-03-06T03:47:15Z
NKE,2007-12-05,12.8,12.96,12.68,12.9,14030049,65.94,66.75,65.34,66.44,2723200,2026-03-06T03:47:15Z
NKE,2007-12-06,12.74,12.79,12.64,12.73,13519631,65.41,65.64,64.91,65.37,2633300,2026-03-06T03:47:15Z
NKE,2007-12-07,12.74,12.88,12.68,12.74,9063709,65.4,66.12,65.11,65.4,1765400,2026-03-06T03:47:15Z
NKE,2007-12-10,12.83,12.87,12.73,12.74,9976034,65.86,66.08,65.38,65.4,1943100,2026-03-06T03:47:15Z
NKE,2007-12-11,12.5,12.97,12.49,12.87,14340482,64.2,66.61,64.15,66.09,2793200,2026-03-06T03:47:15Z
NKE,2007-12-12,12.55,12.82,12.35,12.63,17486257,64.45,65.84,63.42,64.87,3405900,2026-03-06T03:47:15Z
NKE,2007-12-13,12.65,12.71,12.46,12.47,20525545,64.96,65.27,63.98,64.01,3997900,2026-03-06T03:47:15Z
NKE,2007-12-14,12.53,12.68,12.45,12.68,12664797,64.32,65.11,63.91,65.11,2466800,2026-03-06T03:47:15Z
NKE,2007-12-17,12.28,12.61,12.24,12.47,11856112,63.05,64.76,62.84,64.04,2309300,2026-03-06T03:47:15Z
NKE,2007-12-18,12.42,12.42,12.12,12.38,16990759,63.75,63.78,62.24,63.55,3309400,2026-03-06T03:47:15Z
NKE,2007-12-19,12.43,12.59,12.34,12.5,15645675,63.8,64.65,63.33,64.16,3047400,2026-03-06T03:47:15Z
NKE,2007-12-20,12.86,13.13,12.82,12.82,32491078,66.01,67.4,65.81,65.81,6328500,2026-03-06T03:47:15Z
NKE,2007-12-21,12.91,12.98,12.82,12.98,15366375,66.27,66.66,65.82,66.66,2993000,2026-03-06T03:47:15Z
NKE,2007-12-24,13.03,13.06,12.87,12.87,7467505,66.88,67.03,66.09,66.09,1454500,2026-03-06T03:47:15Z
NKE,2007-12-26,12.87,13.05,12.77,13.01,9522217,66.08,66.98,65.58,66.77,1854700,2026-03-06T03:47:15Z
NKE,2007-12-27,12.66,12.9,12.63,12.82,10788753,65,66.23,64.86,65.81,2101400,2026-03-06T03:47:15Z
NKE,2007-12-28,12.53,12.83,12.48,12.82,22595597,64.31,65.88,64.06,65.83,4401100,2026-03-06T03:47:15Z
NKE,2007-12-31,12.51,12.62,12.47,12.47,9457538,64.24,64.79,64.01,64.01,1842100,2026-03-06T03:47:15Z
NKE,2008-01-02,12.33,12.6,12.21,12.53,12554859,63.28,64.7,62.7,64.32,2445400,2026-03-06T03:47:15Z
NKE,2008-01-03,12.21,12.42,12.15,12.32,13651582,62.71,63.75,62.38,63.28,2659000,2026-03-06T03:47:15Z
NKE,2008-01-04,12.03,12.25,12.02,12.12,28667731,61.74,62.88,61.7,62.24,5583800,2026-03-06T03:47:15Z
NKE,2008-01-07,12.1,12.14,11.94,12.08,26707977,62.11,62.32,61.3,62,5202100,2026-03-06T03:47:15Z
NKE,2008-01-08,12.04,12.27,11.99,12.15,21453362,61.83,62.98,61.54,62.4,4178600,2026-03-06T03:47:15Z
NKE,2008-01-09,12.07,12.08,11.91,12.08,29932254,61.97,62.03,61.13,62.03,5830100,2026-03-06T03:47:15Z
NKE,2008-01-10,12.18,12.31,11.94,12.06,29425574,62.54,63.18,61.3,61.92,5731400,2026-03-06T03:47:15Z
NKE,2008-01-11,11.82,12.08,11.73,12.08,28524055,60.7,62.04,60.21,62.04,5555800,2026-03-06T03:47:15Z
NKE,2008-01-14,11.83,11.97,11.66,11.89,18318909,60.73,61.48,59.85,61.07,3568100,2026-03-06T03:47:15Z
NKE,2008-01-15,11.11,11.66,11.1,11.66,36295089,57.06,59.89,57,59.87,7069400,2026-03-06T03:47:15Z
NKE,2008-01-16,11.23,11.35,10.93,11.09,30095416,57.67,58.26,56.11,56.94,5861900,2026-03-06T03:47:15Z
NKE,2008-01-17,10.9,11.37,10.9,11.24,22612560,55.98,58.36,55.96,57.72,4404400,2026-03-06T03:47:15Z
NKE,2008-01-18,11,11.66,10.91,11.2,21865519,56.5,59.87,56,57.5,4258900,2026-03-06T03:47:15Z
NKE,2008-01-22,11.16,11.3,10.03,10.12,28354153,57.29,58,51.5,51.96,5522700,2026-03-06T03:47:15Z
NKE,2008-01-23,11.2,11.31,10.52,10.81,39904870,57.52,58.08,54.01,55.5,7772500,2026-03-06T03:47:15Z
NKE,2008-01-24,11.18,11.42,10.96,11.22,27225096,57.41,58.63,56.25,57.62,5302800,2026-03-06T03:47:15Z
NKE,2008-01-25,10.91,11.33,10.83,11.33,24026476,56,58.18,55.59,58.18,4679800,2026-03-06T03:47:15Z
NKE,2008-01-28,11.16,11.24,10.84,10.91,13987371,57.29,57.73,55.67,56.03,2724400,2026-03-06T03:47:15Z
NKE,2008-01-29,11.17,11.21,10.96,11.21,18468401,57.35,57.57,56.28,57.57,3597200,2026-03-06T03:47:15Z
NKE,2008-01-30,11.57,11.68,11.31,11.35,28482961,59.4,59.94,58.08,58.26,5547800,2026-03-06T03:47:15Z
NKE,2008-01-31,11.95,12.11,11.53,11.57,38135642,61.33,62.18,59.18,59.38,7427900,2026-03-06T03:47:15Z
NKE,2008-02-01,12.18,12.18,11.78,12.01,20946534,62.51,62.51,60.5,61.64,4079900,2026-03-06T03:47:15Z
NKE,2008-02-04,11.83,12.2,11.73,12.18,15838700,60.74,62.63,60.24,62.53,3085000,2026-03-06T03:47:15Z
NKE,2008-02-05,11.65,11.85,11.59,11.65,18510500,59.8,60.85,59.51,59.79,3605400,2026-03-06T03:47:15Z
NKE,2008-02-06,11.69,11.96,11.65,11.75,19798645,60.03,61.39,59.84,60.32,3856300,2026-03-06T03:47:15Z
NKE,2008-02-07,11.83,11.89,11.6,11.61,19877172,60.76,61.05,59.55,59.58,3871600,2026-03-06T03:47:15Z
NKE,2008-02-08,11.81,11.96,11.65,11.79,14719493,60.64,61.41,59.81,60.55,2867000,2026-03-06T03:47:15Z
NKE,2008-02-11,11.82,11.94,11.69,11.83,14110582,60.66,61.29,60,60.74,2748400,2026-03-06T03:47:15Z
NKE,2008-02-12,11.95,12.07,11.8,11.84,16010190,61.37,61.97,60.56,60.81,3118400,2026-03-06T03:47:15Z
NKE,2008-02-13,12.18,12.22,11.85,12.05,17709484,62.55,62.74,60.82,61.87,3449400,2026-03-06T03:47:15Z
NKE,2008-02-14,12.13,12.27,12.09,12.25,16187238,62.3,63,62.07,62.89,3152900,2026-03-06T03:47:15Z
NKE,2008-02-15,12.13,12.26,12.01,12.11,13698296,62.29,62.92,61.68,62.16,2668100,2026-03-06T03:47:15Z
NKE,2008-02-19,11.9,12.27,11.86,12.25,11991732,61.12,62.99,60.9,62.89,2335700,2026-03-06T03:47:15Z
NKE,2008-02-20,11.92,11.98,11.78,11.83,11681102,61.2,61.53,60.46,60.74,2275200,2026-03-06T03:47:15Z
NKE,2008-02-21,11.75,11.91,11.62,11.62,16873724,60.32,61.15,59.66,59.66,3286600,2026-03-06T03:47:15Z
NKE,2008-02-22,11.8,11.84,11.62,11.77,17134008,60.59,60.78,59.66,60.45,3337300,2026-03-06T03:47:15Z
NKE,2008-02-25,12,12.02,11.74,11.82,12806456,61.59,61.73,60.29,60.7,2494400,2026-03-06T03:47:15Z
NKE,2008-02-26,12.2,12.27,11.96,11.96,12838772,62.61,63,61.41,61.41,2500700,2026-03-06T03:47:15Z
NKE,2008-02-27,12.15,12.26,12.09,12.1,11704144,62.38,62.92,62.05,62.11,2279700,2026-03-06T03:47:15Z
NKE,2008-02-28,12.08,12.16,11.98,12.07,10933074,62.04,62.41,61.49,61.98,2129500,2026-03-06T03:47:15Z
NKE,2008-02-29,11.73,12.02,11.68,11.94,15154350,60.2,61.71,59.96,61.31,2951700,2026-03-06T03:47:15Z
NKE,2008-03-03,11.7,11.79,11.56,11.73,13293721,60.09,60.51,59.36,60.24,2589300,2026-03-06T03:47:15Z
NKE,2008-03-04,11.77,11.86,11.59,11.61,21388695,60.43,60.9,59.5,59.63,4166000,2026-03-06T03:47:15Z
NKE,2008-03-05,11.84,12.06,11.71,11.84,15105979,60.81,61.91,60.12,60.81,2942300,2026-03-06T03:47:15Z
NKE,2008-03-06,11.65,11.86,11.62,11.85,23811438,59.58,60.64,59.43,60.62,4655500,2026-03-06T03:47:15Z
NKE,2008-03-07,11.39,11.68,11.28,11.53,21988900,58.24,59.72,57.69,58.99,4299200,2026-03-06T03:47:15Z
NKE,2008-03-10,11.14,11.53,11.1,11.38,20691999,56.97,58.98,56.77,58.18,4045600,2026-03-06T03:47:15Z
NKE,2008-03-11,11.32,11.38,11.09,11.37,18792813,57.92,58.2,56.7,58.14,3674300,2026-03-06T03:47:15Z
NKE,2008-03-12,11.68,11.78,11.34,11.34,23324505,59.76,60.27,58,58,4560300,2026-03-06T03:47:15Z
NKE,2008-03-13,11.93,12,11.34,11.51,24608814,61.03,61.37,58,58.85,4811400,2026-03-06T03:47:15Z
NKE,2008-03-14,11.72,12.04,11.6,12.04,24143372,59.96,61.6,59.31,61.6,4720400,2026-03-06T03:47:15Z
NKE,2008-03-17,11.59,11.76,11.29,11.42,23369909,59.26,60.16,57.75,58.42,4569200,2026-03-06T03:47:15Z
NKE,2008-03-18,12.06,12.07,11.65,11.78,17643015,61.67,61.74,59.57,60.27,3449500,2026-03-06T03:47:15Z
NKE,2008-03-19,12.09,12.3,12.09,12.28,26497985,61.83,62.92,61.82,62.79,5180800,2026-03-06T03:47:15Z
NKE,2008-03-20,13.15,13.17,12.09,12.75,55366656,67.27,67.35,61.83,65.2,10825100,2026-03-06T03:47:15Z
NKE,2008-03-24,13.51,13.8,13,13.1,38138697,69.08,70.6,66.48,66.99,7456700,2026-03-06T03:47:15Z
NKE,2008-03-25,13.37,13.55,13.3,13.44,26161087,68.37,69.3,68.01,68.75,5114900,2026-03-06T03:47:15Z
NKE,2008-03-26,12.96,13.37,12.92,13.32,26409181,66.27,68.4,66.07,68.15,5163400,2026-03-06T03:47:15Z
NKE,2008-03-27,12.9,13.16,12.9,13.01,19615856,65.98,67.31,65.98,66.55,3835200,2026-03-06T03:47:15Z
NKE,2008-03-28,12.88,12.99,12.73,12.97,27278039,65.86,66.43,65.1,66.33,5333300,2026-03-06T03:47:15Z
NKE,2008-03-31,13.3,13.35,12.86,12.86,29566352,68,68.26,65.75,65.75,5780700,2026-03-06T03:47:15Z
NKE,2008-04-01,13.6,13.67,13.15,13.41,23075942,69.57,69.91,67.26,68.6,4511700,2026-03-06T03:47:15Z
NKE,2008-04-02,13.29,13.69,13.21,13.45,19880248,67.97,70,67.55,68.79,3886900,2026-03-06T03:47:15Z
NKE,2008-04-03,13.47,13.56,13.15,13.26,16499358,68.9,69.34,67.26,67.83,3225900,2026-03-06T03:47:15Z
NKE,2008-04-04,13.39,13.54,13.29,13.52,16066205,68.51,69.25,67.95,69.15,3141200,2026-03-06T03:47:15Z
NKE,2008-04-07,13.07,13.48,13.06,13.46,16629884,66.83,68.95,66.82,68.87,3251400,2026-03-06T03:47:15Z
NKE,2008-04-08,13.01,13.19,12.95,12.95,16787857,66.53,67.44,66.24,66.24,3282300,2026-03-06T03:47:15Z
NKE,2008-04-09,12.99,13.15,12.89,13.04,16042656,66.44,67.27,65.95,66.7,3136600,2026-03-06T03:47:15Z
NKE,2008-04-10,13.17,13.3,12.88,12.97,22333232,67.37,68.02,65.9,66.32,4366500,2026-03-06T03:47:15Z
NKE,2008-04-11,13.04,13.29,13.02,13.04,16703956,66.69,68,66.6,66.7,3265900,2026-03-06T03:47:15Z
NKE,2008-04-14,12.92,13.05,12.88,12.96,11280395,66.06,66.76,65.85,66.31,2205500,2026-03-06T03:47:15Z
NKE,2008-04-15,12.87,13.02,12.75,12.96,12082863,65.82,66.61,65.19,66.3,2362400,2026-03-06T03:47:15Z
NKE,2008-04-16,12.92,13.01,12.8,12.93,14170241,66.07,66.55,65.47,66.15,2770500,2026-03-06T03:47:15Z
NKE,2008-04-17,13.21,13.24,12.9,12.9,17735639,67.55,67.71,66,66,3467600,2026-03-06T03:47:15Z
NKE,2008-04-18,13.27,13.32,13.15,13.3,20500596,67.89,68.15,67.24,68.05,4008200,2026-03-06T03:47:15Z
NKE,2008-04-21,13.42,13.46,13.12,13.19,18685952,68.62,68.86,67.11,67.47,3653400,2026-03-06T03:47:15Z
NKE,2008-04-22,13.3,13.45,13.16,13.38,14761399,68.03,68.78,67.31,68.45,2886100,2026-03-06T03:47:15Z
NKE,2008-04-23,13.21,13.48,13.17,13.44,18011274,67.58,68.95,67.38,68.76,3521500,2026-03-06T03:47:15Z
NKE,2008-04-24,13.31,13.41,13.18,13.26,18325378,68.06,68.6,67.42,67.81,3582900,2026-03-06T03:47:15Z
NKE,2008-04-25,13.44,13.46,13.24,13.4,15813502,68.74,68.85,67.72,68.52,3091800,2026-03-06T03:47:15Z
NKE,2008-04-28,13.26,13.5,13.22,13.5,14859135,67.82,69.03,67.6,69.03,2905200,2026-03-06T03:47:15Z
NKE,2008-04-29,13.34,13.39,13.2,13.26,12792262,68.23,68.51,67.5,67.82,2501100,2026-03-06T03:47:15Z
NKE,2008-04-30,13.06,13.43,13.02,13.34,21417122,66.8,68.7,66.61,68.23,4187400,2026-03-06T03:47:15Z
NKE,2008-05-01,13.26,13.39,13,13.06,15996691,67.81,68.51,66.5,66.8,3127600,2026-03-06T03:47:15Z
NKE,2008-05-02,13.23,13.41,13.1,13.41,15234063,67.66,68.59,67.01,68.59,2978500,2026-03-06T03:47:15Z
NKE,2008-05-05,13.1,13.39,13.01,13.01,11205700,66.98,68.49,66.55,66.55,2190900,2026-03-06T03:47:15Z
NKE,2008-05-06,13.21,13.26,12.94,13.09,10023198,67.58,67.82,66.19,66.96,1959700,2026-03-06T03:47:15Z
NKE,2008-05-07,13.05,13.42,13.01,13.24,12831168,66.75,68.66,66.56,67.74,2508700,2026-03-06T03:47:15Z
NKE,2008-05-08,12.67,13.1,12.58,13.07,23053424,64.8,67.01,64.34,66.87,4507300,2026-03-06T03:47:15Z
NKE,2008-05-09,12.68,12.77,12.55,12.77,12105425,64.87,65.3,64.19,65.3,2366800,2026-03-06T03:47:15Z
NKE,2008-05-12,12.78,12.89,12.68,12.74,42982210,65.34,65.93,64.85,65.17,8403700,2026-03-06T03:47:15Z
NKE,2008-05-13,12.84,12.92,12.64,12.83,20076076,65.66,66.08,64.66,65.64,3925200,2026-03-06T03:47:15Z
NKE,2008-05-14,13.19,13.37,12.84,12.9,19613740,67.44,68.39,65.66,66,3834800,2026-03-06T03:47:15Z
NKE,2008-05-15,13.3,13.38,13.16,13.27,14705187,68.02,68.44,67.3,67.89,2875100,2026-03-06T03:47:15Z
NKE,2008-05-16,13.2,13.35,13.06,13.35,10616518,67.53,68.27,66.81,68.27,2075700,2026-03-06T03:47:15Z
NKE,2008-05-19,13.25,13.42,13.14,13.2,12404075,67.78,68.65,67.19,67.53,2425200,2026-03-06T03:47:15Z
NKE,2008-05-20,13.11,13.33,13.04,13.14,19053672,67.04,68.16,66.71,67.2,3725300,2026-03-06T03:47:15Z
NKE,2008-05-21,12.73,13.17,12.68,13.14,14339442,65.13,67.35,64.86,67.23,2803600,2026-03-06T03:47:15Z
NKE,2008-05-22,12.71,12.8,12.63,12.73,13787613,65.01,65.49,64.59,65.09,2695700,2026-03-06T03:47:15Z
NKE,2008-05-23,12.66,12.77,12.53,12.69,10263586,64.77,65.29,64.08,64.89,2006700,2026-03-06T03:47:15Z
NKE,2008-05-27,12.91,13.04,12.54,12.69,13252076,66.02,66.68,64.12,64.92,2591000,2026-03-06T03:47:15Z
NKE,2008-05-28,13.17,13.31,13.02,13.02,16166411,67.38,68.07,66.59,66.59,3160800,2026-03-06T03:47:15Z
NKE,2008-05-29,13.37,13.46,13.09,13.18,15008022,68.39,68.87,66.93,67.39,2934300,2026-03-06T03:47:15Z
NKE,2008-05-30,13.37,13.47,13.13,13.44,13318121,68.37,68.88,67.16,68.72,2603900,2026-03-06T03:47:15Z
NKE,2008-06-02,13.13,13.35,12.91,13.35,14806510,67.14,68.27,66.02,68.27,2894900,2026-03-06T03:47:15Z
NKE,2008-06-03,13.09,13.24,12.96,13.2,14255106,66.97,67.72,66.3,67.51,2787100,2026-03-06T03:47:15Z
NKE,2008-06-04,13.28,13.37,13.05,13.09,18080304,67.94,68.4,66.73,66.97,3535000,2026-03-06T03:47:15Z
NKE,2008-06-05,13.75,13.79,13.29,13.35,24911365,70.07,70.28,67.75,68.05,4887100,2026-03-06T03:47:15Z
NKE,2008-06-06,13.33,13.65,13.33,13.61,16336537,67.93,69.58,67.93,69.36,3204900,2026-03-06T03:47:15Z
NKE,2008-06-09,13.45,13.52,13.19,13.31,17421787,68.58,68.89,67.22,67.87,3417800,2026-03-06T03:47:15Z
NKE,2008-06-10,13.43,13.54,13.34,13.35,19605475,68.48,69,68,68.03,3846200,2026-03-06T03:47:15Z
NKE,2008-06-11,13.23,13.44,13.21,13.44,23234748,67.44,68.53,67.34,68.53,4558200,2026-03-06T03:47:15Z
NKE,2008-06-12,13.1,13.46,13.04,13.27,15439392,66.78,68.6,66.46,67.66,3028900,2026-03-06T03:47:15Z
NKE,2008-06-13,13.53,13.68,13.16,13.16,17320264,68.99,69.72,67.09,67.09,3397900,2026-03-06T03:47:15Z
NKE,2008-06-16,13.41,13.51,13.32,13.51,16306439,68.38,68.86,67.88,68.86,3199000,2026-03-06T03:47:15Z
NKE,2008-06-17,13.34,13.58,13.29,13.58,16604188,68,69.2,67.77,69.2,3257400,2026-03-06T03:47:15Z
NKE,2008-06-18,13.32,13.53,13.23,13.28,16184114,67.88,68.95,67.45,67.7,3175000,2026-03-06T03:47:15Z
NKE,2008-06-19,13.31,13.43,13.15,13.35,15049897,67.84,68.48,67.02,68.03,2952500,2026-03-06T03:47:15Z
NKE,2008-06-20,13.09,13.24,12.92,13.23,21638278,66.73,67.5,65.86,67.44,4245000,2026-03-06T03:47:15Z
NKE,2008-06-23,13.12,13.3,13.05,13.15,16510784,66.9,67.78,66.54,67.03,3239100,2026-03-06T03:47:15Z
NKE,2008-06-24,12.94,13.22,12.93,13.22,18830147,65.97,67.39,65.91,67.38,3694100,2026-03-06T03:47:15Z
NKE,2008-06-25,12.94,13.24,12.91,12.97,24467314,65.97,67.51,65.82,66.09,4800000,2026-03-06T03:47:15Z
NKE,2008-06-26,11.67,12.16,11.31,11.93,94415920,59.5,62,57.63,60.79,18522500,2026-03-06T03:47:15Z
NKE,2008-06-27,11.84,12.13,11.58,11.72,38933124,60.34,61.83,59.04,59.72,7637900,2026-03-06T03:47:15Z
NKE,2008-06-30,11.69,11.88,11.67,11.86,25214576,59.61,60.55,59.49,60.46,4946600,2026-03-06T03:47:15Z
NKE,2008-07-01,11.57,11.7,11.31,11.69,38013425,58.99,59.64,57.63,59.6,7457500,2026-03-06T03:47:15Z
NKE,2008-07-02,11.4,11.76,11.37,11.64,24853698,58.09,59.92,57.98,59.34,4875800,2026-03-06T03:47:15Z
NKE,2008-07-03,11.48,11.66,11.26,11.27,12624070,58.52,59.44,57.41,57.44,2476600,2026-03-06T03:47:15Z
NKE,2008-07-07,11.08,11.62,10.89,11.49,42150154,56.46,59.22,55.52,58.56,8269000,2026-03-06T03:47:15Z
NKE,2008-07-08,11.44,11.45,10.91,11.06,24547390,58.32,58.36,55.64,56.39,4815700,2026-03-06T03:47:15Z
NKE,2008-07-09,11.17,11.4,11.1,11.4,32024532,56.95,58.1,56.57,58.1,6282600,2026-03-06T03:47:15Z
NKE,2008-07-10,10.92,11.17,10.79,11.15,27976962,55.67,56.95,55.02,56.85,5488500,2026-03-06T03:47:15Z
NKE,2008-07-11,11.04,11.16,10.72,10.82,32406933,56.26,56.87,54.64,55.14,6357600,2026-03-06T03:47:15Z
NKE,2008-07-14,10.95,11.24,10.91,11.16,20855859,55.81,57.31,55.6,56.9,4091500,2026-03-06T03:47:15Z
NKE,2008-07-15,11.31,11.41,10.93,11.12,28461652,57.64,58.16,55.69,56.68,5583600,2026-03-06T03:47:15Z
NKE,2008-07-16,11.41,11.45,11.06,11.27,31195920,58.16,58.36,56.4,57.45,6120000,2026-03-06T03:47:15Z
NKE,2008-07-17,11.49,11.53,11.17,11.48,33100215,58.56,58.77,56.93,58.52,6493600,2026-03-06T03:47:15Z
NKE,2008-07-18,11.42,11.53,11.05,11.52,20975591,58.2,58.78,56.32,58.73,4115000,2026-03-06T03:47:15Z
NKE,2008-07-21,11.28,11.36,11.08,11.23,15147328,57.51,57.88,56.48,57.26,2971600,2026-03-06T03:47:15Z
NKE,2008-07-22,11.51,11.51,11.11,11.26,19449453,58.67,58.67,56.64,57.38,3815600,2026-03-06T03:47:15Z
NKE,2008-07-23,11.61,11.86,11.48,11.49,19291393,59.2,60.43,58.5,58.57,3784600,2026-03-06T03:47:15Z
NKE,2008-07-24,11.4,11.76,11.36,11.71,17268748,58.13,59.94,57.92,59.67,3387800,2026-03-06T03:47:15Z
NKE,2008-07-25,11.41,11.57,11.3,11.47,15770706,58.17,58.97,57.58,58.48,3093900,2026-03-06T03:47:15Z
NKE,2008-07-28,11.23,11.55,11.23,11.4,13048156,57.24,58.9,57.23,58.13,2559800,2026-03-06T03:47:15Z
NKE,2008-07-29,11.59,11.62,11.2,11.2,12028739,59.06,59.24,57.1,57.1,2359800,2026-03-06T03:47:15Z
NKE,2008-07-30,11.71,11.85,11.51,11.63,13153251,59.68,60.41,58.69,59.3,2580400,2026-03-06T03:47:15Z
NKE,2008-07-31,11.51,11.82,11.36,11.72,13856592,58.68,60.23,57.91,59.75,2718400,2026-03-06T03:47:15Z
NKE,2008-08-01,11.65,11.73,11.33,11.46,16095411,59.4,59.79,57.75,58.42,3157600,2026-03-06T03:47:15Z
NKE,2008-08-04,11.73,11.81,11.53,11.69,12552290,59.78,60.18,58.79,59.61,2462500,2026-03-06T03:47:15Z
NKE,2008-08-05,12.08,12.08,11.68,11.79,23049684,61.58,61.58,59.53,60.11,4521900,2026-03-06T03:47:15Z
NKE,2008-08-06,12.2,12.27,11.85,12.06,23883743,62.19,62.55,60.4,61.49,4685500,2026-03-06T03:47:15Z
NKE,2008-08-07,11.94,12.09,11.78,12.04,22311563,60.85,61.6,60.04,61.37,4377100,2026-03-06T03:47:15Z
NKE,2008-08-08,12.35,12.42,11.87,11.98,15132569,62.95,63.29,60.5,61.06,2968700,2026-03-06T03:47:15Z
NKE,2008-08-11,12.41,12.71,12.23,12.36,17597626,63.27,64.8,62.33,63.02,3452300,2026-03-06T03:47:15Z
NKE,2008-08-12,12.18,12.44,12.09,12.31,16321714,62.1,63.4,61.6,62.77,3202000,2026-03-06T03:47:15Z
NKE,2008-08-13,12.16,12.29,11.96,12.25,10534180,61.97,62.65,60.94,62.43,2066600,2026-03-06T03:47:15Z
NKE,2008-08-14,12.16,12.33,12.03,12.08,12919215,62,62.85,61.34,61.58,2534500,2026-03-06T03:47:15Z
NKE,2008-08-15,12.22,12.34,12.14,12.17,14168564,62.29,62.89,61.9,62.02,2779600,2026-03-06T03:47:15Z
NKE,2008-08-18,12.09,12.31,12.04,12.26,8255682,61.65,62.75,61.35,62.5,1619600,2026-03-06T03:47:15Z
NKE,2008-08-19,11.97,12.07,11.92,12.01,9403071,61.03,61.52,60.77,61.21,1844700,2026-03-06T03:47:15Z
NKE,2008-08-20,11.9,12.05,11.79,11.99,16128016,60.66,61.4,60.11,61.1,3164000,2026-03-06T03:47:15Z
NKE,2008-08-21,11.89,11.91,11.63,11.79,13833151,60.59,60.73,59.26,60.11,2713800,2026-03-06T03:47:15Z
NKE,2008-08-22,11.99,12.16,11.95,11.96,12459434,61.11,62,60.91,60.98,2444300,2026-03-06T03:47:15Z
NKE,2008-08-25,11.71,12.02,11.66,11.87,13000314,59.71,61.26,59.42,60.5,2550400,2026-03-06T03:47:15Z
NKE,2008-08-26,11.56,11.74,11.53,11.73,15243687,58.92,59.87,58.75,59.79,2990500,2026-03-06T03:47:15Z
NKE,2008-08-27,11.71,11.73,11.52,11.59,11778428,59.67,59.8,58.7,59.1,2310700,2026-03-06T03:47:15Z
NKE,2008-08-28,12.01,12.07,11.73,11.76,11806542,61.22,61.54,59.8,59.92,2316200,2026-03-06T03:47:15Z
NKE,2008-08-29,11.89,12.03,11.87,12,8467202,60.61,61.34,60.52,61.18,1661100,2026-03-06T03:47:15Z
NKE,2008-09-02,12,12.31,11.92,12.08,17247415,61.18,62.75,60.78,61.56,3383600,2026-03-06T03:47:15Z
NKE,2008-09-03,12.15,12.18,11.77,11.91,15761039,61.91,62.09,60.01,60.73,3092000,2026-03-06T03:47:15Z
NKE,2008-09-04,11.76,12.15,11.75,12.01,14897039,59.74,61.73,59.65,60.97,2933400,2026-03-06T03:47:15Z
NKE,2008-09-05,11.58,11.75,11.51,11.7,17462719,58.82,59.69,58.47,59.41,3438600,2026-03-06T03:47:15Z
NKE,2008-09-08,11.88,11.9,11.6,11.81,16088914,60.33,60.42,58.9,60,3168100,2026-03-06T03:47:15Z
NKE,2008-09-09,11.87,12.12,11.71,11.88,17798387,60.28,61.55,59.49,60.33,3504700,2026-03-06T03:47:15Z
NKE,2008-09-10,11.79,11.97,11.64,11.79,18765269,59.87,60.81,59.13,59.89,3695100,2026-03-06T03:47:15Z
NKE,2008-09-11,12.01,12.02,11.6,11.67,16867467,60.97,61.02,58.92,59.25,3321400,2026-03-06T03:47:15Z
NKE,2008-09-12,12.19,12.22,11.81,11.93,16723194,61.92,62.08,60,60.6,3293000,2026-03-06T03:47:15Z
NKE,2008-09-15,11.91,12.34,11.62,11.9,18168484,60.5,62.68,59.02,60.43,3577600,2026-03-06T03:47:15Z
NKE,2008-09-16,12.05,12.2,11.63,11.64,18310278,61.19,61.94,59.05,59.11,3605500,2026-03-06T03:47:15Z
NKE,2008-09-17,11.73,12.09,11.56,11.72,24744512,59.56,61.37,58.7,59.51,4872500,2026-03-06T03:47:15Z
NKE,2008-09-18,12.73,12.99,11.57,11.86,64041762,64.64,65.99,58.74,60.25,12610600,2026-03-06T03:47:15Z
NKE,2008-09-19,12.54,13.13,12.18,13.12,36750411,63.7,66.66,61.85,66.62,7236600,2026-03-06T03:47:15Z
NKE,2008-09-22,12.44,12.96,12.3,12.84,21101799,63.15,65.81,62.45,65.2,4155200,2026-03-06T03:47:15Z
NKE,2008-09-23,11.98,12.48,11.92,12.48,22110490,60.83,63.4,60.55,63.39,4353800,2026-03-06T03:47:15Z
NKE,2008-09-24,11.67,12.02,11.58,11.98,23774528,59.27,61.04,58.83,60.84,4681500,2026-03-06T03:47:15Z
NKE,2008-09-25,12.8,12.95,12.29,12.37,58457809,65.01,65.78,62.42,62.8,11511000,2026-03-06T03:47:15Z
NKE,2008-09-26,13.35,13.39,12.6,12.64,38377224,67.79,68,64,64.18,7556900,2026-03-06T03:47:15Z
NKE,2008-09-29,12.81,13.26,12.73,13.19,39200328,65.05,67.35,64.63,66.98,7719000,2026-03-06T03:47:15Z
NKE,2008-09-30,13.17,13.28,12.77,12.98,27120771,66.9,67.44,64.85,65.93,5340400,2026-03-06T03:47:15Z
NKE,2008-10-01,13.03,13.2,12.83,13.04,18888129,66.16,67.02,65.15,66.2,3719300,2026-03-06T03:47:15Z
NKE,2008-10-02,12.55,13,12.52,12.82,27282326,63.75,66,63.6,65.12,5372200,2026-03-06T03:47:15Z
NKE,2008-10-03,12.45,13,12.46,12.68,20279591,63.25,66,63.25,64.39,3993300,2026-03-06T03:47:15Z
NKE,2008-10-06,12.04,12.4,11.31,12.21,43523501,61.14,63,57.42,61.99,8570300,2026-03-06T03:47:15Z
NKE,2008-10-07,11.42,12.2,11.39,12.2,22973830,57.98,61.95,57.87,61.95,4523800,2026-03-06T03:47:15Z
NKE,2008-10-08,10.97,11.59,10.86,11.23,46794498,55.7,58.87,55.16,57.03,9214400,2026-03-06T03:47:15Z
NKE,2008-10-09,10.45,11.21,10.41,11.04,30785803,53.08,56.95,52.89,56.08,6062100,2026-03-06T03:47:15Z
NKE,2008-10-10,10.74,11.4,9.65,9.92,49509475,54.53,57.92,49.03,50.37,9749000,2026-03-06T03:47:15Z
NKE,2008-10-13,11,11.1,10.69,10.96,33157047,55.85,56.35,54.29,55.65,6529000,2026-03-06T03:47:15Z
NKE,2008-10-14,11.25,11.72,11.08,11.43,40679641,57.12,59.5,56.29,58.06,8010300,2026-03-06T03:47:15Z
NKE,2008-10-15,9.92,11.13,9.88,11.03,36607170,50.36,56.53,50.2,56.02,7208400,2026-03-06T03:47:15Z
NKE,2008-10-16,11.02,11.07,9.83,10.36,42922980,55.97,56.21,49.9,52.63,8452000,2026-03-06T03:47:15Z
NKE,2008-10-17,11.32,11.46,10.61,10.76,31451617,57.48,58.21,53.86,54.63,6193200,2026-03-06T03:47:15Z
NKE,2008-10-20,11.77,11.77,11.2,11.43,27254795,59.75,59.75,56.86,58.02,5366800,2026-03-06T03:47:15Z
NKE,2008-10-21,11.25,11.76,11.17,11.58,22214011,57.12,59.71,56.72,58.82,4374200,2026-03-06T03:47:15Z
NKE,2008-10-22,10.34,11,10.04,10.92,33106601,52.5,55.87,51,55.44,6519100,2026-03-06T03:47:15Z
NKE,2008-10-23,9.99,10.5,9.48,10.31,37000961,50.73,53.32,48.17,52.34,7285900,2026-03-06T03:47:15Z
NKE,2008-10-24,9.41,9.88,9.3,9.32,38249672,47.79,50.19,47.23,47.31,7531800,2026-03-06T03:47:15Z
NKE,2008-10-27,9.17,9.62,9.15,9.38,19738883,46.55,48.88,46.47,47.66,3886800,2026-03-06T03:47:15Z
NKE,2008-10-28,10.32,10.34,9.18,9.38,32963032,52.42,52.5,46.63,47.66,6490800,2026-03-06T03:47:15Z
NKE,2008-10-29,10.33,10.81,9.99,10.28,22692968,52.48,54.89,50.74,52.18,4468500,2026-03-06T03:47:15Z
NKE,2008-10-30,10.99,11.1,10.54,10.73,30500589,55.81,56.38,53.5,54.51,6005900,2026-03-06T03:47:15Z
NKE,2008-10-31,11.35,11.63,10.87,10.87,26745543,57.63,59.04,55.18,55.18,5266500,2026-03-06T03:47:15Z
NKE,2008-11-03,11,11.52,10.91,11.28,15738597,55.84,58.5,55.43,57.26,3099100,2026-03-06T03:47:15Z
NKE,2008-11-04,11.07,11.27,10.84,11.19,16201134,56.22,57.25,55.03,56.81,3190200,2026-03-06T03:47:15Z
NKE,2008-11-05,10.39,11.1,10.35,11.03,21167863,52.78,56.39,52.54,55.99,4168200,2026-03-06T03:47:15Z
NKE,2008-11-06,9.97,10.23,9.83,10.21,36221343,50.64,51.94,49.94,51.84,7132400,2026-03-06T03:47:15Z
NKE,2008-11-07,9.73,10.09,9.37,10.08,30932671,49.41,51.24,47.56,51.18,6091000,2026-03-06T03:47:15Z
NKE,2008-11-10,9.45,9.99,9.24,9.92,27394380,47.97,50.73,46.92,50.39,5394300,2026-03-06T03:47:15Z
NKE,2008-11-11,8.99,9.49,8.73,9.43,37175876,45.67,48.22,44.34,47.91,7320400,2026-03-06T03:47:15Z
NKE,2008-11-12,8.74,9.01,8.57,9.01,24874012,44.37,45.74,43.5,45.74,4898000,2026-03-06T03:47:15Z
NKE,2008-11-13,9.62,9.63,8.59,8.77,31692394,48.86,48.93,43.62,44.53,6240600,2026-03-06T03:47:15Z
NKE,2008-11-14,9.16,9.58,9.05,9.28,21753915,46.53,48.65,45.94,47.11,4283600,2026-03-06T03:47:15Z
NKE,2008-11-17,9.12,9.46,9.06,9.13,22656300,46.31,48.03,46,46.35,4461300,2026-03-06T03:47:15Z
NKE,2008-11-18,9.18,9.34,8.77,9.16,24554050,46.64,47.44,44.55,46.54,4835000,2026-03-06T03:47:15Z
NKE,2008-11-19,8.63,9.31,8.62,9.19,20639729,43.84,47.26,43.76,46.65,4064200,2026-03-06T03:47:15Z
NKE,2008-11-20,8.59,9.42,8.4,8.57,34484568,43.61,47.84,42.68,43.5,6790400,2026-03-06T03:47:15Z
NKE,2008-11-21,9.43,9.48,8.62,8.8,32554805,47.88,48.17,43.75,44.71,6410400,2026-03-06T03:47:15Z
NKE,2008-11-24,9.91,10.04,9.43,9.47,23608544,50.32,51,47.91,48.07,4648800,2026-03-06T03:47:15Z
NKE,2008-11-25,9.71,10.39,9.5,10.31,30221599,49.29,52.75,48.26,52.34,5951000,2026-03-06T03:47:15Z
NKE,2008-11-26,10.49,10.53,9.5,9.55,20108597,53.25,53.49,48.24,48.5,3959600,2026-03-06T03:47:15Z
NKE,2008-11-28,10.49,10.63,10.17,10.56,9509889,53.25,54,51.63,53.61,1872600,2026-03-06T03:47:15Z
NKE,2008-12-01,9.46,10.29,9.43,10.29,17985218,48.02,52.27,47.88,52.27,3541500,2026-03-06T03:47:15Z
NKE,2008-12-02,9.85,9.94,9.53,9.59,20453235,50.01,50.48,48.39,48.69,4027500,2026-03-06T03:47:15Z
NKE,2008-12-03,10.24,10.32,9.41,9.63,22057045,52.01,52.42,47.81,48.93,4343300,2026-03-06T03:47:15Z
NKE,2008-12-04,10.28,10.72,9.9,10.12,27222531,51.96,54.17,50.04,51.17,5386300,2026-03-06T03:47:15Z
NKE,2008-12-05,10.55,10.6,9.8,10.09,17468166,53.34,53.57,49.51,50.98,3456300,2026-03-06T03:47:15Z
NKE,2008-12-08,11.11,11.34,10.74,10.79,40847828,56.17,57.33,54.3,54.53,8082300,2026-03-06T03:47:15Z
NKE,2008-12-09,10.47,11.01,10.32,10.94,24587135,52.94,55.63,52.18,55.27,4864900,2026-03-06T03:47:15Z
NKE,2008-12-10,9.99,10.28,9.68,10.21,32164114,50.5,51.95,48.94,51.59,6364100,2026-03-06T03:47:15Z
NKE,2008-12-11,9.64,10.14,9.54,9.93,20821905,48.73,51.24,48.19,50.17,4119900,2026-03-06T03:47:15Z
NKE,2008-12-12,9.77,9.83,9.42,9.43,18566374,49.37,49.7,47.61,47.67,3673600,2026-03-06T03:47:15Z
NKE,2008-12-15,9.54,10.07,9.37,9.89,17174541,48.19,50.88,47.35,50.01,3398200,2026-03-06T03:47:15Z
NKE,2008-12-16,9.82,9.93,9.45,9.55,31020512,49.64,50.2,47.75,48.27,6137800,2026-03-06T03:47:15Z
NKE,2008-12-17,10.02,10.37,9.64,9.64,19470001,50.64,52.4,48.7,48.7,3852400,2026-03-06T03:47:15Z
NKE,2008-12-18,10.43,10.73,9.96,10.03,31158937,52.69,54.25,50.35,50.69,6165200,2026-03-06T03:47:15Z
NKE,2008-12-19,10.14,10.69,9.98,10.54,30830598,51.26,54,50.43,53.29,6100200,2026-03-06T03:47:15Z
NKE,2008-12-22,9.72,10.22,9.53,10.14,17418062,49.1,51.65,48.14,51.27,3446400,2026-03-06T03:47:15Z
NKE,2008-12-23,9.49,9.9,9.31,9.74,16554399,47.96,50.02,47.08,49.22,3275500,2026-03-06T03:47:15Z
NKE,2008-12-24,9.72,9.77,9.43,9.51,5540202,49.13,49.38,47.64,48.05,1096200,2026-03-06T03:47:15Z
NKE,2008-12-26,9.85,9.9,9.76,9.76,6215387,49.76,50.02,49.3,49.3,1229800,2026-03-06T03:47:15Z
NKE,2008-12-29,9.68,9.89,9.55,9.83,11808693,48.94,49.97,48.27,49.7,2336500,2026-03-06T03:47:15Z
NKE,2008-12-30,9.83,9.85,9.65,9.76,12162975,49.69,49.8,48.79,49.33,2406600,2026-03-06T03:47:15Z
NKE,2008-12-31,10.09,10.2,9.8,9.86,19065742,51,51.55,49.54,49.81,3772400,2026-03-06T03:47:15Z
NKE,2009-01-02,10.5,10.61,9.95,10.08,15198410,53.06,53.6,50.31,50.95,3007200,2026-03-06T03:47:15Z
NKE,2009-01-05,10.57,10.64,10.35,10.41,16315832,53.44,53.77,52.3,52.62,3228300,2026-03-06T03:47:15Z
NKE,2009-01-06,10.36,10.69,10.25,10.64,19319441,52.36,54,51.8,53.8,3822600,2026-03-06T03:47:15Z
NKE,2009-01-07,9.98,10.29,9.95,10.21,25477646,50.46,52,50.3,51.61,5041100,2026-03-06T03:47:15Z
NKE,2009-01-08,10.17,10.17,9.84,9.95,19874823,51.39,51.4,49.72,50.29,3932500,2026-03-06T03:47:15Z
NKE,2009-01-09,9.82,10.24,9.77,10.18,16736805,49.61,51.78,49.37,51.45,3311600,2026-03-06T03:47:15Z
NKE,2009-01-12,9.92,9.99,9.69,9.77,17348355,50.12,50.47,48.96,49.4,3432600,2026-03-06T03:47:15Z
NKE,2009-01-13,9.79,10.08,9.72,9.86,19684365,49.5,50.95,49.11,49.81,3894800,2026-03-06T03:47:15Z
NKE,2009-01-14,9.23,9.59,9.13,9.54,34625003,46.65,48.46,46.17,48.22,6851000,2026-03-06T03:47:15Z
NKE,2009-01-15,9.29,9.37,9.05,9.23,20759415,46.96,47.37,45.72,46.65,4107500,2026-03-06T03:47:15Z
NKE,2009-01-16,9.26,9.38,9.08,9.38,17442349,46.8,47.4,45.87,47.38,3451200,2026-03-06T03:47:15Z
NKE,2009-01-20,8.73,9.29,8.71,9.13,18631015,44.14,46.94,44,46.13,3686400,2026-03-06T03:47:15Z
NKE,2009-01-21,9.03,9.05,8.62,8.84,17616279,45.66,45.74,43.54,44.69,3485600,2026-03-06T03:47:15Z
NKE,2009-01-22,9.03,9.27,8.74,8.91,18155975,45.63,46.86,44.18,45.03,3592400,2026-03-06T03:47:15Z
NKE,2009-01-23,9.04,9.15,8.71,8.86,14377091,45.68,46.27,44.04,44.77,2844700,2026-03-06T03:47:15Z
NKE,2009-01-26,9.04,9.31,8.9,9.06,10114577,45.67,47.08,45,45.79,2001300,2026-03-06T03:47:15Z
NKE,2009-01-27,9,9.13,8.87,9.09,12242370,45.51,46.16,44.85,45.92,2422300,2026-03-06T03:47:15Z
NKE,2009-01-28,9.42,9.57,9.16,9.16,15049267,47.6,48.35,46.3,46.32,2977700,2026-03-06T03:47:15Z
NKE,2009-01-29,9.1,9.43,9.07,9.32,11039480,45.99,47.68,45.82,47.13,2184300,2026-03-06T03:47:15Z
NKE,2009-01-30,8.95,9.2,8.89,9.16,13481550,45.25,46.49,44.94,46.3,2667500,2026-03-06T03:47:15Z
NKE,2009-02-02,8.79,8.96,8.67,8.82,12655801,44.43,45.3,43.82,44.57,2504100,2026-03-06T03:47:15Z
NKE,2009-02-03,9.16,9.2,8.73,8.84,14022920,46.3,46.49,44.11,44.68,2774600,2026-03-06T03:47:15Z
NKE,2009-02-04,9.06,9.19,8.96,9.19,19021679,45.78,46.43,45.26,46.42,3763700,2026-03-06T03:47:15Z
NKE,2009-02-05,9.34,9.38,8.97,9.06,18262700,47.2,47.43,45.33,45.78,3613500,2026-03-06T03:47:15Z
NKE,2009-02-06,9.63,9.72,9.26,9.36,17520656,48.68,49.12,46.8,47.32,3466700,2026-03-06T03:47:15Z
NKE,2009-02-09,9.45,9.64,9.33,9.64,14380176,47.77,48.74,47.14,48.74,2845300,2026-03-06T03:47:15Z
NKE,2009-02-10,8.91,9.45,8.86,9.35,22763801,45.05,47.77,44.76,47.27,4504100,2026-03-06T03:47:15Z
NKE,2009-02-11,8.77,8.98,8.58,8.98,30298777,44.31,45.39,43.37,45.38,5995000,2026-03-06T03:47:15Z
NKE,2009-02-12,8.8,8.83,8.5,8.64,18791766,44.46,44.61,42.94,43.69,3718200,2026-03-06T03:47:15Z
NKE,2009-02-13,8.59,8.91,8.55,8.75,15266101,43.43,45.03,43.21,44.23,3020600,2026-03-06T03:47:15Z
NKE,2009-02-17,8.3,8.45,8.19,8.45,28148175,41.94,42.72,41.37,42.72,5569500,2026-03-06T03:47:15Z
NKE,2009-02-18,8.61,8.69,8.3,8.37,29629584,43.52,43.94,41.95,42.32,5862600,2026-03-06T03:47:15Z
NKE,2009-02-19,8.47,8.78,8.38,8.69,16481635,42.81,44.38,42.34,43.94,3261100,2026-03-06T03:47:15Z
NKE,2009-02-20,8.49,8.58,8.29,8.37,15268245,42.93,43.36,41.92,42.32,3021000,2026-03-06T03:47:15Z
NKE,2009-02-23,8.23,8.69,8.19,8.6,16320342,41.61,43.9,41.41,43.45,3229200,2026-03-06T03:47:15Z
NKE,2009-02-24,8.5,8.53,8.01,8.24,17509667,42.94,43.12,40.49,41.64,3464500,2026-03-06T03:47:15Z
NKE,2009-02-25,8.34,8.54,8.22,8.44,20070513,42.15,43.16,41.56,42.64,3971200,2026-03-06T03:47:15Z
NKE,2009-02-26,8.12,8.41,8.11,8.41,15981801,41.03,42.53,41,42.5,3162200,2026-03-06T03:47:15Z
NKE,2009-02-27,8.22,8.35,7.93,7.96,23676122,41.53,42.18,40.08,40.23,4684600,2026-03-06T03:47:15Z
NKE,2009-03-02,7.87,8.17,7.84,8.08,22014313,39.76,41.29,39.63,40.83,4355800,2026-03-06T03:47:15Z
NKE,2009-03-03,7.92,8.16,7.92,7.99,21615496,40.05,41.25,40.02,40.37,4276900,2026-03-06T03:47:15Z
NKE,2009-03-04,8.42,8.57,8.06,8.06,21094319,42.55,43.32,40.74,40.74,4173800,2026-03-06T03:47:15Z
NKE,2009-03-05,7.95,8.35,7.85,8.23,29740082,39.94,41.94,39.44,41.37,5919200,2026-03-06T03:47:15Z
NKE,2009-03-06,7.95,8.14,7.76,8.01,30104850,39.94,40.91,39,40.25,5991800,2026-03-06T03:47:15Z
NKE,2009-03-09,7.68,7.98,7.61,7.83,25994694,38.57,40.08,38.24,39.35,5173800,2026-03-06T03:47:15Z
NKE,2009-03-10,8.28,8.36,7.76,7.76,28834131,41.61,42,38.97,38.97,5738900,2026-03-06T03:47:15Z
NKE,2009-03-11,8.64,8.74,8.31,8.36,24176904,43.43,43.94,41.75,41.98,4812000,2026-03-06T03:47:15Z
NKE,2009-03-12,8.87,8.93,8.44,8.64,22750708,44.59,44.84,42.41,43.43,4528100,2026-03-06T03:47:15Z
NKE,2009-03-13,8.89,8.92,8.61,8.91,24995361,44.67,44.82,43.27,44.76,4974900,2026-03-06T03:47:15Z
NKE,2009-03-16,8.74,8.97,8.68,8.96,20879544,43.91,45.08,43.61,45,4155700,2026-03-06T03:47:15Z
NKE,2009-03-17,9.04,9.09,8.67,8.73,27465761,45.41,45.65,43.54,43.85,5466600,2026-03-06T03:47:15Z
NKE,2009-03-18,9.14,9.26,8.94,9.15,29429276,45.92,46.53,44.94,45.95,5857400,2026-03-06T03:47:15Z
NKE,2009-03-19,9.26,9.35,8.61,8.71,40548197,46.5,47,43.25,43.78,8070400,2026-03-06T03:47:15Z
NKE,2009-03-20,8.96,9.53,8.82,9.35,31339759,45.02,47.86,44.31,46.97,6237600,2026-03-06T03:47:15Z
NKE,2009-03-23,9.48,9.5,8.93,9.15,18066951,47.62,47.71,44.87,45.97,3595900,2026-03-06T03:47:15Z
NKE,2009-03-24,9.08,9.4,9.03,9.3,16117938,45.6,47.21,45.37,46.74,3208000,2026-03-06T03:47:15Z
NKE,2009-03-25,9.23,9.4,8.99,9.18,16886756,46.37,47.25,45.15,46.12,3361000,2026-03-06T03:47:15Z
NKE,2009-03-26,9.47,9.61,9.26,9.29,17732870,47.6,48.29,46.54,46.68,3529400,2026-03-06T03:47:15Z
NKE,2009-03-27,9.32,9.48,9.27,9.44,10000358,46.84,47.65,46.58,47.42,1990400,2026-03-06T03:47:15Z
NKE,2009-03-30,9.21,9.24,8.96,9.15,16691823,46.26,46.44,45.02,46,3322200,2026-03-06T03:47:15Z
NKE,2009-03-31,9.33,9.48,9.12,9.3,22493393,46.89,47.64,45.8,46.74,4476900,2026-03-06T03:47:15Z
NKE,2009-04-01,9.35,9.39,9.08,9.19,16335571,47,47.2,45.64,46.18,3251300,2026-03-06T03:47:15Z
NKE,2009-04-02,10.05,10.22,9.48,9.5,29997767,50.49,51.34,47.61,47.71,5970500,2026-03-06T03:47:15Z
NKE,2009-04-03,10.32,10.33,9.99,10,18056876,51.87,51.89,50.2,50.26,3593900,2026-03-06T03:47:15Z
NKE,2009-04-06,10.2,10.25,10.04,10.21,13917320,51.27,51.5,50.46,51.28,2770000,2026-03-06T03:47:15Z
NKE,2009-04-07,9.92,10.03,9.85,10.03,14545451,49.86,50.38,49.51,50.37,2895000,2026-03-06T03:47:15Z
NKE,2009-04-08,10,10.07,9.84,9.94,16458606,50.24,50.62,49.45,49.96,3275800,2026-03-06T03:47:15Z
NKE,2009-04-09,10.6,10.65,10.07,10.2,22665274,53.27,53.5,50.59,51.25,4511100,2026-03-06T03:47:15Z
NKE,2009-04-13,10.57,10.64,10.27,10.49,16582728,53.12,53.47,51.59,52.73,3300500,2026-03-06T03:47:15Z
NKE,2009-04-14,10.23,10.47,9.99,10.47,21322587,51.4,52.6,50.18,52.6,4243900,2026-03-06T03:47:15Z
NKE,2009-04-15,10.37,10.39,10.16,10.23,13941922,52.11,52.2,51.05,51.4,2774900,2026-03-06T03:47:15Z
NKE,2009-04-16,10.7,10.77,10.34,10.39,14526240,53.77,54.09,51.93,52.2,2891200,2026-03-06T03:47:15Z
NKE,2009-04-17,10.87,10.95,10.59,10.75,17414345,54.61,55,53.22,54.03,3466000,2026-03-06T03:47:15Z
NKE,2009-04-20,10.42,10.72,10.35,10.72,12512077,52.36,53.88,52.02,53.88,2490300,2026-03-06T03:47:15Z
NKE,2009-04-21,10.6,10.68,10.36,10.41,12928114,53.27,53.65,52.03,52.31,2573100,2026-03-06T03:47:15Z
NKE,2009-04-22,10.95,11.14,10.4,10.53,17753863,55,55.99,52.25,52.91,3533600,2026-03-06T03:47:15Z
NKE,2009-04-23,10.83,11.03,10.6,10.95,15338166,54.39,55.43,53.26,55,3052800,2026-03-06T03:47:15Z
NKE,2009-04-24,10.89,10.99,10.75,10.89,10546064,54.73,55.24,54.03,54.73,2099000,2026-03-06T03:47:15Z
NKE,2009-04-27,10.77,11,10.66,10.76,11563972,54.13,55.28,53.57,54.07,2301600,2026-03-06T03:47:15Z
NKE,2009-04-28,11.06,11.21,10.63,10.63,12410554,55.59,56.3,53.4,53.4,2470100,2026-03-06T03:47:15Z
NKE,2009-04-29,10.54,11.1,10.45,11.07,27453967,52.96,55.75,52.5,55.6,5464200,2026-03-06T03:47:15Z
NKE,2009-04-30,10.44,10.95,10.39,10.66,24275515,52.47,55.02,52.18,53.54,4831600,2026-03-06T03:47:15Z
NKE,2009-05-01,10.53,10.62,10.45,10.52,17461970,52.92,53.37,52.5,52.87,3475500,2026-03-06T03:47:15Z
NKE,2009-05-04,11,11,10.52,10.53,18275451,55.27,55.27,52.87,52.91,3637400,2026-03-06T03:47:15Z
NKE,2009-05-05,10.95,10.98,10.82,10.83,16639976,55,55.18,54.35,54.42,3311900,2026-03-06T03:47:15Z
NKE,2009-05-06,10.87,11.1,10.8,11.04,18596069,54.61,55.78,54.24,55.45,3701200,2026-03-06T03:47:15Z
NKE,2009-05-07,10.56,11.08,10.44,11.01,23294789,53.08,55.67,52.43,55.32,4636400,2026-03-06T03:47:15Z
NKE,2009-05-08,10.83,10.92,10.35,10.7,14283660,54.42,54.86,52,53.76,2842900,2026-03-06T03:47:15Z
NKE,2009-05-11,10.58,10.71,10.51,10.6,18910958,53.14,53.81,52.79,53.24,3763900,2026-03-06T03:47:15Z
NKE,2009-05-12,10.15,10.52,10,10.46,30491433,50.98,52.85,50.24,52.57,6068800,2026-03-06T03:47:15Z
NKE,2009-05-13,9.86,10.03,9.71,10.03,22984161,49.52,50.4,48.76,50.4,4574600,2026-03-06T03:47:15Z
NKE,2009-05-14,10.14,10.22,9.83,9.83,20973972,50.95,51.37,49.4,49.4,4174500,2026-03-06T03:47:15Z
NKE,2009-05-15,9.9,10.27,9.88,10.09,18482346,49.75,51.6,49.64,50.68,3678600,2026-03-06T03:47:15Z
NKE,2009-05-18,10.19,10.21,9.95,9.98,13641073,51.2,51.28,50,50.12,2715000,2026-03-06T03:47:15Z
NKE,2009-05-19,10.36,10.47,10.06,10.25,18370959,52.04,52.6,50.53,51.5,3656400,2026-03-06T03:47:15Z
NKE,2009-05-20,10.09,10.46,10.06,10.41,18668917,50.69,52.54,50.54,52.33,3715700,2026-03-06T03:47:15Z
NKE,2009-05-21,10.22,10.24,9.97,10.02,19269250,51.35,51.43,50.07,50.36,3835200,2026-03-06T03:47:15Z
NKE,2009-05-22,10.43,10.53,10.19,10.22,18639155,52.41,52.89,51.19,51.35,3709800,2026-03-06T03:47:15Z
NKE,2009-05-26,10.78,10.86,10.34,10.34,21065887,54.17,54.57,51.97,51.97,4192800,2026-03-06T03:47:15Z
NKE,2009-05-27,10.83,11.01,10.72,10.78,19001019,54.41,55.29,53.84,54.17,3781800,2026-03-06T03:47:15Z
NKE,2009-05-28,10.97,11.02,10.67,10.84,18891857,55.11,55.36,53.61,54.45,3760100,2026-03-06T03:47:15Z
NKE,2009-05-29,11.35,11.37,10.89,11,20806660,57.05,57.14,54.7,55.26,4141200,2026-03-06T03:47:15Z
NKE,2009-06-01,11.79,11.93,11.46,11.52,22125153,59.26,59.95,57.56,57.86,4403600,2026-03-06T03:47:15Z
NKE,2009-06-02,11.51,11.81,11.49,11.74,23793200,57.83,59.32,57.75,58.99,4735600,2026-03-06T03:47:15Z
NKE,2009-06-03,11.58,11.59,11.3,11.42,17608209,58.17,58.22,56.8,57.39,3504600,2026-03-06T03:47:15Z
NKE,2009-06-04,11.5,11.62,11.32,11.51,16381467,57.54,58.14,56.64,57.59,3274500,2026-03-06T03:47:15Z
NKE,2009-06-05,11.65,11.82,11.58,11.71,20575120,58.29,59.12,57.95,58.6,4112800,2026-03-06T03:47:15Z
NKE,2009-06-08,11.59,11.72,11.45,11.62,13361256,58,58.62,57.27,58.12,2670800,2026-03-06T03:47:15Z
NKE,2009-06-09,11.73,11.78,11.52,11.59,12152129,58.66,58.95,57.64,57.99,2429100,2026-03-06T03:47:15Z
NKE,2009-06-10,11.4,11.81,11.24,11.77,29816200,57.05,59.06,56.25,58.87,5960000,2026-03-06T03:47:15Z
NKE,2009-06-11,11.32,11.57,11.31,11.43,19325579,56.62,57.89,56.57,57.16,3863000,2026-03-06T03:47:15Z
NKE,2009-06-12,11.32,11.39,11.12,11.28,19368605,56.61,56.99,55.65,56.42,3871600,2026-03-06T03:47:15Z
NKE,2009-06-15,11.18,11.29,11.08,11.27,16149804,55.94,56.47,55.41,56.39,3228200,2026-03-06T03:47:15Z
NKE,2009-06-16,11.06,11.34,11.02,11.18,12224128,55.33,56.75,55.14,55.95,2443500,2026-03-06T03:47:15Z
NKE,2009-06-17,10.92,11.1,10.87,11.02,16992175,54.63,55.53,54.39,55.15,3396600,2026-03-06T03:47:15Z
NKE,2009-06-18,11.25,11.48,10.93,11.03,22136493,56.3,57.43,54.7,55.2,4424900,2026-03-06T03:47:15Z
NKE,2009-06-19,11.33,11.59,11.3,11.36,19201999,56.7,57.96,56.53,56.83,3838300,2026-03-06T03:47:15Z
NKE,2009-06-22,11.05,11.23,11.02,11.23,15383351,55.26,56.2,55.11,56.2,3075000,2026-03-06T03:47:15Z
NKE,2009-06-23,10.7,11.05,10.66,11.02,20103389,53.54,55.26,53.35,55.15,4018500,2026-03-06T03:47:15Z
NKE,2009-06-24,10.6,10.87,10.55,10.78,25258816,53.02,54.36,52.76,53.95,5049000,2026-03-06T03:47:15Z
NKE,2009-06-25,10.25,10.31,10.03,10.12,74549207,51.28,51.57,50.16,50.65,14901700,2026-03-06T03:47:15Z
NKE,2009-06-26,10.16,10.27,10.1,10.14,26722954,50.84,51.37,50.51,50.74,5341700,2026-03-06T03:47:15Z
NKE,2009-06-29,10.34,10.43,10.15,10.22,17290354,51.75,52.16,50.8,51.15,3456200,2026-03-06T03:47:15Z
NKE,2009-06-30,10.35,10.49,10.25,10.37,14633413,51.78,52.48,51.28,51.86,2925100,2026-03-06T03:47:15Z
NKE,2009-07-01,10.48,10.59,10.26,10.42,15464407,52.42,52.99,51.35,52.14,3091200,2026-03-06T03:47:15Z
NKE,2009-07-02,10.21,10.36,10.21,10.35,19168512,51.06,51.83,51.06,51.77,3831600,2026-03-06T03:47:15Z
NKE,2009-07-06,10.38,10.45,10.14,10.14,18608537,51.91,52.3,50.74,50.74,3719700,2026-03-06T03:47:15Z
NKE,2009-07-07,10.24,10.36,10.17,10.33,15240333,51.21,51.85,50.89,51.7,3046400,2026-03-06T03:47:15Z
NKE,2009-07-08,10.3,10.34,10.14,10.19,13024079,51.51,51.71,50.75,50.99,2603400,2026-03-06T03:47:15Z
NKE,2009-07-09,10.21,10.37,10.15,10.37,10677855,51.06,51.86,50.77,51.86,2134400,2026-03-06T03:47:15Z
NKE,2009-07-10,10.25,10.35,10.12,10.13,11801440,51.3,51.79,50.62,50.67,2359000,2026-03-06T03:47:15Z
NKE,2009-07-13,10.3,10.38,10.16,10.29,15594473,51.54,51.91,50.81,51.46,3117200,2026-03-06T03:47:15Z
NKE,2009-07-14,10.37,10.45,10.24,10.29,10026909,51.9,52.29,51.21,51.49,2004300,2026-03-06T03:47:15Z
NKE,2009-07-15,10.58,10.59,10.26,10.46,19441151,52.93,52.99,51.32,52.35,3886100,2026-03-06T03:47:15Z
NKE,2009-07-16,10.63,10.69,10.39,10.55,16704106,53.19,53.48,52,52.78,3339000,2026-03-06T03:47:15Z
NKE,2009-07-17,10.48,10.62,10.39,10.62,16385404,52.44,53.15,51.98,53.15,3275300,2026-03-06T03:47:15Z
NKE,2009-07-20,10.56,10.64,10.41,10.51,13314182,52.83,53.24,52.09,52.59,2661400,2026-03-06T03:47:15Z
NKE,2009-07-21,10.41,10.68,10.33,10.68,13766534,52.07,53.44,51.68,53.43,2751800,2026-03-06T03:47:15Z
NKE,2009-07-22,10.3,10.48,10.28,10.39,17885719,51.53,52.43,51.42,52,3575200,2026-03-06T03:47:15Z
NKE,2009-07-23,10.22,10.41,10.19,10.29,26930744,51.14,52.08,51,51.5,5383200,2026-03-06T03:47:15Z
NKE,2009-07-24,10.43,10.48,10.11,10.22,18423563,52.17,52.43,50.59,51.11,3682700,2026-03-06T03:47:15Z
NKE,2009-07-27,10.47,10.47,10.32,10.44,7849772,52.37,52.4,51.64,52.21,1569100,2026-03-06T03:47:15Z
NKE,2009-07-28,10.58,10.58,10.28,10.39,13198235,52.91,52.94,51.43,51.98,2638200,2026-03-06T03:47:15Z
NKE,2009-07-29,10.87,10.89,10.47,10.49,26532896,54.37,54.5,52.36,52.5,5303700,2026-03-06T03:47:15Z
NKE,2009-07-30,11.21,11.3,10.91,10.98,25083141,56.09,56.53,54.58,54.93,5013900,2026-03-06T03:47:15Z
NKE,2009-07-31,11.32,11.55,11.11,11.13,27260919,56.64,57.77,55.56,55.67,5449200,2026-03-06T03:47:15Z
NKE,2009-08-03,11.32,11.41,11.24,11.39,16895750,56.62,57.08,56.24,56.98,3377300,2026-03-06T03:47:15Z
NKE,2009-08-04,11.5,11.51,11.22,11.29,18563662,57.54,57.57,56.15,56.46,3710700,2026-03-06T03:47:15Z
NKE,2009-08-05,11.4,11.63,11.34,11.5,20427604,57.02,58.17,56.73,57.54,4083300,2026-03-06T03:47:15Z
NKE,2009-08-06,11.52,11.55,11.36,11.44,18211455,57.62,57.8,56.82,57.25,3640300,2026-03-06T03:47:15Z
NKE,2009-08-07,11.61,11.65,11.42,11.59,14317765,58.07,58.27,57.13,57.96,2862000,2026-03-06T03:47:15Z
NKE,2009-08-10,11.42,11.57,11.34,11.57,11935975,57.14,57.87,56.71,57.87,2385900,2026-03-06T03:47:15Z
NKE,2009-08-11,11.35,11.41,11.2,11.38,9523198,56.79,57.09,56.02,56.92,1903600,2026-03-06T03:47:15Z
NKE,2009-08-12,11.5,11.57,11.28,11.31,15254855,57.52,57.9,56.42,56.6,3049300,2026-03-06T03:47:15Z
NKE,2009-08-13,11.56,11.56,11.39,11.47,10477708,57.81,57.83,56.98,57.38,2094400,2026-03-06T03:47:15Z
NKE,2009-08-14,11.37,11.59,11.25,11.53,11412222,56.86,58,56.3,57.66,2281200,2026-03-06T03:47:15Z
NKE,2009-08-17,11.08,11.29,11.03,11.21,13733431,55.44,56.46,55.16,56.07,2745200,2026-03-06T03:47:15Z
NKE,2009-08-18,11.12,11.16,11.03,11.1,16649482,55.61,55.85,55.19,55.52,3328100,2026-03-06T03:47:15Z
NKE,2009-08-19,11.35,11.38,11.01,11.01,14140220,56.77,56.93,55.09,55.09,2826500,2026-03-06T03:47:15Z
NKE,2009-08-20,11.39,11.42,11.23,11.35,14887597,57,57.14,56.2,56.8,2975900,2026-03-06T03:47:15Z
NKE,2009-08-21,11.12,11.29,11.04,11.19,28211960,55.65,56.5,55.24,55.99,5639300,2026-03-06T03:47:15Z
NKE,2009-08-24,11.19,11.24,11.11,11.13,19057379,56,56.25,55.56,55.7,3809400,2026-03-06T03:47:15Z
NKE,2009-08-25,11.03,11.29,11.01,11.25,22918464,55.16,56.47,55.1,56.29,4581200,2026-03-06T03:47:15Z
NKE,2009-08-26,11.08,11.19,10.98,11.05,16758067,55.45,56,54.93,55.28,3349800,2026-03-06T03:47:15Z
NKE,2009-08-27,11.36,11.42,10.95,11.1,23865019,56.83,57.13,54.8,55.54,4770400,2026-03-06T03:47:15Z
NKE,2009-08-28,11.23,11.47,11.16,11.4,10728323,56.18,57.38,55.81,57.05,2144500,2026-03-06T03:47:15Z
NKE,2009-08-31,11.07,11.19,11.02,11.18,9197982,55.39,56,55.15,55.92,1838600,2026-03-06T03:47:15Z
NKE,2009-09-01,10.87,11.1,10.82,10.98,25216182,54.36,55.52,54.11,54.91,5040500,2026-03-06T03:47:15Z
NKE,2009-09-02,10.66,10.86,10.64,10.82,21937934,53.31,54.33,53.22,54.12,4385200,2026-03-06T03:47:15Z
NKE,2009-09-03,10.79,10.82,10.71,10.74,17534398,53.73,53.9,53.31,53.49,3521500,2026-03-06T03:47:15Z
NKE,2009-09-04,10.89,10.92,10.73,10.82,12081650,54.23,54.38,53.42,53.87,2426400,2026-03-06T03:47:15Z
NKE,2009-09-08,11.09,11.1,10.89,10.97,14440874,55.24,55.26,54.21,54.63,2900200,2026-03-06T03:47:15Z
NKE,2009-09-09,11.12,11.14,10.95,11.03,19897137,55.35,55.48,54.53,54.93,3996000,2026-03-06T03:47:15Z
NKE,2009-09-10,11.13,11.21,11.02,11.12,23219216,55.42,55.8,54.87,55.35,4663200,2026-03-06T03:47:15Z
NKE,2009-09-11,11.04,11.22,11,11.16,21619966,54.99,55.89,54.76,55.56,4342000,2026-03-06T03:47:15Z
NKE,2009-09-14,11.03,11.09,10.75,10.94,17799430,54.91,55.22,53.52,54.48,3574700,2026-03-06T03:47:15Z
NKE,2009-09-15,10.98,11.05,10.84,11,18446099,54.69,55,53.97,54.76,3704600,2026-03-06T03:47:15Z
NKE,2009-09-16,11.48,11.54,10.93,11,30298390,57.18,57.45,54.41,54.76,6084900,2026-03-06T03:47:15Z
NKE,2009-09-17,11.67,11.81,11.42,11.45,18375947,58.09,58.81,56.87,57,3690500,2026-03-06T03:47:15Z
NKE,2009-09-18,11.77,11.82,11.64,11.7,14346751,58.59,58.88,57.95,58.25,2881300,2026-03-06T03:47:15Z
NKE,2009-09-21,11.76,11.92,11.58,11.66,11791361,58.55,59.37,57.66,58.05,2368100,2026-03-06T03:47:15Z
NKE,2009-09-22,11.76,11.95,11.74,11.84,15403329,58.57,59.5,58.44,58.97,3093500,2026-03-06T03:47:15Z
NKE,2009-09-23,11.71,11.9,11.69,11.81,54238925,58.3,59.25,58.23,58.8,10893000,2026-03-06T03:47:15Z
NKE,2009-09-24,11.68,11.8,11.61,11.71,32640427,58.17,58.74,57.83,58.31,6555300,2026-03-06T03:47:15Z
NKE,2009-09-25,11.78,12.02,11.71,11.71,21777199,58.64,59.85,58.3,58.33,4373600,2026-03-06T03:47:15Z
NKE,2009-09-28,11.85,11.91,11.74,11.78,12580545,59,59.31,58.46,58.63,2526600,2026-03-06T03:47:15Z
NKE,2009-09-29,12.07,12.09,11.87,11.89,43270116,60.09,60.19,59.12,59.23,8690100,2026-03-06T03:47:15Z
NKE,2009-09-30,12.99,13.04,12.86,12.86,83620182,64.7,64.95,64.01,64.01,16793700,2026-03-06T03:47:15Z
NKE,2009-10-01,12.55,12.93,12.55,12.85,41028495,62.5,64.4,62.5,64,8239900,2026-03-06T03:47:15Z
NKE,2009-10-02,12.46,12.53,12.27,12.36,28092908,62.02,62.39,61.08,61.53,5642000,2026-03-06T03:47:15Z
NKE,2009-10-05,12.61,12.64,12.4,12.43,14779936,62.78,62.92,61.75,61.88,2968300,2026-03-06T03:47:15Z
NKE,2009-10-06,12.67,12.94,12.62,12.63,18181209,63.09,64.42,62.84,62.91,3651400,2026-03-06T03:47:15Z
NKE,2009-10-07,12.74,12.8,12.61,12.64,10907593,63.42,63.73,62.8,62.94,2190600,2026-03-06T03:47:15Z
NKE,2009-10-08,12.86,12.93,12.76,12.79,11657472,64.02,64.36,63.55,63.71,2341200,2026-03-06T03:47:15Z
NKE,2009-10-09,12.77,12.89,12.65,12.88,11040988,63.59,64.19,63,64.12,2217400,2026-03-06T03:47:15Z
NKE,2009-10-12,12.7,12.85,12.7,12.82,7717847,63.25,64,63.23,63.85,1550000,2026-03-06T03:47:15Z
NKE,2009-10-13,12.79,12.82,12.65,12.71,8790916,63.68,63.85,63.01,63.26,1765500,2026-03-06T03:47:15Z
NKE,2009-10-14,13.03,13.1,12.84,12.87,18213587,64.9,65.23,63.91,64.08,3657900,2026-03-06T03:47:15Z
NKE,2009-10-15,13.05,13.06,12.88,13,18233074,64.96,65.01,64.13,64.73,3661800,2026-03-06T03:47:15Z
NKE,2009-10-16,13.07,13.09,12.91,12.92,18195256,65.1,65.2,64.26,64.34,3654200,2026-03-06T03:47:15Z
NKE,2009-10-19,13.27,13.32,12.94,13.06,23045431,66.09,66.35,64.41,65.04,4628300,2026-03-06T03:47:15Z
NKE,2009-10-20,13.07,13.21,12.98,13.16,16879223,65.09,65.79,64.65,65.53,3389900,2026-03-06T03:47:15Z
NKE,2009-10-21,13,13.21,12.99,13.06,16572522,64.75,65.8,64.7,65.02,3328300,2026-03-06T03:47:15Z
NKE,2009-10-22,13.09,13.2,12.93,13.02,12436704,65.19,65.7,64.4,64.82,2497700,2026-03-06T03:47:15Z
NKE,2009-10-23,12.89,13.09,12.76,13.06,15806608,64.17,65.16,63.55,65.05,3174500,2026-03-06T03:47:15Z
NKE,2009-10-26,12.8,13.05,12.77,12.87,14706253,63.75,64.96,63.59,64.08,2953500,2026-03-06T03:47:15Z
NKE,2009-10-27,12.87,12.99,12.55,12.78,19558021,64.09,64.69,62.5,63.65,3927900,2026-03-06T03:47:15Z
NKE,2009-10-28,12.57,12.91,12.51,12.78,18448692,62.57,64.26,62.28,63.63,3705100,2026-03-06T03:47:15Z
NKE,2009-10-29,12.8,12.88,12.57,12.65,13504720,63.71,64.11,62.6,63,2712200,2026-03-06T03:47:15Z
NKE,2009-10-30,12.49,12.81,12.46,12.72,18263925,62.18,63.79,62.02,63.35,3668000,2026-03-06T03:47:15Z
NKE,2009-11-02,12.55,12.78,12.42,12.52,14348196,62.5,63.62,61.83,62.34,2881600,2026-03-06T03:47:15Z
NKE,2009-11-03,12.58,12.66,12.41,12.5,13674540,62.66,63.05,61.8,62.25,2746300,2026-03-06T03:47:15Z
NKE,2009-11-04,12.6,12.81,12.45,12.62,10798484,62.73,63.8,61.97,62.82,2168700,2026-03-06T03:47:15Z
NKE,2009-11-05,13.01,13.01,12.67,12.75,13167702,64.76,64.79,63.07,63.49,2644500,2026-03-06T03:47:15Z
NKE,2009-11-06,12.97,13.02,12.83,12.98,9504396,64.56,64.82,63.88,64.65,1908800,2026-03-06T03:47:15Z
NKE,2009-11-09,13.12,13.12,12.93,12.95,11386087,65.32,65.33,64.36,64.5,2286700,2026-03-06T03:47:15Z
NKE,2009-11-10,12.95,13.19,12.85,13.12,12321186,64.47,65.69,64,65.34,2474500,2026-03-06T03:47:15Z
NKE,2009-11-11,13.04,13.17,12.97,12.98,8315855,64.93,65.57,64.57,64.61,1670100,2026-03-06T03:47:15Z
NKE,2009-11-12,12.87,13.13,12.81,13.04,8237183,64.09,65.39,63.81,64.94,1654300,2026-03-06T03:47:15Z
NKE,2009-11-13,12.94,13.05,12.8,12.91,9100567,64.42,64.96,63.72,64.27,1827700,2026-03-06T03:47:15Z
NKE,2009-11-16,13.28,13.32,12.96,12.99,12921146,66.1,66.34,64.52,64.66,2595000,2026-03-06T03:47:15Z
NKE,2009-11-17,13.05,13.26,12.94,13.23,9776787,64.96,66,64.43,65.89,1963500,2026-03-06T03:47:15Z
NKE,2009-11-18,12.94,13.01,12.81,13.01,10080484,64.42,64.79,63.79,64.79,2024500,2026-03-06T03:47:15Z
NKE,2009-11-19,12.76,12.91,12.63,12.84,12264960,63.56,64.3,62.88,63.93,2463200,2026-03-06T03:47:15Z
NKE,2009-11-20,12.84,12.87,12.59,12.72,15702653,63.92,64.08,62.7,63.34,3153600,2026-03-06T03:47:15Z
NKE,2009-11-23,12.95,13.16,12.86,13.02,11741115,64.49,65.53,64.04,64.82,2358000,2026-03-06T03:47:15Z
NKE,2009-11-24,12.96,13.07,12.92,12.99,8027592,64.52,65.1,64.32,64.68,1612200,2026-03-06T03:47:15Z
NKE,2009-11-25,13.19,13.23,12.96,12.96,9941115,65.7,65.87,64.53,64.53,1996500,2026-03-06T03:47:15Z
NKE,2009-11-27,13.06,13.14,12.85,12.96,5849132,65.05,65.44,64,64.52,1174700,2026-03-06T03:47:15Z
NKE,2009-11-30,13.03,13.16,12.93,13.01,11527944,64.89,65.54,64.39,64.8,2315200,2026-03-06T03:47:15Z
NKE,2009-12-01,13.13,13.27,13,13.11,9896763,65.4,66.09,64.74,65.27,1987600,2026-03-06T03:47:15Z
NKE,2009-12-02,13.12,13.28,12.96,12.96,7390239,65.35,66.13,64.53,64.53,1484200,2026-03-06T03:47:15Z
NKE,2009-12-03,13.04,13.23,13.02,13.16,13679486,64.67,65.59,64.54,65.26,2758700,2026-03-06T03:47:15Z
NKE,2009-12-04,12.97,13.28,12.87,13.16,12619899,64.3,65.85,63.82,65.28,2545000,2026-03-06T03:47:15Z
NKE,2009-12-07,13.02,13.11,12.97,12.97,11092619,64.54,64.99,64.3,64.3,2237000,2026-03-06T03:47:15Z
NKE,2009-12-08,12.81,12.98,12.78,12.91,17988569,63.53,64.39,63.38,64,3627700,2026-03-06T03:47:15Z
NKE,2009-12-09,12.49,12.81,12.45,12.81,29055488,61.95,63.51,61.75,63.51,5859500,2026-03-06T03:47:15Z
NKE,2009-12-10,12.64,12.79,12.54,12.54,14841818,62.7,63.4,62.2,62.2,2993100,2026-03-06T03:47:15Z
NKE,2009-12-11,12.88,12.95,12.72,12.74,13462845,63.86,64.19,63.09,63.16,2715000,2026-03-06T03:47:15Z
NKE,2009-12-14,12.94,12.97,12.73,12.91,11476394,64.16,64.32,63.12,64.01,2314400,2026-03-06T03:47:15Z
NKE,2009-12-15,12.98,13.13,12.83,12.89,11906822,64.35,65.09,63.62,63.93,2401200,2026-03-06T03:47:15Z
NKE,2009-12-16,12.92,13.04,12.83,13.04,9470615,64.05,64.68,63.63,64.68,1909900,2026-03-06T03:47:15Z
NKE,2009-12-17,12.76,12.92,12.72,12.82,14478862,63.25,64.05,63.07,63.57,2919900,2026-03-06T03:47:15Z
NKE,2009-12-18,12.99,13.18,12.92,12.99,25194178,64.42,65.35,64.05,64.4,5080800,2026-03-06T03:47:15Z
NKE,2009-12-21,13.08,13.16,13,13.01,9172584,64.88,65.27,64.45,64.52,1849800,2026-03-06T03:47:15Z
NKE,2009-12-22,13.13,13.18,12.94,13.08,10213387,65.1,65.33,64.18,64.88,2059700,2026-03-06T03:47:15Z
NKE,2009-12-23,13.2,13.21,13.09,13.12,7622022,65.44,65.53,64.89,65.07,1537100,2026-03-06T03:47:15Z
NKE,2009-12-24,13.16,13.22,13.11,13.2,2853729,65.25,65.56,65,65.44,575500,2026-03-06T03:47:15Z
NKE,2009-12-28,13.21,13.22,13.06,13.16,7001688,65.5,65.55,64.78,65.25,1412000,2026-03-06T03:47:15Z
NKE,2009-12-29,13.35,13.4,13.15,13.21,10020533,66.21,66.43,65.22,65.5,2020800,2026-03-06T03:47:15Z
NKE,2009-12-30,13.34,13.36,13.25,13.28,8593409,66.14,66.24,65.71,65.85,1733000,2026-03-06T03:47:15Z
NKE,2009-12-31,13.32,13.44,13.32,13.35,7868935,66.07,66.62,66.05,66.21,1586900,2026-03-06T03:47:15Z
NKE,2010-01-04,13.18,13.32,13.13,13.32,14841837,65.35,66.07,65.12,66.06,2993100,2026-03-06T03:47:15Z
