ticker,tradeDate,clsPx,hiPx,loPx,open,stockVolume,unadjClsPx,unadjHiPx,unadjLoPx,unadjOpen,unadjStockVolume,updatedAt
NVDA,2006-01-03,0.29,0.29,0.28,0.28,515708445,38.22,38.5,36.65,36.77,3940000,2026-03-13T02:46:48Z
NVDA,2006-01-04,0.3,0.3,0.29,0.29,556287941,39.29,39.35,38.11,38.51,4250600,2026-03-13T02:46:48Z
NVDA,2006-01-05,0.31,0.31,0.3,0.3,704598280,40.18,40.25,39.23,39.3,5384100,2026-03-13T02:46:48Z
NVDA,2006-01-06,0.31,0.31,0.3,0.31,679932703,40.84,40.99,39.05,40.64,5194900,2026-03-13T02:46:48Z
NVDA,2006-01-09,0.32,0.32,0.31,0.31,611342008,41.98,42.2,40.73,40.82,4670700,2026-03-13T02:46:48Z
NVDA,2006-01-10,0.32,0.32,0.32,0.32,370457847,41.99,41.99,41.25,41.78,2830400,2026-03-13T02:46:48Z
NVDA,2006-01-11,0.33,0.33,0.32,0.32,683066636,43.51,43.75,41.96,42.03,5219700,2026-03-13T02:46:48Z
NVDA,2006-01-12,0.33,0.34,0.33,0.34,540399554,42.89,44.17,42.58,43.87,4129100,2026-03-13T02:46:48Z
NVDA,2006-01-13,0.32,0.33,0.32,0.33,459430718,42.51,43.14,41.91,42.79,3510800,2026-03-13T02:46:48Z
NVDA,2006-01-17,0.32,0.33,0.32,0.32,359261059,42.48,42.5,41.37,41.93,2745200,2026-03-13T02:46:48Z
NVDA,2006-01-18,0.33,0.33,0.31,0.32,501988950,42.7,42.84,40.8,41.19,3836400,2026-03-13T02:46:48Z
NVDA,2006-01-19,0.34,0.35,0.33,0.33,997630694,45.07,45.66,43.19,43.27,7623000,2026-03-13T02:46:48Z
NVDA,2006-01-20,0.33,0.35,0.34,0.35,503537196,43.81,45.66,43.8,45.14,3847900,2026-03-13T02:46:48Z
NVDA,2006-01-23,0.34,0.34,0.33,0.34,365219634,44.06,44.43,43.55,44.16,2790700,2026-03-13T02:46:48Z
NVDA,2006-01-24,0.34,0.35,0.34,0.34,424062261,44.28,45.2,44.04,44.16,3240800,2026-03-13T02:46:48Z
NVDA,2006-01-25,0.34,0.34,0.33,0.34,436575963,43.89,44.79,43.36,44.5,3335700,2026-03-13T02:46:48Z
NVDA,2006-01-26,0.35,0.35,0.34,0.34,489644845,45.39,45.43,44.25,44.53,3741600,2026-03-13T02:46:48Z
NVDA,2006-01-27,0.35,0.36,0.35,0.35,419896421,46.25,46.76,45.6,45.98,3208600,2026-03-13T02:46:48Z
NVDA,2006-01-30,0.35,0.36,0.35,0.36,344318259,45.73,46.5,45.52,46.45,2631400,2026-03-13T02:46:48Z
NVDA,2006-01-31,0.34,0.35,0.34,0.35,419424254,44.96,45.75,44.61,45.5,3205100,2026-03-13T02:46:48Z
NVDA,2006-02-01,0.34,0.35,0.34,0.34,491636102,44.99,45.17,43.98,44.15,3757100,2026-03-13T02:46:48Z
NVDA,2006-02-02,0.33,0.35,0.33,0.35,516752579,43.62,45.43,43.55,45.4,3948500,2026-03-13T02:46:48Z
NVDA,2006-02-03,0.34,0.34,0.33,0.33,549984299,44.02,44.56,43.2,43.34,4202100,2026-03-13T02:46:48Z
NVDA,2006-02-06,0.35,0.35,0.33,0.34,396357838,45.26,45.31,43.71,43.9,3028900,2026-03-13T02:46:48Z
NVDA,2006-02-07,0.33,0.35,0.33,0.35,435641909,43.65,45.35,43.63,45.35,3328900,2026-03-13T02:46:48Z
NVDA,2006-02-08,0.34,0.34,0.33,0.33,428793410,44.91,44.91,43.78,43.78,3276300,2026-03-13T02:46:48Z
NVDA,2006-02-09,0.34,0.35,0.34,0.34,476740986,44.15,45.75,43.87,45.05,3642400,2026-03-13T02:46:48Z
NVDA,2006-02-10,0.34,0.34,0.33,0.34,452597515,43.9,44.51,42.87,44.31,3458200,2026-03-13T02:46:48Z
NVDA,2006-02-13,0.34,0.34,0.33,0.33,306178509,44.05,44.36,43.46,43.76,2339500,2026-03-13T02:46:48Z
NVDA,2006-02-14,0.34,0.34,0.33,0.34,384645781,44.13,44.29,43.55,44.05,2939500,2026-03-13T02:46:48Z
NVDA,2006-02-15,0.34,0.35,0.34,0.34,537945616,44.98,45.1,43.93,44.04,4110900,2026-03-13T02:46:48Z
NVDA,2006-02-16,0.36,0.36,0.35,0.35,1459307220,47.2,47.3,45.51,45.82,11149800,2026-03-13T02:46:48Z
NVDA,2006-02-17,0.36,0.39,0.36,0.39,2147483647,47.47,50.72,47.2,50.67,19641200,2026-03-13T02:46:48Z
NVDA,2006-02-21,0.36,0.36,0.35,0.36,746997476,46.46,47.45,46.05,47.37,5707300,2026-03-13T02:46:48Z
NVDA,2006-02-22,0.35,0.36,0.34,0.35,1024875369,46.38,46.75,44.7,45.8,7831300,2026-03-13T02:46:48Z
NVDA,2006-02-23,0.35,0.36,0.35,0.35,419999349,45.67,46.55,45.54,46.24,3209400,2026-03-13T02:46:48Z
NVDA,2006-02-24,0.35,0.36,0.35,0.35,454113672,45.66,46.42,45.42,45.87,3470000,2026-03-13T02:46:48Z
NVDA,2006-02-27,0.36,0.37,0.35,0.35,727055944,47.51,47.8,45.53,46.01,5555300,2026-03-13T02:46:48Z
NVDA,2006-02-28,0.36,0.36,0.36,0.36,614313444,47.13,47.7,46.67,47.3,4694300,2026-03-13T02:46:48Z
NVDA,2006-03-01,0.37,0.38,0.36,0.36,767209226,48.92,49.2,47,47.3,5861800,2026-03-13T02:46:48Z
NVDA,2006-03-02,0.37,0.38,0.37,0.37,595254625,48.99,49.68,48.36,48.87,4548500,2026-03-13T02:46:48Z
NVDA,2006-03-03,0.38,0.38,0.37,0.37,649718866,49.16,50.01,48.45,48.54,4965000,2026-03-13T02:46:48Z
NVDA,2006-03-06,0.37,0.39,0.37,0.38,577010336,49.06,50.45,48.82,50.12,4408500,2026-03-13T02:46:48Z
NVDA,2006-03-07,0.37,0.38,0.36,0.38,661203417,48.22,49.45,47.25,49.07,5052000,2026-03-13T02:46:48Z
NVDA,2006-03-08,0.37,0.37,0.35,0.37,731588507,47.98,48.48,46.26,48.23,5590300,2026-03-13T02:46:48Z
NVDA,2006-03-09,0.37,0.38,0.37,0.37,586654272,48.23,49.37,48.2,48.56,4482500,2026-03-13T02:46:48Z
NVDA,2006-03-10,0.36,0.37,0.36,0.37,569389088,47.39,48.79,46.96,48.18,4350800,2026-03-13T02:46:48Z
NVDA,2006-03-13,0.37,0.37,0.36,0.37,406104109,47.96,48.19,47.51,47.87,3103100,2026-03-13T02:46:48Z
NVDA,2006-03-14,0.38,0.38,0.37,0.37,684676160,49.29,49.49,47.82,48,5231900,2026-03-13T02:46:48Z
NVDA,2006-03-15,0.38,0.38,0.38,0.38,558362014,50.08,50.15,49.2,49.39,4266100,2026-03-13T02:46:48Z
NVDA,2006-03-16,0.37,0.38,0.37,0.38,619935750,48.38,50.23,48.21,50.17,4736900,2026-03-13T02:46:48Z
NVDA,2006-03-17,0.37,0.37,0.36,0.37,674702800,48.77,48.9,47.43,48.15,5154900,2026-03-13T02:46:48Z
NVDA,2006-03-20,0.37,0.38,0.37,0.38,320371702,48.4,49.21,48.35,49.2,2448000,2026-03-13T02:46:48Z
NVDA,2006-03-21,0.39,0.4,0.38,0.38,1347196295,50.79,51.7,49.46,49.52,10295500,2026-03-13T02:46:48Z
NVDA,2006-03-22,0.38,0.38,0.37,0.38,1279230373,49.33,49.74,48.22,49.5,9776000,2026-03-13T02:46:48Z
NVDA,2006-03-23,0.38,0.39,0.37,0.38,722053309,50.25,50.45,48.94,49.5,5517000,2026-03-13T02:46:48Z
NVDA,2006-03-24,0.4,0.4,0.38,0.39,750360336,51.95,52.04,50.3,50.38,5733000,2026-03-13T02:46:48Z
NVDA,2006-03-27,0.41,0.41,0.4,0.4,710483508,53.35,53.39,51.82,52,5429300,2026-03-13T02:46:48Z
NVDA,2006-03-28,0.41,0.42,0.41,0.41,867879300,54.17,54.88,53,53.11,6631500,2026-03-13T02:46:48Z
NVDA,2006-03-29,0.44,0.44,0.41,0.42,1077215460,57.08,57.18,53.95,54.4,8231400,2026-03-13T02:46:48Z
NVDA,2006-03-30,0.44,0.44,0.43,0.44,1159699756,57.47,57.78,56.11,57.14,8861000,2026-03-13T02:46:48Z
NVDA,2006-03-31,0.44,0.45,0.44,0.44,911827522,57.26,58.23,56.91,57.43,6968000,2026-03-13T02:46:48Z
NVDA,2006-04-03,0.44,0.45,0.43,0.44,1057054880,57.9,58.7,56.84,57.57,8076700,2026-03-13T02:46:48Z
NVDA,2006-04-04,0.46,0.46,0.44,0.44,1309282616,60.61,60.7,57.92,57.98,10005600,2026-03-13T02:46:48Z
NVDA,2006-04-05,0.47,0.47,0.45,0.46,1213822460,61.1,61.4,59.21,60.5,9274900,2026-03-13T02:46:48Z
NVDA,2006-04-06,0.47,0.47,0.46,0.47,860879502,61.22,61.68,60.1,60.94,6577800,2026-03-13T02:46:48Z
NVDA,2006-04-07,0.47,0.47,0.46,0.47,744640937,30.53,30.75,29.93,30.48,11378900,2026-03-13T02:46:48Z
NVDA,2006-04-10,0.46,0.47,0.46,0.47,691642210,30,30.64,29.77,30.46,10570600,2026-03-13T02:46:48Z
NVDA,2006-04-11,0.45,0.46,0.44,0.46,765646344,29.27,30.1,29.09,30.1,11701300,2026-03-13T02:46:48Z
NVDA,2006-04-12,0.47,0.47,0.45,0.45,654269207,30.45,30.61,29.3,29.46,9999900,2026-03-13T02:46:48Z
NVDA,2006-04-13,0.45,0.46,0.45,0.46,805283975,29.6,30.14,29.48,29.8,12305900,2026-03-13T02:46:48Z
NVDA,2006-04-17,0.45,0.47,0.45,0.45,484086148,29.68,30.42,29.44,29.55,7397800,2026-03-13T02:46:48Z
NVDA,2006-04-18,0.44,0.45,0.43,0.45,1271023665,28.98,29.16,28.19,29.15,19425000,2026-03-13T02:46:48Z
NVDA,2006-04-19,0.45,0.45,0.43,0.44,564425202,29.16,29.48,28.4,28.8,8625100,2026-03-13T02:46:48Z
NVDA,2006-04-20,0.45,0.45,0.43,0.44,644986545,29.12,29.64,28.42,28.9,9857100,2026-03-13T02:46:48Z
NVDA,2006-04-21,0.43,0.45,0.42,0.45,840043863,28.07,29.33,27.73,29.21,12836500,2026-03-13T02:46:48Z
NVDA,2006-04-24,0.44,0.45,0.42,0.43,738328566,28.93,29.21,27.75,28.25,11284700,2026-03-13T02:46:48Z
NVDA,2006-04-25,0.44,0.44,0.43,0.44,784925960,28.91,28.98,28.1,28.6,11996000,2026-03-13T02:46:48Z
NVDA,2006-04-26,0.44,0.45,0.43,0.44,360425591,28.71,29.46,28.4,29.02,5508700,2026-03-13T02:46:48Z
NVDA,2006-04-27,0.45,0.45,0.43,0.44,504947718,29.17,29.44,27.98,28.6,7716500,2026-03-13T02:46:48Z
NVDA,2006-04-28,0.45,0.45,0.44,0.45,310493549,29.22,29.59,28.94,29.19,4745600,2026-03-13T02:46:48Z
NVDA,2006-05-01,0.47,0.48,0.45,0.45,984330355,30.9,31.47,29.42,29.42,15042100,2026-03-13T02:46:48Z
NVDA,2006-05-02,0.47,0.48,0.46,0.48,588624737,30.86,31.5,30.33,31.13,8995900,2026-03-13T02:46:48Z
NVDA,2006-05-03,0.47,0.48,0.47,0.47,412430281,31.06,31.4,30.48,30.51,6302900,2026-03-13T02:46:48Z
NVDA,2006-05-04,0.47,0.48,0.46,0.47,557406857,30.86,31.2,30.29,30.45,8518800,2026-03-13T02:46:48Z
NVDA,2006-05-05,0.48,0.48,0.47,0.47,370703141,31.28,31.39,30.59,31.02,5665200,2026-03-13T02:46:48Z
NVDA,2006-05-08,0.48,0.49,0.47,0.48,549448478,31.14,31.88,30.85,31.2,8397000,2026-03-13T02:46:48Z
NVDA,2006-05-09,0.46,0.48,0.46,0.48,612595194,30.19,31.26,30.15,31.1,9361800,2026-03-13T02:46:48Z
NVDA,2006-05-10,0.45,0.46,0.45,0.46,827947201,29.52,30.18,29.22,29.83,12652000,2026-03-13T02:46:48Z
NVDA,2006-05-11,0.44,0.46,0.43,0.46,1316752007,28.47,30.1,28.24,29.82,20123600,2026-03-13T02:46:48Z
NVDA,2006-05-12,0.4,0.43,0.39,0.43,1710076715,26.33,27.93,25.74,27.79,26137000,2026-03-13T02:46:48Z
NVDA,2006-05-15,0.41,0.41,0.4,0.4,603696312,26.71,26.94,26.05,26.28,9225400,2026-03-13T02:46:48Z
NVDA,2006-05-16,0.4,0.41,0.4,0.41,542637150,26.01,26.87,25.84,26.86,8292900,2026-03-13T02:46:48Z
NVDA,2006-05-17,0.38,0.4,0.37,0.4,917291268,24.96,26.07,24.5,25.92,14020300,2026-03-13T02:46:48Z
NVDA,2006-05-18,0.36,0.39,0.36,0.38,748947619,23.83,25.4,23.8,25.16,11445400,2026-03-13T02:46:48Z
NVDA,2006-05-19,0.37,0.38,0.36,0.37,1017357704,24.33,24.9,23.81,24.05,15546800,2026-03-13T02:46:48Z
NVDA,2006-05-22,0.37,0.37,0.36,0.37,801441460,24,24.25,23.34,24.2,12248700,2026-03-13T02:46:48Z
NVDA,2006-05-23,0.36,0.38,0.36,0.37,580671132,23.74,25.07,23.64,24.5,8873200,2026-03-13T02:46:48Z
NVDA,2006-05-24,0.37,0.38,0.36,0.37,632229952,24.05,24.76,23.41,23.95,9661700,2026-03-13T02:46:48Z
NVDA,2006-05-25,0.37,0.38,0.36,0.37,462016467,23.92,24.86,23.79,24.5,7061000,2026-03-13T02:46:48Z
NVDA,2006-05-26,0.37,0.37,0.36,0.37,321347169,23.97,24.17,23.72,24.01,4910700,2026-03-13T02:46:48Z
NVDA,2006-05-30,0.35,0.37,0.35,0.37,489440805,22.97,24.02,22.96,24.01,7479700,2026-03-13T02:46:48Z
NVDA,2006-05-31,0.35,0.36,0.35,0.36,653490269,22.98,23.5,22.84,23.28,9987200,2026-03-13T02:46:48Z
NVDA,2006-06-01,0.37,0.37,0.35,0.36,585960772,24.18,24.18,22.88,23.24,8954200,2026-03-13T02:46:48Z
NVDA,2006-06-02,0.36,0.38,0.36,0.38,734924598,23.83,24.69,23.59,24.57,11231100,2026-03-13T02:46:48Z
NVDA,2006-06-05,0.35,0.37,0.35,0.36,633789229,22.83,24.14,22.76,23.7,9685900,2026-03-13T02:46:48Z
NVDA,2006-06-06,0.34,0.35,0.33,0.35,898909381,22.22,23.14,21.6,23.12,13735700,2026-03-13T02:46:48Z
NVDA,2006-06-07,0.33,0.34,0.33,0.34,616577731,21.82,22.5,21.65,22.46,9423000,2026-03-13T02:46:48Z
NVDA,2006-06-08,0.33,0.33,0.31,0.33,796622360,21.42,21.85,20.56,21.57,12176200,2026-03-13T02:46:48Z
NVDA,2006-06-09,0.33,0.34,0.32,0.33,473044934,21.35,22.07,21.17,21.7,7230400,2026-03-13T02:46:48Z
NVDA,2006-06-12,0.31,0.33,0.31,0.32,505373019,20.17,21.26,20.05,20.98,7723900,2026-03-13T02:46:48Z
NVDA,2006-06-13,0.3,0.31,0.3,0.31,580867327,19.86,20.57,19.67,20.16,8876800,2026-03-13T02:46:48Z
NVDA,2006-06-14,0.31,0.31,0.3,0.31,524019132,20.44,20.5,19.77,19.98,8008200,2026-03-13T02:46:48Z
NVDA,2006-06-15,0.34,0.34,0.32,0.32,913255565,22.23,22.3,21.02,21.19,13955600,2026-03-13T02:46:48Z
NVDA,2006-06-16,0.33,0.34,0.33,0.34,549215081,21.66,22.14,21.45,22.08,8392900,2026-03-13T02:46:48Z
NVDA,2006-06-19,0.32,0.34,0.32,0.34,423289297,21.01,22.01,20.96,21.9,6468600,2026-03-13T02:46:48Z
NVDA,2006-06-20,0.32,0.32,0.31,0.31,584310633,20.68,21.15,20.35,20.43,8930500,2026-03-13T02:46:48Z
NVDA,2006-06-21,0.32,0.33,0.32,0.32,481086979,20.91,21.24,20.59,20.59,7353200,2026-03-13T02:46:48Z
NVDA,2006-06-22,0.31,0.32,0.31,0.32,614678518,20.3,21.2,20.16,21.14,9393700,2026-03-13T02:46:48Z
NVDA,2006-06-23,0.31,0.32,0.31,0.31,365540659,20.31,20.73,20.07,20.26,5586600,2026-03-13T02:46:48Z
NVDA,2006-06-26,0.31,0.31,0.31,0.31,307200177,20.12,20.5,20.02,20.28,4695500,2026-03-13T02:46:48Z
NVDA,2006-06-27,0.3,0.31,0.29,0.31,663696741,19.48,20.26,19.21,20.24,10141800,2026-03-13T02:46:48Z
NVDA,2006-06-28,0.31,0.32,0.29,0.3,909223740,20.56,20.88,19.12,19.63,13893500,2026-03-13T02:46:48Z
NVDA,2006-06-29,0.33,0.33,0.31,0.31,750113211,21.49,21.49,19.93,20,11465300,2026-03-13T02:46:48Z
NVDA,2006-06-30,0.33,0.34,0.32,0.33,511363430,21.29,22.04,21.13,21.7,7814100,2026-03-13T02:46:48Z
NVDA,2006-07-03,0.33,0.33,0.33,0.33,190519697,21.6,21.8,21.45,21.78,2911600,2026-03-13T02:46:48Z
NVDA,2006-07-05,0.32,0.33,0.32,0.33,504384617,20.63,21.45,20.63,21.26,7707100,2026-03-13T02:46:48Z
NVDA,2006-07-06,0.31,0.32,0.3,0.32,513365681,19.99,20.83,19.78,20.63,7844800,2026-03-13T02:46:48Z
NVDA,2006-07-07,0.3,0.31,0.29,0.31,590305181,19.37,20.17,19.15,20.13,9021600,2026-03-13T02:46:48Z
NVDA,2006-07-10,0.28,0.3,0.28,0.3,490618990,18.53,19.56,18.36,19.42,7499100,2026-03-13T02:46:48Z
NVDA,2006-07-11,0.29,0.29,0.28,0.28,655034932,19.15,19.22,18.2,18.47,10010900,2026-03-13T02:46:48Z
NVDA,2006-07-12,0.28,0.3,0.28,0.29,502728945,18.23,19.3,18.21,19.08,7683800,2026-03-13T02:46:48Z
NVDA,2006-07-13,0.27,0.28,0.27,0.27,589574345,17.76,18.4,17.67,17.95,9009600,2026-03-13T02:46:48Z
NVDA,2006-07-14,0.27,0.28,0.26,0.28,624058404,17.67,18.19,17.17,18.09,9535700,2026-03-13T02:46:48Z
NVDA,2006-07-17,0.27,0.28,0.27,0.27,548273057,17.81,18.01,17.5,17.6,8380500,2026-03-13T02:46:48Z
NVDA,2006-07-18,0.29,0.29,0.27,0.28,1068307064,18.78,18.97,17.76,18.42,16326100,2026-03-13T02:46:48Z
NVDA,2006-07-19,0.3,0.3,0.28,0.29,1151021929,19.6,19.84,18.56,18.7,17592400,2026-03-13T02:46:48Z
NVDA,2006-07-20,0.29,0.31,0.29,0.31,551710203,19.21,20.3,19.18,19.95,8431300,2026-03-13T02:46:48Z
NVDA,2006-07-21,0.27,0.28,0.27,0.28,691622483,17.77,18.64,17.63,18.56,10569700,2026-03-13T02:46:48Z
NVDA,2006-07-24,0.3,0.31,0.28,0.28,1072586655,19.56,20.01,18.33,18.43,16390400,2026-03-13T02:46:48Z
NVDA,2006-07-25,0.31,0.31,0.3,0.3,626035678,20.25,20.46,19.51,19.8,9568300,2026-03-13T02:46:48Z
NVDA,2006-07-26,0.31,0.31,0.3,0.31,605288460,20.25,20.49,19.65,20.25,9251200,2026-03-13T02:46:48Z
NVDA,2006-07-27,0.31,0.33,0.31,0.31,757157835,20.54,21.35,20.17,20.51,11572300,2026-03-13T02:46:48Z
NVDA,2006-07-28,0.35,0.35,0.32,0.32,889430873,22.67,22.71,20.95,21.07,13591800,2026-03-13T02:46:48Z
NVDA,2006-07-31,0.34,0.35,0.34,0.34,648543534,22.14,22.66,22.08,22.43,9912700,2026-03-13T02:46:48Z
NVDA,2006-08-01,0.32,0.34,0.32,0.33,655363665,21.25,21.91,20.85,21.87,10016100,2026-03-13T02:46:48Z
NVDA,2006-08-02,0.35,0.35,0.33,0.33,825446803,22.88,22.99,21.67,21.72,12613700,2026-03-13T02:46:48Z
NVDA,2006-08-03,0.37,0.38,0.34,0.35,971941006,24.32,24.94,22.48,22.8,14852100,2026-03-13T02:46:48Z
NVDA,2006-08-04,0.37,0.38,0.36,0.38,892332552,23.99,25,23.37,24.96,13637200,2026-03-13T02:46:48Z
NVDA,2006-08-07,0.36,0.37,0.36,0.36,475666319,23.71,24.01,23.25,23.57,7269800,2026-03-13T02:46:48Z
NVDA,2006-08-08,0.37,0.38,0.36,0.37,676609317,24.34,24.85,23.84,23.9,10340100,2026-03-13T02:46:48Z
NVDA,2006-08-09,0.37,0.39,0.37,0.38,637703702,24.33,25.5,24.15,24.82,9745100,2026-03-13T02:46:48Z
NVDA,2006-08-10,0.37,0.37,0.36,0.37,1184493882,24.16,24.3,23.65,24.06,18104200,2026-03-13T02:46:48Z
NVDA,2006-08-11,0.36,0.37,0.34,0.34,1748567320,23.4,24.01,22.32,22.4,26721700,2026-03-13T02:46:48Z
NVDA,2006-08-14,0.36,0.37,0.35,0.36,882663871,23.28,23.93,23.15,23.69,13490200,2026-03-13T02:46:48Z
NVDA,2006-08-15,0.39,0.39,0.36,0.37,983947769,25.52,25.65,23.65,23.88,15038000,2026-03-13T02:46:48Z
NVDA,2006-08-16,0.42,0.42,0.38,0.39,1122602815,27.35,27.46,25,25.66,17154300,2026-03-13T02:46:48Z
NVDA,2006-08-17,0.41,0.42,0.41,0.41,893432009,26.92,27.72,26.65,27.01,13652700,2026-03-13T02:46:48Z
NVDA,2006-08-18,0.42,0.42,0.4,0.41,726260321,27.36,27.5,26.01,26.95,11098300,2026-03-13T02:46:48Z
NVDA,2006-08-21,0.4,0.41,0.4,0.41,545558987,26.35,27,26.29,26.49,8337000,2026-03-13T02:46:48Z
NVDA,2006-08-22,0.4,0.41,0.4,0.4,516830125,26.31,27.04,26.25,26.27,7898800,2026-03-13T02:46:48Z
NVDA,2006-08-23,0.4,0.41,0.39,0.41,529432305,26.29,26.78,25.71,26.51,8090900,2026-03-13T02:46:48Z
NVDA,2006-08-24,0.41,0.41,0.4,0.4,284446966,26.56,26.7,25.94,26.36,4346700,2026-03-13T02:46:48Z
NVDA,2006-08-25,0.4,0.41,0.4,0.4,259859918,26.48,26.95,26.1,26.36,3971800,2026-03-13T02:46:48Z
NVDA,2006-08-28,0.42,0.43,0.41,0.41,833844103,27.39,28.17,26.87,26.92,12743600,2026-03-13T02:46:48Z
NVDA,2006-08-29,0.44,0.44,0.42,0.42,793955563,28.63,28.76,27.45,27.65,12134500,2026-03-13T02:46:48Z
NVDA,2006-08-30,0.45,0.45,0.44,0.44,743219004,29.22,29.52,28.72,28.79,11359400,2026-03-13T02:46:48Z
NVDA,2006-08-31,0.44,0.45,0.44,0.45,558264555,29.11,29.28,28.48,29.15,8531600,2026-03-13T02:46:48Z
NVDA,2006-09-01,0.43,0.44,0.42,0.44,660635341,27.89,28.91,27.78,28.68,10096200,2026-03-13T02:46:48Z
NVDA,2006-09-05,0.44,0.44,0.42,0.43,599291516,28.5,28.61,27.57,27.98,9159700,2026-03-13T02:46:48Z
NVDA,2006-09-06,0.41,0.43,0.41,0.43,538331603,27.07,28.04,27,28,8226500,2026-03-13T02:46:48Z
NVDA,2006-09-07,0.42,0.43,0.4,0.41,810078424,27.61,28.22,26.34,26.63,12380600,2026-03-13T02:46:48Z
NVDA,2006-09-08,0.42,0.43,0.41,0.43,488592784,27.7,28.17,27.09,28.05,7467700,2026-03-13T02:46:48Z
NVDA,2006-09-11,0.43,0.44,0.41,0.41,652505396,28.13,28.45,26.77,27.08,9972700,2026-03-13T02:46:48Z
NVDA,2006-09-12,0.44,0.44,0.43,0.43,543836642,28.87,29.05,27.93,28,8310500,2026-03-13T02:46:48Z
NVDA,2006-09-13,0.44,0.45,0.44,0.44,519657725,29.1,29.48,28.85,28.94,7941300,2026-03-13T02:46:48Z
NVDA,2006-09-14,0.44,0.45,0.44,0.44,467823889,28.99,29.5,28.61,28.96,7150000,2026-03-13T02:46:48Z
NVDA,2006-09-15,0.45,0.45,0.44,0.44,709023337,29.56,29.7,28.95,29.09,10836100,2026-03-13T02:46:48Z
NVDA,2006-09-18,0.47,0.47,0.45,0.45,865887766,30.68,30.73,29.55,29.64,13231900,2026-03-13T02:46:48Z
NVDA,2006-09-19,0.46,0.47,0.45,0.47,772011055,29.88,30.7,29.63,30.48,11797200,2026-03-13T02:46:48Z
NVDA,2006-09-20,0.47,0.47,0.46,0.46,558137186,30.97,31.01,30.21,30.27,8529200,2026-03-13T02:46:48Z
NVDA,2006-09-21,0.47,0.48,0.47,0.47,587906787,30.72,31.25,30.43,30.94,8985100,2026-03-13T02:46:48Z
NVDA,2006-09-22,0.46,0.47,0.45,0.47,712885521,29.81,30.82,29.47,30.63,10893700,2026-03-13T02:46:48Z
NVDA,2006-09-25,0.47,0.47,0.45,0.46,746794639,30.88,31.01,29.44,30.26,11414000,2026-03-13T02:46:48Z
NVDA,2006-09-26,0.46,0.47,0.46,0.47,562842582,30.23,30.93,29.84,30.85,8602400,2026-03-13T02:46:48Z
NVDA,2006-09-27,0.46,0.48,0.46,0.46,630437670,30.14,31.1,29.85,30.14,9635000,2026-03-13T02:46:48Z
NVDA,2006-09-28,0.45,0.45,0.44,0.44,738421199,29.57,29.69,28.83,28.96,11285600,2026-03-13T02:46:48Z
NVDA,2006-09-29,0.45,0.46,0.45,0.46,407789760,29.59,30,29.43,29.77,6231500,2026-03-13T02:46:48Z
NVDA,2006-10-02,0.44,0.45,0.44,0.45,706223212,28.84,29.64,28.6,29.45,10793400,2026-03-13T02:46:48Z
NVDA,2006-10-03,0.43,0.44,0.42,0.43,990262222,28.3,28.52,27.67,28.3,15132800,2026-03-13T02:46:48Z
NVDA,2006-10-04,0.48,0.48,0.43,0.43,1592997072,31.08,31.09,28.26,28.34,24346000,2026-03-13T02:46:48Z
NVDA,2006-10-05,0.46,0.48,0.46,0.47,723174985,30.2,31.27,30.12,30.96,11051900,2026-03-13T02:46:48Z
NVDA,2006-10-06,0.47,0.48,0.46,0.46,647350996,30.93,31.25,30.16,30.25,9893400,2026-03-13T02:46:48Z
NVDA,2006-10-09,0.5,0.51,0.47,0.47,1016878056,32.92,33.33,30.77,30.86,15539500,2026-03-13T02:46:48Z
NVDA,2006-10-10,0.49,0.5,0.49,0.5,681147310,32.17,32.88,31.8,32.75,10410300,2026-03-13T02:46:48Z
NVDA,2006-10-11,0.49,0.5,0.48,0.49,525340458,32.35,32.92,31.51,32,8028200,2026-03-13T02:46:48Z
NVDA,2006-10-12,0.5,0.51,0.49,0.5,452460388,32.48,33.15,32.01,32.53,6914100,2026-03-13T02:46:48Z
NVDA,2006-10-13,0.52,0.52,0.49,0.5,637168871,33.77,33.96,31.84,32.37,9738300,2026-03-13T02:46:48Z
NVDA,2006-10-16,0.52,0.53,0.51,0.52,522398662,33.71,34.43,33.11,33.88,7982900,2026-03-13T02:46:48Z
NVDA,2006-10-17,0.5,0.51,0.49,0.51,574297152,32.42,33.39,32.1,33.16,8776200,2026-03-13T02:46:48Z
NVDA,2006-10-18,0.48,0.51,0.48,0.5,894882596,31.56,33.25,31.33,32.91,13675600,2026-03-13T02:46:48Z
NVDA,2006-10-19,0.49,0.5,0.48,0.48,515934024,32.16,32.4,31.19,31.44,7885000,2026-03-13T02:46:48Z
NVDA,2006-10-20,0.49,0.5,0.48,0.5,392043212,31.79,32.43,31.33,32.41,5991400,2026-03-13T02:46:48Z
NVDA,2006-10-23,0.48,0.5,0.48,0.49,308359848,31.58,32.49,31.5,31.72,4712600,2026-03-13T02:46:48Z
NVDA,2006-10-24,0.5,0.5,0.48,0.48,566327856,32.5,32.86,31.55,31.64,8654700,2026-03-13T02:46:48Z
NVDA,2006-10-25,0.5,0.51,0.49,0.5,424678862,32.8,33.3,32.26,32.81,6490200,2026-03-13T02:46:48Z
NVDA,2006-10-26,0.52,0.52,0.5,0.5,399851080,33.84,33.95,32.88,32.88,6111200,2026-03-13T02:46:48Z
NVDA,2006-10-27,0.49,0.53,0.49,0.52,616259040,32.38,34.59,32,33.84,9418400,2026-03-13T02:46:48Z
NVDA,2006-10-30,0.5,0.51,0.49,0.5,522663564,32.77,33.35,32.25,32.6,7987000,2026-03-13T02:46:48Z
NVDA,2006-10-31,0.53,0.53,0.51,0.51,1086136134,34.87,34.87,33.32,33.49,16597900,2026-03-13T02:46:48Z
NVDA,2006-11-01,0.49,0.53,0.48,0.53,1283036915,32.18,34.73,31.7,34.41,19609600,2026-03-13T02:46:48Z
NVDA,2006-11-02,0.49,0.51,0.48,0.49,941023969,31.96,33.03,31.52,32.33,14382400,2026-03-13T02:46:48Z
NVDA,2006-11-03,0.5,0.5,0.49,0.49,597664745,32.6,32.64,31.8,32.32,9134200,2026-03-13T02:46:48Z
NVDA,2006-11-06,0.51,0.52,0.49,0.5,806327868,33.59,34.04,32.28,32.69,12322500,2026-03-13T02:46:48Z
NVDA,2006-11-07,0.52,0.53,0.51,0.52,603431835,34.1,34.46,33.65,33.84,9221900,2026-03-13T02:46:48Z
NVDA,2006-11-08,0.53,0.54,0.52,0.52,707881619,34.6,35.02,33.78,33.86,10818100,2026-03-13T02:46:48Z
NVDA,2006-11-09,0.54,0.55,0.54,0.54,1325432214,35.29,36.2,34.99,35.31,20257800,2026-03-13T02:46:48Z
NVDA,2006-11-10,0.53,0.54,0.51,0.54,1437030524,34.44,35.16,33.57,34.99,21960200,2026-03-13T02:46:48Z
NVDA,2006-11-13,0.55,0.55,0.53,0.53,929862503,36,36.1,34.5,34.51,14211400,2026-03-13T02:46:48Z
NVDA,2006-11-14,0.56,0.56,0.54,0.55,685520383,36.36,36.43,35.1,35.87,10477000,2026-03-13T02:46:48Z
NVDA,2006-11-15,0.55,0.56,0.54,0.55,536458747,35.76,36.75,35.56,36.25,8198400,2026-03-13T02:46:48Z
NVDA,2006-11-16,0.55,0.56,0.54,0.55,498412242,36.22,36.35,35.6,35.91,7617500,2026-03-13T02:46:48Z
NVDA,2006-11-17,0.56,0.56,0.55,0.55,381306200,36.32,36.42,35.75,35.97,5827000,2026-03-13T02:46:48Z
NVDA,2006-11-20,0.56,0.56,0.54,0.55,661698784,36.66,36.86,35.6,35.87,10113200,2026-03-13T02:46:48Z
NVDA,2006-11-21,0.55,0.56,0.55,0.56,422668457,36.09,36.83,35.84,36.77,6458900,2026-03-13T02:46:48Z
NVDA,2006-11-22,0.56,0.56,0.55,0.55,262033602,36.71,36.75,36.03,36.22,4004600,2026-03-13T02:46:48Z
NVDA,2006-11-24,0.57,0.57,0.55,0.56,157459121,36.98,37.06,36.2,36.53,2406300,2026-03-13T02:46:48Z
NVDA,2006-11-27,0.54,0.57,0.54,0.56,633872006,35.31,37.25,35.06,36.76,9686700,2026-03-13T02:46:48Z
NVDA,2006-11-28,0.55,0.56,0.53,0.54,524506233,35.97,36.29,34.64,35.19,8015600,2026-03-13T02:46:48Z
NVDA,2006-11-29,0.56,0.56,0.55,0.56,632394125,36.5,36.94,36.16,36.3,9664900,2026-03-13T02:46:48Z
NVDA,2006-11-30,0.57,0.57,0.55,0.56,603094667,36.99,37.29,36.06,36.5,9216800,2026-03-13T02:46:48Z
NVDA,2006-12-01,0.54,0.56,0.54,0.56,856772514,35.54,36.63,35.22,36.58,13093400,2026-03-13T02:46:48Z
NVDA,2006-12-04,0.57,0.57,0.55,0.55,678520938,36.98,37.44,35.87,36,10369200,2026-03-13T02:46:48Z
NVDA,2006-12-05,0.56,0.56,0.55,0.56,723689175,36.6,36.81,36.19,36.59,11059000,2026-03-13T02:46:48Z
NVDA,2006-12-06,0.56,0.56,0.55,0.56,521562813,36.55,36.72,36.05,36.72,7970700,2026-03-13T02:46:48Z
NVDA,2006-12-07,0.55,0.56,0.54,0.56,531143316,35.67,36.75,35.35,36.55,8116800,2026-03-13T02:46:48Z
NVDA,2006-12-08,0.54,0.55,0.53,0.54,616088674,35.55,36.04,34.9,35.41,9415500,2026-03-13T02:46:48Z
NVDA,2006-12-11,0.55,0.56,0.54,0.54,562074819,36.16,36.59,35.48,35.56,8589200,2026-03-13T02:46:48Z
NVDA,2006-12-12,0.55,0.55,0.54,0.55,622484193,35.79,36.01,35.31,35.89,9513800,2026-03-13T02:46:48Z
NVDA,2006-12-13,0.55,0.56,0.55,0.55,535671056,36.21,36.5,36.08,36.08,8186700,2026-03-13T02:46:48Z
NVDA,2006-12-14,0.56,0.57,0.56,0.56,780212731,36.85,37.31,36.47,36.5,11923800,2026-03-13T02:46:48Z
NVDA,2006-12-15,0.57,0.57,0.56,0.57,816421552,37.5,37.5,36.86,37.09,12477100,2026-03-13T02:46:48Z
NVDA,2006-12-18,0.58,0.59,0.57,0.57,750972371,38.15,38.6,37.52,37.54,11476800,2026-03-13T02:46:48Z
NVDA,2006-12-19,0.59,0.59,0.57,0.58,594608291,38.7,38.9,37.61,37.66,9086600,2026-03-13T02:46:48Z
NVDA,2006-12-20,0.58,0.6,0.58,0.59,334882442,38.26,38.96,38.23,38.5,5117500,2026-03-13T02:46:48Z
NVDA,2006-12-21,0.58,0.59,0.57,0.59,401214094,37.93,38.58,37.5,38.47,6131600,2026-03-13T02:46:48Z
NVDA,2006-12-22,0.57,0.58,0.56,0.58,403752784,37.03,38,36.85,37.87,6169900,2026-03-13T02:46:48Z
NVDA,2006-12-26,0.57,0.57,0.56,0.57,248887149,37.02,37.56,36.87,37.23,3803900,2026-03-13T02:46:48Z
NVDA,2006-12-27,0.57,0.57,0.57,0.57,288848224,37.51,37.64,37.18,37.18,4414500,2026-03-13T02:46:48Z
NVDA,2006-12-28,0.57,0.57,0.57,0.57,235032854,37.24,37.59,37.07,37.55,3592200,2026-03-13T02:46:48Z
NVDA,2006-12-29,0.57,0.58,0.56,0.57,421227682,37.01,38.02,36.97,37.24,6437700,2026-03-13T02:46:48Z
NVDA,2007-01-03,0.55,0.57,0.53,0.57,1259222736,36.08,37.52,34.79,37.07,19245400,2026-03-13T02:46:48Z
NVDA,2007-01-04,0.55,0.55,0.54,0.55,871818555,35.91,36.08,35.03,35.95,13323700,2026-03-13T02:46:48Z
NVDA,2007-01-05,0.51,0.54,0.51,0.54,1356169317,33.66,35.2,33.42,35.06,20725300,2026-03-13T02:46:48Z
NVDA,2007-01-08,0.52,0.53,0.51,0.52,714546544,33.91,34.56,33.2,33.78,10920900,2026-03-13T02:46:48Z
NVDA,2007-01-09,0.51,0.52,0.51,0.52,833138466,33.25,34.19,33.21,33.96,12733100,2026-03-13T02:46:48Z
NVDA,2007-01-10,0.53,0.54,0.5,0.5,1204071120,34.89,35.2,32.4,32.9,18401000,2026-03-13T02:46:48Z
NVDA,2007-01-11,0.53,0.54,0.52,0.53,1008217425,34.76,35.16,34.19,34.89,15408400,2026-03-13T02:46:48Z
NVDA,2007-01-12,0.54,0.54,0.52,0.52,761473054,35.23,35.37,34.08,34.24,11636500,2026-03-13T02:46:48Z
NVDA,2007-01-16,0.54,0.54,0.53,0.54,776024705,35.29,35.52,34.89,35.5,11860700,2026-03-13T02:46:48Z
NVDA,2007-01-17,0.53,0.54,0.53,0.53,772448670,34.55,35.01,34.42,34.8,11805400,2026-03-13T02:46:48Z
NVDA,2007-01-18,0.48,0.52,0.48,0.52,1637519926,31.69,34.25,31.26,34.25,25023700,2026-03-13T02:46:48Z
NVDA,2007-01-19,0.49,0.5,0.48,0.48,1027895255,31.88,32.54,31.13,31.35,15709600,2026-03-13T02:46:48Z
NVDA,2007-01-22,0.49,0.5,0.49,0.49,796845202,31.88,32.7,31.76,32.18,12178400,2026-03-13T02:46:48Z
NVDA,2007-01-23,0.49,0.5,0.48,0.49,687650133,31.89,32.4,31.14,31.73,10509900,2026-03-13T02:46:48Z
NVDA,2007-01-24,0.5,0.51,0.49,0.49,747779378,32.88,33.31,32.15,32.3,11428200,2026-03-13T02:46:48Z
NVDA,2007-01-25,0.48,0.51,0.48,0.51,672130999,31.73,33.3,31.57,33.07,10272200,2026-03-13T02:46:48Z
NVDA,2007-01-26,0.48,0.49,0.47,0.49,904286282,31.47,32.31,30.9,32,13818600,2026-03-13T02:46:48Z
NVDA,2007-01-29,0.46,0.48,0.46,0.48,1372352336,30.18,31.35,29.91,31.33,20971800,2026-03-13T02:46:48Z
NVDA,2007-01-30,0.47,0.47,0.46,0.46,694117868,30.76,30.96,30.11,30.38,10607400,2026-03-13T02:46:48Z
NVDA,2007-01-31,0.47,0.47,0.46,0.47,508865344,30.65,30.94,30.23,30.61,7777100,2026-03-13T02:46:48Z
NVDA,2007-02-01,0.47,0.48,0.46,0.46,707781509,31.04,31.2,30.3,30.36,10815800,2026-03-13T02:46:48Z
NVDA,2007-02-02,0.49,0.49,0.47,0.48,639734376,31.85,32,30.95,31.21,9776400,2026-03-13T02:46:48Z
NVDA,2007-02-05,0.49,0.5,0.49,0.49,632291260,32.37,32.64,31.95,32,9663100,2026-03-13T02:46:48Z
NVDA,2007-02-06,0.51,0.52,0.5,0.51,845012039,33.52,33.94,32.61,33.1,12913900,2026-03-13T02:46:48Z
NVDA,2007-02-07,0.53,0.53,0.51,0.52,830011294,34.83,34.91,33.59,33.79,12684900,2026-03-13T02:46:48Z
NVDA,2007-02-08,0.53,0.53,0.52,0.52,791911224,34.38,34.87,34,34.3,12102100,2026-03-13T02:46:48Z
NVDA,2007-02-09,0.5,0.53,0.5,0.53,1022746907,32.65,34.84,32.52,34.55,15630000,2026-03-13T02:46:48Z
NVDA,2007-02-12,0.51,0.52,0.5,0.5,860388972,33.37,34.08,32.54,32.89,13148700,2026-03-13T02:46:48Z
NVDA,2007-02-13,0.52,0.52,0.51,0.52,945479277,34,34.27,33.57,33.91,14448300,2026-03-13T02:46:48Z
NVDA,2007-02-14,0.51,0.53,0.51,0.52,1180044855,33.55,34.5,33.47,34.3,18035500,2026-03-13T02:46:48Z
NVDA,2007-02-15,0.52,0.52,0.51,0.51,532959380,33.75,33.92,33.21,33.53,8145200,2026-03-13T02:46:48Z
NVDA,2007-02-16,0.5,0.51,0.5,0.51,998016576,32.72,33.65,32.62,33.61,15251800,2026-03-13T02:46:48Z
NVDA,2007-02-20,0.5,0.51,0.5,0.5,682448593,33.01,33.19,32.54,32.77,10429400,2026-03-13T02:46:48Z
NVDA,2007-02-21,0.5,0.51,0.49,0.5,714713548,32.52,33.09,32.19,32.86,10922900,2026-03-13T02:46:48Z
NVDA,2007-02-22,0.5,0.51,0.5,0.51,714798982,32.73,33.56,32.65,33.03,10924000,2026-03-13T02:46:48Z
NVDA,2007-02-23,0.5,0.51,0.5,0.51,434336950,32.65,33.06,32.64,33.04,6637700,2026-03-13T02:46:48Z
NVDA,2007-02-26,0.49,0.5,0.49,0.5,538964785,32.15,32.99,32.1,32.74,8236700,2026-03-13T02:46:48Z
NVDA,2007-02-27,0.48,0.5,0.48,0.49,783593965,31.18,32.55,31.13,31.8,11974300,2026-03-13T02:46:48Z
NVDA,2007-02-28,0.47,0.48,0.47,0.48,851141572,31,31.67,30.71,31.09,13007900,2026-03-13T02:46:48Z
NVDA,2007-03-01,0.47,0.48,0.46,0.46,913141288,30.62,31.19,29.93,30.33,13954500,2026-03-13T02:46:48Z
NVDA,2007-03-02,0.46,0.47,0.45,0.46,744594334,29.77,30.72,29.71,30.35,11379500,2026-03-13T02:46:48Z
NVDA,2007-03-05,0.44,0.46,0.44,0.45,723517080,28.76,29.83,28.66,29.25,11057300,2026-03-13T02:46:48Z
NVDA,2007-03-06,0.47,0.47,0.45,0.45,879039661,30.46,30.79,29.27,29.39,13432900,2026-03-13T02:46:48Z
NVDA,2007-03-07,0.45,0.47,0.45,0.46,836380503,29.6,30.45,29.47,30.31,12781100,2026-03-13T02:46:48Z
NVDA,2007-03-08,0.47,0.48,0.46,0.46,840236390,30.82,31.16,30.2,30.22,12839900,2026-03-13T02:46:48Z
NVDA,2007-03-09,0.47,0.48,0.46,0.48,605240286,30.51,31.6,30.16,31.2,9250200,2026-03-13T02:46:48Z
NVDA,2007-03-12,0.46,0.47,0.46,0.46,466885633,30.33,30.77,30.12,30.16,7134900,2026-03-13T02:46:48Z
NVDA,2007-03-13,0.44,0.46,0.44,0.46,672893901,29.05,30.2,29.03,30.02,10283800,2026-03-13T02:46:48Z
NVDA,2007-03-14,0.44,0.45,0.43,0.45,1031834861,28.91,29.3,28.04,29.13,15769500,2026-03-13T02:46:48Z
NVDA,2007-03-15,0.44,0.45,0.43,0.44,715283892,28.62,29.1,28.18,28.84,10931700,2026-03-13T02:46:48Z
NVDA,2007-03-16,0.43,0.44,0.43,0.44,573091286,28.35,28.69,28.15,28.64,8759100,2026-03-13T02:46:48Z
NVDA,2007-03-19,0.44,0.44,0.43,0.44,503368625,28.49,28.95,28.4,28.5,7693300,2026-03-13T02:46:48Z
NVDA,2007-03-20,0.43,0.44,0.43,0.43,715848881,28.35,29.05,28.24,28.4,10941000,2026-03-13T02:46:48Z
NVDA,2007-03-21,0.46,0.47,0.44,0.45,1383664895,29.97,30.44,28.94,29.5,21145100,2026-03-13T02:46:48Z
NVDA,2007-03-22,0.47,0.47,0.46,0.46,889637440,30.63,30.81,29.86,30,13595800,2026-03-13T02:46:48Z
NVDA,2007-03-23,0.46,0.47,0.46,0.47,572278852,30.29,30.94,30.07,30.4,8746300,2026-03-13T02:46:48Z
NVDA,2007-03-26,0.46,0.47,0.46,0.46,487576665,30.35,30.6,29.8,30.31,7451500,2026-03-13T02:46:48Z
NVDA,2007-03-27,0.46,0.46,0.46,0.46,511375434,29.78,30.34,29.75,30.28,7815400,2026-03-13T02:46:48Z
NVDA,2007-03-28,0.45,0.46,0.45,0.45,506330803,29.21,29.78,29.16,29.53,7738500,2026-03-13T02:46:48Z
NVDA,2007-03-29,0.44,0.45,0.43,0.45,783829487,28.7,29.69,28.23,29.65,11979500,2026-03-13T02:46:48Z
NVDA,2007-03-30,0.44,0.45,0.44,0.44,633831964,28.78,29.3,28.63,29.09,9687400,2026-03-13T02:46:48Z
NVDA,2007-04-02,0.44,0.44,0.43,0.44,435834186,28.75,28.95,28.28,28.71,6660600,2026-03-13T02:46:48Z
NVDA,2007-04-03,0.44,0.44,0.43,0.44,516380274,28.64,29.07,28.37,28.76,7892300,2026-03-13T02:46:48Z
NVDA,2007-04-04,0.44,0.44,0.44,0.44,393888136,28.58,28.83,28.5,28.62,6019000,2026-03-13T02:46:48Z
NVDA,2007-04-05,0.47,0.47,0.44,0.44,1454563843,30.9,30.93,28.7,28.7,22228000,2026-03-13T02:46:48Z
NVDA,2007-04-09,0.46,0.48,0.46,0.47,699043697,30.34,31.25,30.28,30.89,10683100,2026-03-13T02:46:48Z
NVDA,2007-04-10,0.46,0.47,0.46,0.46,866132115,30.03,30.65,29.97,30.3,13235700,2026-03-13T02:46:48Z
NVDA,2007-04-11,0.45,0.46,0.45,0.46,888403254,29.49,30.39,29.39,30.09,13577600,2026-03-13T02:46:48Z
NVDA,2007-04-12,0.46,0.47,0.45,0.45,811116404,30.33,30.42,29.14,29.33,12395400,2026-03-13T02:46:48Z
NVDA,2007-04-13,0.47,0.47,0.46,0.46,696011959,30.58,30.64,29.86,30.27,10637500,2026-03-13T02:46:48Z
NVDA,2007-04-16,0.46,0.47,0.46,0.47,658443417,30.42,30.73,30.03,30.51,10062800,2026-03-13T02:46:48Z
NVDA,2007-04-17,0.47,0.49,0.47,0.48,1155263136,30.71,31.9,30.56,31.19,17655500,2026-03-13T02:46:48Z
NVDA,2007-04-18,0.48,0.48,0.47,0.47,745429229,31.09,31.36,30.5,30.66,11392900,2026-03-13T02:46:48Z
NVDA,2007-04-19,0.48,0.48,0.47,0.47,621160386,31.52,31.7,30.75,30.85,9493400,2026-03-13T02:46:48Z
NVDA,2007-04-20,0.49,0.49,0.48,0.49,644172677,31.89,32,31.47,31.98,9845400,2026-03-13T02:46:48Z
NVDA,2007-04-23,0.48,0.49,0.48,0.49,649672144,31.37,31.8,31.28,31.77,9929000,2026-03-13T02:46:48Z
NVDA,2007-04-24,0.5,0.5,0.48,0.49,1121103369,32.55,32.84,31.69,31.89,17131700,2026-03-13T02:46:48Z
NVDA,2007-04-25,0.51,0.51,0.49,0.5,555762928,33.11,33.29,32.35,32.51,8493900,2026-03-13T02:46:48Z
NVDA,2007-04-26,0.51,0.52,0.5,0.51,545362248,33.52,33.77,32.81,33.11,8334500,2026-03-13T02:46:48Z
NVDA,2007-04-27,0.51,0.52,0.5,0.51,604260796,33.07,33.78,32.54,33.41,9234200,2026-03-13T02:46:48Z
NVDA,2007-04-30,0.5,0.52,0.5,0.51,614413593,32.89,33.94,32.88,33.52,9390300,2026-03-13T02:46:48Z
NVDA,2007-05-01,0.51,0.52,0.5,0.51,594066752,33.24,33.71,32.97,33.49,9079000,2026-03-13T02:46:48Z
NVDA,2007-05-02,0.5,0.51,0.5,0.51,719565423,32.85,33.55,32.68,33.41,10996100,2026-03-13T02:46:48Z
NVDA,2007-05-03,0.51,0.52,0.51,0.51,545780237,33.47,33.69,33.1,33.16,8341300,2026-03-13T02:46:48Z
NVDA,2007-05-04,0.52,0.52,0.51,0.51,442012500,33.71,33.88,33.33,33.65,6754500,2026-03-13T02:46:48Z
NVDA,2007-05-07,0.51,0.53,0.5,0.52,607678294,33.04,34.58,33,34.06,9287500,2026-03-13T02:46:48Z
NVDA,2007-05-08,0.51,0.51,0.49,0.5,803917793,33.29,33.37,32.2,32.84,12285300,2026-03-13T02:46:48Z
NVDA,2007-05-09,0.51,0.51,0.5,0.51,456628215,33.44,33.63,32.67,33.05,6978200,2026-03-13T02:46:48Z
NVDA,2007-05-10,0.5,0.52,0.5,0.51,890052519,32.82,34.02,32.53,33.58,13603000,2026-03-13T02:46:48Z
NVDA,2007-05-11,0.54,0.54,0.52,0.53,1669444177,35.14,35.48,34.06,34.59,25515300,2026-03-13T02:46:48Z
NVDA,2007-05-14,0.53,0.54,0.53,0.54,798062545,34.79,35.33,34.46,35,12195300,2026-03-13T02:46:48Z
NVDA,2007-05-15,0.53,0.54,0.53,0.53,677738006,34.48,35.1,34.4,34.87,10358100,2026-03-13T02:46:48Z
NVDA,2007-05-16,0.53,0.53,0.52,0.53,570458081,34.92,34.92,33.85,34.51,8718600,2026-03-13T02:46:48Z
NVDA,2007-05-17,0.52,0.54,0.52,0.53,490271735,34.34,35,34.14,34.82,7493000,2026-03-13T02:46:48Z
NVDA,2007-05-18,0.54,0.54,0.52,0.53,658730224,35.02,35.12,34.31,34.6,10066600,2026-03-13T02:46:48Z
NVDA,2007-05-21,0.54,0.55,0.53,0.53,704248737,35.13,36,34.75,34.92,10763200,2026-03-13T02:46:48Z
NVDA,2007-05-22,0.54,0.55,0.53,0.54,438416756,35.32,35.64,34.59,35.16,6700000,2026-03-13T02:46:48Z
NVDA,2007-05-23,0.53,0.54,0.52,0.54,488897465,34.38,35.55,34.28,35.34,7471400,2026-03-13T02:46:48Z
NVDA,2007-05-24,0.51,0.53,0.5,0.53,662903837,33.14,34.64,33,34.54,10130200,2026-03-13T02:46:48Z
NVDA,2007-05-25,0.51,0.52,0.51,0.51,336959840,33.66,33.83,33.28,33.38,5149500,2026-03-13T02:46:48Z
NVDA,2007-05-29,0.52,0.52,0.51,0.51,344885077,34.02,34.13,33.42,33.52,5270600,2026-03-13T02:46:48Z
NVDA,2007-05-30,0.52,0.52,0.51,0.51,361814326,34.1,34.1,33.2,33.62,5529400,2026-03-13T02:46:48Z
NVDA,2007-05-31,0.53,0.53,0.52,0.53,844744464,34.64,34.85,34.19,34.35,12910900,2026-03-13T02:46:48Z
NVDA,2007-06-01,0.53,0.54,0.53,0.54,466409762,34.88,35.55,34.82,35.42,7127600,2026-03-13T02:46:48Z
NVDA,2007-06-04,0.54,0.54,0.53,0.53,351079424,35.07,35.27,34.42,34.56,5365800,2026-03-13T02:46:48Z
NVDA,2007-06-05,0.55,0.55,0.54,0.54,730679794,36.11,36.17,35.11,35.17,11166200,2026-03-13T02:46:48Z
NVDA,2007-06-06,0.56,0.56,0.55,0.55,1037070593,36.38,36.96,35.71,35.86,15847700,2026-03-13T02:46:48Z
NVDA,2007-06-07,0.55,0.56,0.55,0.55,863580955,35.99,36.75,35.98,36.21,13198000,2026-03-13T02:46:48Z
NVDA,2007-06-08,0.56,0.56,0.54,0.55,581632071,36.55,36.6,35.25,35.69,8888700,2026-03-13T02:46:48Z
NVDA,2007-06-11,0.56,0.56,0.56,0.56,475138661,36.68,36.9,36.35,36.55,7260900,2026-03-13T02:46:48Z
NVDA,2007-06-12,0.55,0.57,0.55,0.56,574283170,36.3,37,36.28,36.49,8777200,2026-03-13T02:46:48Z
NVDA,2007-06-13,0.57,0.57,0.55,0.56,640513401,37.17,37.18,36.23,36.7,9789500,2026-03-13T02:46:48Z
NVDA,2007-06-14,0.58,0.58,0.56,0.57,554702511,37.83,37.97,36.95,37,8476700,2026-03-13T02:46:48Z
NVDA,2007-06-15,0.6,0.61,0.59,0.59,1176156646,39.55,39.85,38.25,38.26,17976000,2026-03-13T02:46:48Z
NVDA,2007-06-18,0.6,0.61,0.6,0.61,747949400,39.57,40.09,39.25,39.95,11430000,2026-03-13T02:46:48Z
NVDA,2007-06-19,0.61,0.61,0.6,0.6,536491076,39.82,39.91,39.05,39.29,8199200,2026-03-13T02:46:48Z
NVDA,2007-06-20,0.61,0.61,0.61,0.61,895905142,39.86,40.2,39.59,40,13691000,2026-03-13T02:46:48Z
NVDA,2007-06-21,0.66,0.66,0.62,0.62,1419870462,42.98,43.33,40.32,40.64,21698800,2026-03-13T02:46:48Z
NVDA,2007-06-22,0.67,0.67,0.65,0.66,961890829,43.62,43.87,42.35,43,14699600,2026-03-13T02:46:48Z
NVDA,2007-06-25,0.65,0.66,0.64,0.65,894104964,42.47,43.44,42.01,42.4,13663800,2026-03-13T02:46:48Z
NVDA,2007-06-26,0.62,0.65,0.62,0.65,946858334,40.5,42.48,40.4,42.36,14469400,2026-03-13T02:46:48Z
NVDA,2007-06-27,0.64,0.64,0.62,0.62,668737249,41.59,41.64,40.3,40.5,10219500,2026-03-13T02:46:48Z
NVDA,2007-06-28,0.64,0.65,0.63,0.64,652079982,41.99,42.44,41.3,41.71,9965700,2026-03-13T02:46:48Z
NVDA,2007-06-29,0.63,0.65,0.63,0.65,562451955,41.31,42.28,41.29,42.27,8595400,2026-03-13T02:46:48Z
NVDA,2007-07-02,0.66,0.66,0.64,0.64,610627653,43.03,43.05,41.77,41.9,9331400,2026-03-13T02:46:48Z
NVDA,2007-07-03,0.66,0.66,0.65,0.66,260407177,43.1,43.44,42.65,43,3979400,2026-03-13T02:46:48Z
NVDA,2007-07-05,0.67,0.67,0.66,0.66,406802043,43.56,43.7,42.9,43.11,6216900,2026-03-13T02:46:48Z
NVDA,2007-07-06,0.67,0.67,0.66,0.67,308372665,43.77,43.94,43.42,43.5,4712600,2026-03-13T02:46:48Z
NVDA,2007-07-09,0.69,0.69,0.67,0.67,585356166,45.04,45.25,43.92,43.93,8946300,2026-03-13T02:46:48Z
NVDA,2007-07-10,0.7,0.7,0.68,0.69,602848788,45.48,45.75,44.33,44.81,9212400,2026-03-13T02:46:48Z
NVDA,2007-07-11,0.69,0.7,0.68,0.7,635433366,45.28,45.78,44.65,45.47,9710700,2026-03-13T02:46:48Z
NVDA,2007-07-12,0.71,0.71,0.69,0.7,478474426,46.15,46.2,45.28,45.64,7312100,2026-03-13T02:46:48Z
NVDA,2007-07-13,0.7,0.71,0.7,0.71,401378798,45.87,46.57,45.82,46.24,6134000,2026-03-13T02:46:48Z
NVDA,2007-07-16,0.71,0.72,0.7,0.7,590775062,46.7,46.89,45.9,45.91,9029000,2026-03-13T02:46:48Z
NVDA,2007-07-17,0.71,0.73,0.71,0.72,702361839,46.5,47.83,46.46,46.89,10733300,2026-03-13T02:46:48Z
NVDA,2007-07-18,0.7,0.7,0.68,0.7,600569535,45.65,45.97,44.75,45.83,9178000,2026-03-13T02:46:48Z
NVDA,2007-07-19,0.7,0.71,0.69,0.71,443973384,45.6,46.53,45.28,46.3,6785200,2026-03-13T02:46:48Z
NVDA,2007-07-20,0.69,0.7,0.69,0.7,551130247,45.1,46.06,44.88,45.9,8423000,2026-03-13T02:46:48Z
NVDA,2007-07-23,0.7,0.71,0.69,0.69,393150135,45.55,46.48,44.84,44.94,6007900,2026-03-13T02:46:48Z
NVDA,2007-07-24,0.68,0.7,0.67,0.69,499067855,44.35,45.75,44.07,45.37,7626900,2026-03-13T02:46:48Z
NVDA,2007-07-25,0.67,0.69,0.66,0.68,477461152,44.14,44.99,43.12,44.36,7296800,2026-03-13T02:46:48Z
NVDA,2007-07-26,0.68,0.69,0.66,0.67,774651912,44.36,44.98,43.08,43.68,11838600,2026-03-13T02:46:48Z
NVDA,2007-07-27,0.68,0.71,0.68,0.68,669317934,44.25,46.29,44.23,44.25,10229600,2026-03-13T02:46:48Z
NVDA,2007-07-30,0.7,0.7,0.68,0.68,587155559,45.49,45.56,44.4,44.41,8972800,2026-03-13T02:46:48Z
NVDA,2007-07-31,0.7,0.73,0.7,0.72,775192716,45.76,47.93,45.7,47.25,11847600,2026-03-13T02:46:48Z
NVDA,2007-08-01,0.69,0.71,0.66,0.69,769803749,45.42,46.21,43.3,45.1,11764000,2026-03-13T02:46:48Z
NVDA,2007-08-02,0.69,0.7,0.68,0.7,511124363,45.22,45.98,44.61,45.94,7811200,2026-03-13T02:46:48Z
NVDA,2007-08-03,0.65,0.69,0.65,0.69,679684536,42.54,45.4,42.52,45.07,10387000,2026-03-13T02:46:48Z
NVDA,2007-08-06,0.66,0.66,0.64,0.66,571683602,42.9,43.22,41.7,42.9,8736500,2026-03-13T02:46:48Z
NVDA,2007-08-07,0.67,0.68,0.65,0.66,617747499,43.58,44.29,42.33,42.9,9441000,2026-03-13T02:46:48Z
NVDA,2007-08-08,0.7,0.72,0.67,0.68,721163175,45.59,46.95,44.03,44.37,11021200,2026-03-13T02:46:48Z
NVDA,2007-08-09,0.71,0.72,0.69,0.7,1363170619,46.13,47.4,44.85,45.9,20834100,2026-03-13T02:46:48Z
NVDA,2007-08-10,0.67,0.68,0.63,0.65,1244627350,43.99,44.29,41.39,42.35,19020800,2026-03-13T02:46:48Z
NVDA,2007-08-13,0.67,0.68,0.65,0.68,772969262,43.51,44.64,42.6,44.34,11813400,2026-03-13T02:46:48Z
NVDA,2007-08-14,0.69,0.7,0.67,0.67,1191186596,45.2,45.9,43.68,43.81,18203300,2026-03-13T02:46:48Z
NVDA,2007-08-15,0.66,0.7,0.66,0.69,758360055,43.29,45.6,43.23,44.96,11590000,2026-03-13T02:46:48Z
NVDA,2007-08-16,0.65,0.66,0.62,0.66,847552490,42.57,43.17,40.5,42.86,12953200,2026-03-13T02:46:48Z
NVDA,2007-08-17,0.69,0.69,0.65,0.67,794783482,45.08,45.12,42.39,43.75,12146200,2026-03-13T02:46:48Z
NVDA,2007-08-20,0.69,0.7,0.68,0.69,566452723,44.9,45.6,44.35,45.11,8657400,2026-03-13T02:46:48Z
NVDA,2007-08-21,0.72,0.73,0.68,0.69,780404766,47.33,47.69,44.5,45.17,11926700,2026-03-13T02:46:48Z
NVDA,2007-08-22,0.74,0.74,0.73,0.74,617087448,48.41,48.69,47.55,48.53,9430700,2026-03-13T02:46:48Z
NVDA,2007-08-23,0.73,0.75,0.73,0.74,728447002,48,49.21,47.79,48.64,11133100,2026-03-13T02:46:48Z
NVDA,2007-08-24,0.74,0.74,0.73,0.74,394365459,48.25,48.34,47.51,48.2,6026800,2026-03-13T02:46:48Z
NVDA,2007-08-27,0.75,0.76,0.73,0.74,693676469,49.34,49.85,48.03,48.25,10601000,2026-03-13T02:46:48Z
NVDA,2007-08-28,0.71,0.76,0.71,0.76,603330088,46.33,49.7,46.22,49.5,9220800,2026-03-13T02:46:48Z
NVDA,2007-08-29,0.75,0.75,0.72,0.72,587421716,48.96,49.02,47.2,47.3,8976900,2026-03-13T02:46:48Z
NVDA,2007-08-30,0.74,0.76,0.74,0.74,507601773,48.68,49.89,48.47,48.49,7757200,2026-03-13T02:46:48Z
NVDA,2007-08-31,0.78,0.79,0.76,0.76,786176453,51.16,51.35,49.43,49.7,12015000,2026-03-13T02:46:48Z
NVDA,2007-09-04,0.81,0.81,0.77,0.79,724121414,52.74,52.96,50.59,51.39,11066400,2026-03-13T02:46:48Z
NVDA,2007-09-05,0.8,0.83,0.8,0.8,715667622,52.34,54,52.3,52.51,10937800,2026-03-13T02:46:48Z
NVDA,2007-09-06,0.8,0.82,0.8,0.81,464111099,52.57,53.47,52.35,52.99,7092500,2026-03-13T02:46:48Z
NVDA,2007-09-07,0.77,0.79,0.76,0.78,656925105,50.65,51.64,49.67,51.12,10039600,2026-03-13T02:46:48Z
NVDA,2007-09-10,0.78,0.81,0.77,0.79,634063471,50.79,52.65,50.37,51.75,9690100,2026-03-13T02:46:48Z
NVDA,2007-09-11,0.79,0.8,0.78,0.79,442294218,34.58,34.84,33.91,34.35,10139000,2026-03-13T02:46:48Z
NVDA,2007-09-12,0.76,0.81,0.75,0.8,604835213,33.22,35.12,32.88,34.95,13864600,2026-03-13T02:46:48Z
NVDA,2007-09-13,0.76,0.78,0.76,0.78,493934497,33.23,33.89,32.99,33.85,11322800,2026-03-13T02:46:48Z
NVDA,2007-09-14,0.74,0.76,0.74,0.75,531523237,32.25,32.94,32.15,32.9,12183900,2026-03-13T02:46:48Z
NVDA,2007-09-17,0.74,0.75,0.73,0.74,408791137,32.18,32.64,31.83,32.3,9371200,2026-03-13T02:46:48Z
NVDA,2007-09-18,0.8,0.81,0.74,0.75,921451414,35,35.5,32.47,32.52,21122300,2026-03-13T02:46:48Z
NVDA,2007-09-19,0.79,0.83,0.78,0.81,568582355,34.36,36,34.02,35.32,13034700,2026-03-13T02:46:48Z
NVDA,2007-09-20,0.78,0.8,0.77,0.79,353622062,34.16,34.75,33.78,34.38,8106600,2026-03-13T02:46:48Z
NVDA,2007-09-21,0.79,0.8,0.78,0.79,499001966,34.49,35,34.16,34.5,11439200,2026-03-13T02:46:48Z
NVDA,2007-09-24,0.81,0.82,0.79,0.8,497816546,35.37,35.9,34.45,34.75,11412400,2026-03-13T02:46:48Z
NVDA,2007-09-25,0.82,0.83,0.8,0.81,393431057,35.82,35.97,35.06,35.16,9018600,2026-03-13T02:46:48Z
NVDA,2007-09-26,0.84,0.84,0.82,0.83,565076893,36.67,36.75,35.91,36,12954300,2026-03-13T02:46:48Z
NVDA,2007-09-27,0.84,0.85,0.83,0.85,412554576,36.78,37.2,36.39,37.02,9456900,2026-03-13T02:46:48Z
NVDA,2007-09-28,0.83,0.85,0.83,0.85,440943285,36.24,37.13,36.16,37,10108600,2026-03-13T02:46:48Z
NVDA,2007-10-01,0.87,0.87,0.84,0.84,434288569,37.77,37.95,36.51,36.65,9955800,2026-03-13T02:46:48Z
NVDA,2007-10-02,0.86,0.87,0.85,0.86,311139934,37.41,37.75,36.86,37.68,7132300,2026-03-13T02:46:48Z
NVDA,2007-10-03,0.82,0.84,0.81,0.84,509607231,35.82,36.75,35.23,36.75,11681700,2026-03-13T02:46:48Z
NVDA,2007-10-04,0.82,0.83,0.8,0.82,413329420,35.98,36.19,34.75,35.78,9475100,2026-03-13T02:46:48Z
NVDA,2007-10-05,0.85,0.85,0.83,0.84,376186422,36.93,37.13,36.16,36.55,8623400,2026-03-13T02:46:48Z
NVDA,2007-10-08,0.86,0.86,0.84,0.85,275339370,37.53,37.59,36.75,37.19,6312000,2026-03-13T02:46:48Z
NVDA,2007-10-09,0.85,0.86,0.83,0.86,439580386,36.87,37.7,36.32,37.53,10076300,2026-03-13T02:46:48Z
NVDA,2007-10-10,0.85,0.85,0.83,0.85,424531624,36.91,37.12,36.02,37.12,9732300,2026-03-13T02:46:48Z
NVDA,2007-10-11,0.81,0.85,0.8,0.84,577015200,35.27,37.03,34.87,36.57,13227900,2026-03-13T02:46:48Z
NVDA,2007-10-12,0.83,0.83,0.81,0.82,447111124,36.13,36.13,35.11,35.66,10249700,2026-03-13T02:46:48Z
NVDA,2007-10-15,0.83,0.85,0.83,0.83,388153697,36.39,36.86,36.08,36.25,8897500,2026-03-13T02:46:48Z
NVDA,2007-10-16,0.84,0.86,0.83,0.83,301690272,36.72,37.37,36.22,36.35,6916200,2026-03-13T02:46:48Z
NVDA,2007-10-17,0.91,0.91,0.87,0.88,782969581,39.54,39.65,38.11,38.15,17948500,2026-03-13T02:46:48Z
NVDA,2007-10-18,0.91,0.91,0.88,0.9,371516614,39.51,39.67,38.42,39.41,8516900,2026-03-13T02:46:48Z
NVDA,2007-10-19,0.86,0.9,0.86,0.9,551697752,37.39,39.44,37.38,39.42,12647500,2026-03-13T02:46:48Z
NVDA,2007-10-22,0.9,0.9,0.85,0.85,586344258,39.16,39.24,36.85,37.15,13441300,2026-03-13T02:46:48Z
NVDA,2007-10-23,0.9,0.91,0.88,0.91,321176161,39.35,39.67,38.28,39.67,7362600,2026-03-13T02:46:48Z
NVDA,2007-10-24,0.87,0.88,0.83,0.88,616900249,38.02,38.5,36.15,38.5,14142300,2026-03-13T02:46:48Z
NVDA,2007-10-25,0.8,0.85,0.77,0.85,879312393,34.7,37.2,33.59,36.85,20158300,2026-03-13T02:46:48Z
NVDA,2007-10-26,0.79,0.83,0.78,0.82,672488132,34.4,36.04,33.9,35.8,15416400,2026-03-13T02:46:48Z
NVDA,2007-10-29,0.77,0.77,0.75,0.76,887555509,33.59,33.75,32.56,33.22,20347300,2026-03-13T02:46:48Z
NVDA,2007-10-30,0.8,0.81,0.76,0.78,572780748,34.82,35.53,33.3,33.86,13130200,2026-03-13T02:46:48Z
NVDA,2007-10-31,0.81,0.81,0.78,0.8,496781461,35.38,35.4,33.94,35.03,11387500,2026-03-13T02:46:48Z
NVDA,2007-11-01,0.81,0.83,0.79,0.8,640504550,35.38,36.09,34.35,34.83,14682000,2026-03-13T02:46:48Z
NVDA,2007-11-02,0.84,0.85,0.81,0.82,536538373,36.74,37,35.37,35.87,12299200,2026-03-13T02:46:48Z
NVDA,2007-11-05,0.84,0.86,0.83,0.83,476477084,36.74,37.62,36.2,36.4,10922400,2026-03-13T02:46:48Z
NVDA,2007-11-06,0.87,0.88,0.85,0.85,604881926,37.9,38.2,36.92,37.09,13866000,2026-03-13T02:46:48Z
NVDA,2007-11-07,0.83,0.87,0.82,0.87,596319604,36.1,38.03,35.8,37.88,13669100,2026-03-13T02:46:48Z
NVDA,2007-11-08,0.78,0.83,0.75,0.82,1087159630,33.84,36.4,32.81,35.75,24920500,2026-03-13T02:46:48Z
NVDA,2007-11-09,0.76,0.8,0.75,0.79,950264841,33.36,34.8,32.65,34.55,21782600,2026-03-13T02:46:48Z
NVDA,2007-11-12,0.69,0.77,0.69,0.76,780605169,30.03,33.59,30.03,33.35,17893200,2026-03-13T02:46:48Z
NVDA,2007-11-13,0.75,0.75,0.69,0.7,792704771,32.68,32.71,30.03,30.52,18170600,2026-03-13T02:46:48Z
NVDA,2007-11-14,0.74,0.78,0.73,0.77,727112822,32.17,33.83,32,33.51,16667900,2026-03-13T02:46:48Z
NVDA,2007-11-15,0.73,0.74,0.71,0.73,541438344,31.74,32.26,31,31.96,12411800,2026-03-13T02:46:48Z
NVDA,2007-11-16,0.74,0.75,0.73,0.73,462333022,32.45,32.54,31.74,32,10598100,2026-03-13T02:46:48Z
NVDA,2007-11-19,0.69,0.74,0.69,0.73,615267773,30.26,32.15,30.09,31.99,14104800,2026-03-13T02:46:48Z
NVDA,2007-11-20,0.69,0.71,0.67,0.71,679092277,30.03,30.88,29.11,30.83,15566300,2026-03-13T02:46:48Z
NVDA,2007-11-21,0.68,0.7,0.67,0.67,707342722,29.71,30.42,29.31,29.4,16214700,2026-03-13T02:46:48Z
NVDA,2007-11-23,0.69,0.7,0.68,0.69,154825164,30.22,30.35,29.54,29.92,3549400,2026-03-13T02:46:48Z
NVDA,2007-11-26,0.68,0.71,0.68,0.69,421066755,29.52,30.82,29.46,30.2,9652300,2026-03-13T02:46:48Z
NVDA,2007-11-27,0.71,0.71,0.68,0.69,500397259,30.79,30.88,29.71,29.94,11471500,2026-03-13T02:46:48Z
NVDA,2007-11-28,0.75,0.76,0.73,0.73,626574167,32.85,33.29,31.61,31.76,14363600,2026-03-13T02:46:48Z
NVDA,2007-11-29,0.76,0.78,0.75,0.75,533497255,33.12,34.1,32.66,32.8,12229200,2026-03-13T02:46:48Z
NVDA,2007-11-30,0.72,0.78,0.72,0.78,711778842,31.54,34.2,31.44,34.2,16316300,2026-03-13T02:46:48Z
NVDA,2007-12-03,0.73,0.75,0.72,0.73,535097084,32,32.59,31.51,32,12267100,2026-03-13T02:46:48Z
NVDA,2007-12-04,0.73,0.74,0.72,0.74,405432346,31.97,32.25,31.35,32.14,9293800,2026-03-13T02:46:48Z
NVDA,2007-12-05,0.77,0.79,0.75,0.76,727192710,33.63,34.25,32.78,33.19,16670600,2026-03-13T02:46:48Z
NVDA,2007-12-06,0.79,0.79,0.76,0.77,404825754,34.31,34.42,33.25,33.55,9280600,2026-03-13T02:46:48Z
NVDA,2007-12-07,0.78,0.79,0.77,0.79,349277622,33.88,34.49,33.53,34.45,8007200,2026-03-13T02:46:48Z
NVDA,2007-12-10,0.79,0.79,0.78,0.78,366891614,34.25,34.65,33.89,33.99,8410700,2026-03-13T02:46:48Z
NVDA,2007-12-11,0.79,0.82,0.78,0.8,635302809,34.29,35.62,34.21,34.98,14563500,2026-03-13T02:46:48Z
NVDA,2007-12-12,0.81,0.83,0.8,0.82,673780386,35.47,36.09,34.78,35.74,15446500,2026-03-13T02:46:48Z
NVDA,2007-12-13,0.79,0.81,0.77,0.8,545670608,34.5,35.27,33.48,35.04,12509300,2026-03-13T02:46:48Z
NVDA,2007-12-14,0.8,0.81,0.78,0.79,386132249,35.07,35.45,34.11,34.34,8851800,2026-03-13T02:46:48Z
NVDA,2007-12-17,0.76,0.8,0.76,0.8,553658978,33.28,35.03,33.2,34.7,12691900,2026-03-13T02:46:48Z
NVDA,2007-12-18,0.78,0.79,0.77,0.78,432857784,34.13,34.5,33.45,33.79,9922300,2026-03-13T02:46:48Z
NVDA,2007-12-19,0.79,0.8,0.78,0.78,276484055,34.45,34.77,33.87,34.01,6338300,2026-03-13T02:46:48Z
NVDA,2007-12-20,0.81,0.81,0.79,0.8,305280581,35.17,35.25,34.27,35,6998400,2026-03-13T02:46:48Z
NVDA,2007-12-21,0.81,0.82,0.8,0.82,474681809,35.16,35.9,34.84,35.59,10881500,2026-03-13T02:46:48Z
NVDA,2007-12-24,0.82,0.82,0.81,0.81,113425473,35.78,35.95,35.16,35.42,2600100,2026-03-13T02:46:48Z
NVDA,2007-12-26,0.83,0.83,0.81,0.82,234939671,36.26,36.26,35.5,35.85,5385600,2026-03-13T02:46:48Z
NVDA,2007-12-27,0.81,0.83,0.8,0.83,263434378,35.14,36.4,35.05,36.2,6038600,2026-03-13T02:46:48Z
NVDA,2007-12-28,0.8,0.81,0.79,0.8,285053591,34.79,35.5,34.49,35.08,6534800,2026-03-13T02:46:48Z
NVDA,2007-12-31,0.78,0.81,0.78,0.79,301237732,34.02,35.14,34.01,34.51,6905800,2026-03-13T02:46:48Z
NVDA,2008-01-02,0.76,0.79,0.75,0.78,527786303,33.01,34.25,32.56,34.12,12099500,2026-03-13T02:46:48Z
NVDA,2008-01-03,0.75,0.78,0.75,0.76,518439543,32.75,33.86,32.63,33.2,11884600,2026-03-13T02:46:48Z
NVDA,2008-01-04,0.69,0.73,0.68,0.73,802823959,30,31.93,29.8,31.77,18403400,2026-03-13T02:46:48Z
NVDA,2008-01-07,0.62,0.7,0.6,0.69,1098175272,26.9,30.45,26.35,30.2,25172300,2026-03-13T02:46:48Z
NVDA,2008-01-08,0.63,0.67,0.61,0.62,1207228157,27.47,29.29,26.42,27.05,27675900,2026-03-13T02:46:48Z
NVDA,2008-01-09,0.66,0.66,0.63,0.64,808823275,28.89,28.9,27.43,27.84,18540900,2026-03-13T02:46:48Z
NVDA,2008-01-10,0.65,0.66,0.64,0.64,604753491,28.29,28.74,27.73,28.1,13864100,2026-03-13T02:46:48Z
NVDA,2008-01-11,0.62,0.65,0.62,0.63,624547348,27.05,28.2,26.85,27.62,14316200,2026-03-13T02:46:48Z
NVDA,2008-01-14,0.66,0.66,0.62,0.63,588120115,28.85,28.89,27.01,27.45,13482000,2026-03-13T02:46:48Z
NVDA,2008-01-15,0.61,0.64,0.6,0.64,791782764,26.73,28.08,26.26,27.75,18150700,2026-03-13T02:46:48Z
NVDA,2008-01-16,0.54,0.58,0.53,0.57,1597284171,23.71,25.36,23.16,25.05,36617900,2026-03-13T02:46:48Z
NVDA,2008-01-17,0.53,0.57,0.53,0.55,1236749621,23.3,24.72,23.24,24.08,28349700,2026-03-13T02:46:48Z
NVDA,2008-01-18,0.57,0.57,0.52,0.54,1003847396,24.84,24.97,22.52,23.37,23010900,2026-03-13T02:46:48Z
NVDA,2008-01-22,0.54,0.55,0.51,0.52,774512234,23.68,24.18,22.33,22.47,17753600,2026-03-13T02:46:48Z
NVDA,2008-01-23,0.55,0.57,0.51,0.52,1014308255,24.03,24.74,22.42,22.64,23251600,2026-03-13T02:46:48Z
NVDA,2008-01-24,0.59,0.59,0.56,0.56,651476177,25.87,25.88,24.27,24.5,14934700,2026-03-13T02:46:48Z
NVDA,2008-01-25,0.57,0.63,0.57,0.62,750313587,24.95,27.46,24.83,26.86,17200200,2026-03-13T02:46:48Z
NVDA,2008-01-28,0.57,0.58,0.55,0.57,629976129,24.65,25.11,24.12,24.86,14441000,2026-03-13T02:46:48Z
NVDA,2008-01-29,0.58,0.59,0.56,0.57,452294332,25.41,25.51,24.44,25.09,10367600,2026-03-13T02:46:48Z
NVDA,2008-01-30,0.58,0.59,0.56,0.57,578648339,25.19,25.57,24.47,25,13264900,2026-03-13T02:46:48Z
NVDA,2008-01-31,0.56,0.57,0.55,0.56,642074896,24.59,25.05,23.83,24.64,14717700,2026-03-13T02:46:48Z
NVDA,2008-02-01,0.62,0.62,0.56,0.56,646921597,26.86,27,24.33,24.54,14829100,2026-03-13T02:46:48Z
NVDA,2008-02-04,0.6,0.63,0.59,0.63,616510411,26.02,27.59,25.88,27.44,14133300,2026-03-13T02:46:48Z
NVDA,2008-02-05,0.56,0.59,0.56,0.59,539811924,24.39,25.51,24.38,25.5,12375300,2026-03-13T02:46:48Z
NVDA,2008-02-06,0.56,0.58,0.55,0.56,608197038,24.31,25.33,23.86,24.65,13941600,2026-03-13T02:46:48Z
NVDA,2008-02-07,0.56,0.58,0.53,0.54,724362542,24.55,25.24,23.1,23.61,16604400,2026-03-13T02:46:48Z
NVDA,2008-02-08,0.57,0.58,0.55,0.56,429688785,24.99,25.18,24,24.32,9849900,2026-03-13T02:46:48Z
NVDA,2008-02-11,0.57,0.59,0.57,0.58,549415836,25.07,25.61,24.9,25.2,12593700,2026-03-13T02:46:48Z
NVDA,2008-02-12,0.6,0.6,0.58,0.58,665133136,26,26.36,25.31,25.45,15246900,2026-03-13T02:46:48Z
NVDA,2008-02-13,0.62,0.62,0.59,0.6,809539884,27.02,27.1,25.92,26.2,18557700,2026-03-13T02:46:48Z
NVDA,2008-02-14,0.52,0.6,0.52,0.6,2147483647,22.61,26.25,22.55,26.23,54607300,2026-03-13T02:46:48Z
NVDA,2008-02-15,0.51,0.53,0.5,0.52,891316243,22.27,23.13,21.91,22.52,20434000,2026-03-13T02:46:48Z
NVDA,2008-02-19,0.5,0.52,0.5,0.52,609555962,21.94,22.72,21.75,22.68,13972000,2026-03-13T02:46:48Z
NVDA,2008-02-20,0.5,0.51,0.49,0.49,827993297,21.78,22.1,21.21,21.3,18981500,2026-03-13T02:46:48Z
NVDA,2008-02-21,0.49,0.51,0.49,0.5,702915184,21.29,22.11,21.16,22,16113700,2026-03-13T02:46:48Z
NVDA,2008-02-22,0.51,0.51,0.49,0.49,788541200,22.32,22.36,21.3,21.46,18077800,2026-03-13T02:46:48Z
NVDA,2008-02-25,0.51,0.52,0.5,0.51,732723423,22.31,22.56,21.72,22.3,16797600,2026-03-13T02:46:48Z
NVDA,2008-02-26,0.52,0.52,0.5,0.51,616612517,22.5,22.84,21.84,22.18,14135500,2026-03-13T02:46:48Z
NVDA,2008-02-27,0.52,0.53,0.51,0.51,586819683,22.85,23.03,22.25,22.39,13453300,2026-03-13T02:46:48Z
NVDA,2008-02-28,0.5,0.52,0.5,0.52,549394204,21.99,22.69,21.99,22.65,12593200,2026-03-13T02:46:48Z
NVDA,2008-02-29,0.49,0.5,0.49,0.5,589523213,21.39,21.92,21.3,21.63,13514500,2026-03-13T02:46:48Z
NVDA,2008-03-03,0.48,0.49,0.48,0.49,489810211,21.14,21.51,20.86,21.36,11228100,2026-03-13T02:46:48Z
NVDA,2008-03-04,0.48,0.48,0.46,0.48,849499783,20.93,21.04,20.11,21,19472100,2026-03-13T02:46:48Z
NVDA,2008-03-05,0.49,0.5,0.48,0.48,703453098,21.17,21.67,20.91,21.13,16124400,2026-03-13T02:46:48Z
NVDA,2008-03-06,0.45,0.48,0.45,0.48,1172688805,19.84,21.05,19.81,20.91,26882000,2026-03-13T02:46:48Z
NVDA,2008-03-07,0.45,0.47,0.44,0.45,837062906,19.55,20.32,19,19.48,19188400,2026-03-13T02:46:48Z
NVDA,2008-03-10,0.42,0.45,0.42,0.44,847077992,18.43,19.55,18.4,19.31,19416800,2026-03-13T02:46:48Z
NVDA,2008-03-11,0.44,0.44,0.42,0.44,935760320,19.04,19.23,18.24,19,21452700,2026-03-13T02:46:48Z
NVDA,2008-03-12,0.42,0.44,0.42,0.44,810870599,18.52,19.39,18.36,19.22,18586100,2026-03-13T02:46:48Z
NVDA,2008-03-13,0.45,0.46,0.42,0.42,1331167873,19.7,19.98,18.12,18.23,30515500,2026-03-13T02:46:48Z
NVDA,2008-03-14,0.42,0.45,0.42,0.45,1259626553,18.32,19.82,18.18,19.76,28877900,2026-03-13T02:46:48Z
NVDA,2008-03-17,0.41,0.42,0.4,0.4,873530229,17.86,18.48,17.31,17.52,20023700,2026-03-13T02:46:48Z
NVDA,2008-03-18,0.43,0.44,0.41,0.42,1172800332,18.97,19,17.76,18.28,26884400,2026-03-13T02:46:48Z
NVDA,2008-03-19,0.4,0.43,0.41,0.42,960367277,17.66,18.79,17.66,18.5,22013400,2026-03-13T02:46:48Z
NVDA,2008-03-20,0.42,0.43,0.4,0.41,690955250,18.52,18.56,17.55,17.87,15837500,2026-03-13T02:46:48Z
NVDA,2008-03-24,0.46,0.46,0.43,0.43,967966143,20.03,20.14,18.86,18.93,22189000,2026-03-13T02:46:48Z
NVDA,2008-03-25,0.47,0.47,0.46,0.46,802077273,20.32,20.7,19.93,20.12,18386200,2026-03-13T02:46:48Z
NVDA,2008-03-26,0.45,0.46,0.45,0.46,787119884,19.67,20.19,19.45,20.05,18045500,2026-03-13T02:46:48Z
NVDA,2008-03-27,0.44,0.46,0.44,0.44,655877112,19.39,19.92,19.07,19.37,15033900,2026-03-13T02:46:48Z
NVDA,2008-03-28,0.45,0.46,0.45,0.45,612723753,19.68,20.19,19.54,19.74,14044700,2026-03-13T02:46:48Z
NVDA,2008-03-31,0.45,0.46,0.45,0.46,621648481,19.79,20.26,19.54,19.89,14250300,2026-03-13T02:46:48Z
NVDA,2008-04-01,0.48,0.48,0.46,0.47,738232335,21,21.05,20.09,20.38,16923100,2026-03-13T02:46:48Z
NVDA,2008-04-02,0.47,0.48,0.46,0.48,672482040,20.36,21.06,20.2,21.06,15414900,2026-03-13T02:46:48Z
NVDA,2008-04-03,0.46,0.46,0.44,0.46,918325231,19.98,20.22,19.39,20.19,21050700,2026-03-13T02:46:48Z
NVDA,2008-04-04,0.43,0.45,0.43,0.45,1674957897,18.78,19.68,18.73,19.58,38395600,2026-03-13T02:46:48Z
NVDA,2008-04-07,0.44,0.45,0.44,0.44,796093086,19.23,19.52,19.08,19.24,18250700,2026-03-13T02:46:48Z
NVDA,2008-04-08,0.44,0.45,0.44,0.44,697733804,19.12,19.74,19,19,15994600,2026-03-13T02:46:48Z
NVDA,2008-04-09,0.45,0.45,0.44,0.44,736589606,19.5,19.7,19.16,19.34,16884900,2026-03-13T02:46:48Z
NVDA,2008-04-10,0.46,0.47,0.44,0.45,1195618143,19.88,20.51,19.29,19.71,27406600,2026-03-13T02:46:48Z
NVDA,2008-04-11,0.42,0.45,0.42,0.45,1206538657,18.53,19.62,18.41,19.5,27656900,2026-03-13T02:46:48Z
NVDA,2008-04-14,0.41,0.42,0.41,0.42,850741418,17.91,18.5,17.8,18.46,19501700,2026-03-13T02:46:48Z
NVDA,2008-04-15,0.42,0.42,0.4,0.41,479730767,18.12,18.19,17.61,18,10997800,2026-03-13T02:46:48Z
NVDA,2008-04-16,0.43,0.44,0.42,0.43,705812946,18.84,19.08,18.48,18.81,16180500,2026-03-13T02:46:48Z
NVDA,2008-04-17,0.43,0.43,0.41,0.41,651778896,18.58,18.65,17.96,17.97,14940400,2026-03-13T02:46:48Z
NVDA,2008-04-18,0.44,0.44,0.43,0.44,625552895,19.02,19.32,18.76,19.15,14339700,2026-03-13T02:46:48Z
NVDA,2008-04-21,0.46,0.46,0.43,0.43,741572415,19.87,20,18.87,18.87,16998100,2026-03-13T02:46:48Z
NVDA,2008-04-22,0.45,0.45,0.44,0.45,641043977,19.5,19.72,19.08,19.51,14694700,2026-03-13T02:46:48Z
NVDA,2008-04-23,0.47,0.47,0.45,0.45,1113055114,20.44,20.66,19.51,19.76,25517500,2026-03-13T02:46:48Z
NVDA,2008-04-24,0.46,0.47,0.45,0.47,715353782,19.95,20.66,19.65,20.56,16399500,2026-03-13T02:46:48Z
NVDA,2008-04-25,0.46,0.46,0.45,0.46,602221975,20.15,20.2,19.51,20.14,13806400,2026-03-13T02:46:48Z
NVDA,2008-04-28,0.45,0.47,0.45,0.46,584354764,19.79,20.36,19.71,20.06,13395400,2026-03-13T02:46:48Z
NVDA,2008-04-29,0.46,0.47,0.45,0.45,625576248,20.2,20.45,19.57,19.57,14341800,2026-03-13T02:46:48Z
NVDA,2008-04-30,0.47,0.48,0.47,0.47,1165147096,20.55,20.77,20.3,20.44,26707900,2026-03-13T02:46:48Z
NVDA,2008-05-01,0.49,0.49,0.47,0.48,1106768108,21.5,21.55,20.7,20.8,25373300,2026-03-13T02:46:48Z
NVDA,2008-05-02,0.52,0.52,0.5,0.51,1233670283,22.52,22.52,21.76,22.09,28278000,2026-03-13T02:46:48Z
NVDA,2008-05-05,0.5,0.52,0.5,0.51,1028952950,21.96,22.47,21.91,22.37,23587200,2026-03-13T02:46:48Z
NVDA,2008-05-06,0.52,0.52,0.49,0.5,795089539,22.53,22.58,21.56,21.9,18225800,2026-03-13T02:46:48Z
NVDA,2008-05-07,0.5,0.53,0.5,0.52,780854556,22.01,22.89,21.82,22.59,17900200,2026-03-13T02:46:48Z
NVDA,2008-05-08,0.5,0.51,0.48,0.51,1483238934,21.95,22.25,21.01,22.18,33999900,2026-03-13T02:46:48Z
NVDA,2008-05-09,0.52,0.54,0.5,0.51,2147483647,22.53,23.43,21.97,22.01,50758700,2026-03-13T02:46:48Z
NVDA,2008-05-12,0.5,0.52,0.5,0.52,1098007364,21.89,22.82,21.67,22.82,25172700,2026-03-13T02:46:48Z
NVDA,2008-05-13,0.49,0.5,0.49,0.5,931433882,21.44,22,21.28,22,21352600,2026-03-13T02:46:48Z
NVDA,2008-05-14,0.51,0.52,0.49,0.5,819137293,22.07,22.64,21.44,21.71,18778700,2026-03-13T02:46:48Z
NVDA,2008-05-15,0.55,0.55,0.5,0.51,1271080567,23.78,23.88,21.92,22.05,29136500,2026-03-13T02:46:48Z
NVDA,2008-05-16,0.56,0.56,0.54,0.56,1190525584,24.41,24.46,23.63,24.19,27290600,2026-03-13T02:46:48Z
NVDA,2008-05-19,0.55,0.58,0.54,0.56,1263472088,23.9,25.31,23.73,24.42,28964700,2026-03-13T02:46:48Z
NVDA,2008-05-20,0.53,0.54,0.53,0.53,841251176,23.28,23.52,23.01,23.25,19285900,2026-03-13T02:46:48Z
NVDA,2008-05-21,0.53,0.56,0.53,0.54,1163245354,23.09,24.24,23.04,23.34,26668200,2026-03-13T02:46:48Z
NVDA,2008-05-22,0.54,0.55,0.53,0.54,756109262,23.65,23.84,23.05,23.4,17333100,2026-03-13T02:46:48Z
NVDA,2008-05-23,0.53,0.55,0.52,0.54,875398538,23.11,23.8,22.77,23.61,20066900,2026-03-13T02:46:48Z
NVDA,2008-05-27,0.54,0.54,0.52,0.53,908413865,23.36,23.39,22.71,23.15,20824300,2026-03-13T02:46:48Z
NVDA,2008-05-28,0.54,0.55,0.53,0.55,820047415,23.58,24.06,23.31,24,18797100,2026-03-13T02:46:48Z
NVDA,2008-05-29,0.54,0.54,0.53,0.54,756216843,23.52,23.63,23.09,23.59,17336400,2026-03-13T02:46:48Z
NVDA,2008-05-30,0.57,0.57,0.55,0.56,905476142,24.7,24.78,24.12,24.19,20756300,2026-03-13T02:46:48Z
NVDA,2008-06-02,0.57,0.57,0.56,0.57,801347571,24.8,24.99,24.43,24.7,18369600,2026-03-13T02:46:48Z
NVDA,2008-06-03,0.55,0.57,0.54,0.57,920726018,23.96,24.92,23.67,24.88,21108300,2026-03-13T02:46:48Z
NVDA,2008-06-04,0.56,0.56,0.53,0.54,908317315,24.24,24.29,23.3,23.43,20823100,2026-03-13T02:46:48Z
NVDA,2008-06-05,0.57,0.58,0.56,0.57,903270011,24.85,25.35,24.57,25.03,20706300,2026-03-13T02:46:48Z
NVDA,2008-06-06,0.55,0.56,0.55,0.56,856304646,24.06,24.58,23.92,24.55,19628100,2026-03-13T02:46:48Z
NVDA,2008-06-09,0.54,0.56,0.53,0.55,695701094,23.69,24.25,23.21,23.92,15947800,2026-03-13T02:46:48Z
NVDA,2008-06-10,0.51,0.53,0.51,0.53,1336420630,22.29,23.08,22.14,23.08,30634800,2026-03-13T02:46:48Z
NVDA,2008-06-11,0.49,0.52,0.49,0.51,1089889147,21.25,22.83,21.22,22.28,24985600,2026-03-13T02:46:48Z
NVDA,2008-06-12,0.49,0.51,0.49,0.5,900817309,21.38,22.15,21.2,21.7,20649700,2026-03-13T02:46:48Z
NVDA,2008-06-13,0.49,0.5,0.47,0.49,769604868,21.31,21.66,20.68,21.41,17644000,2026-03-13T02:46:48Z
NVDA,2008-06-16,0.48,0.49,0.48,0.48,687801974,21.02,21.28,20.85,21.08,15768400,2026-03-13T02:46:48Z
NVDA,2008-06-17,0.47,0.49,0.47,0.49,750232238,20.51,21.33,20.46,21.32,17197700,2026-03-13T02:46:48Z
NVDA,2008-06-18,0.46,0.48,0.45,0.47,1161988431,19.91,21,19.58,20.3,26639600,2026-03-13T02:46:48Z
NVDA,2008-06-19,0.46,0.47,0.44,0.46,860514151,19.86,20.3,19.38,20,19727700,2026-03-13T02:46:48Z
NVDA,2008-06-20,0.45,0.46,0.45,0.45,808306067,19.76,19.98,19.41,19.5,18530500,2026-03-13T02:46:48Z
NVDA,2008-06-23,0.44,0.46,0.44,0.46,846990227,19.35,19.93,19.18,19.91,19415300,2026-03-13T02:46:48Z
NVDA,2008-06-24,0.46,0.47,0.44,0.44,1176622767,19.99,20.45,19.24,19.25,26973100,2026-03-13T02:46:48Z
NVDA,2008-06-25,0.46,0.47,0.45,0.47,982784461,20.1,20.45,19.78,20.3,22530700,2026-03-13T02:46:48Z
NVDA,2008-06-26,0.44,0.45,0.44,0.45,922261132,19.07,19.65,19.07,19.5,21141600,2026-03-13T02:46:48Z
NVDA,2008-06-27,0.44,0.44,0.43,0.44,636998947,19.28,19.39,18.71,19.15,14603400,2026-03-13T02:46:48Z
NVDA,2008-06-30,0.43,0.44,0.43,0.44,713475821,18.72,19.23,18.59,19.06,16354300,2026-03-13T02:46:48Z
NVDA,2008-07-01,0.43,0.43,0.42,0.42,961254787,18.75,18.77,18.16,18.5,22037300,2026-03-13T02:46:48Z
NVDA,2008-07-02,0.41,0.43,0.41,0.43,851992348,18.03,18.78,18,18.66,19532700,2026-03-13T02:46:48Z
NVDA,2008-07-03,0.29,0.3,0.28,0.3,2147483647,12.49,13.13,12.4,12.98,74705504,2026-03-13T02:46:48Z
NVDA,2008-07-07,0.28,0.29,0.27,0.29,2147483647,12.1,12.76,11.76,12.68,55067200,2026-03-13T02:46:48Z
NVDA,2008-07-08,0.28,0.29,0.27,0.28,1969581756,12.03,12.48,11.8,12.18,45145800,2026-03-13T02:46:48Z
NVDA,2008-07-09,0.27,0.28,0.27,0.28,1541210226,11.82,12.24,11.82,12.06,35335700,2026-03-13T02:46:48Z
NVDA,2008-07-10,0.27,0.28,0.27,0.27,1152793425,11.79,12.02,11.57,11.88,26424700,2026-03-13T02:46:48Z
NVDA,2008-07-11,0.27,0.27,0.26,0.26,880865172,11.67,11.96,11.32,11.54,20195300,2026-03-13T02:46:48Z
NVDA,2008-07-14,0.26,0.27,0.25,0.27,962170579,11.14,11.85,11.06,11.76,22059100,2026-03-13T02:46:48Z
NVDA,2008-07-15,0.26,0.26,0.25,0.25,1224360280,11.26,11.49,10.7,11.04,28064600,2026-03-13T02:46:48Z
NVDA,2008-07-16,0.26,0.27,0.25,0.26,1128156868,11.32,11.62,10.99,11.3,25861900,2026-03-13T02:46:48Z
NVDA,2008-07-17,0.26,0.26,0.25,0.26,940406461,11.36,11.5,10.92,11.5,21556500,2026-03-13T02:46:48Z
NVDA,2008-07-18,0.27,0.27,0.25,0.26,981286996,11.56,11.63,10.96,11.28,22494900,2026-03-13T02:46:48Z
NVDA,2008-07-21,0.27,0.27,0.26,0.27,623738724,11.63,11.91,11.53,11.74,14295800,2026-03-13T02:46:48Z
NVDA,2008-07-22,0.26,0.27,0.26,0.26,606450676,11.38,11.57,11.16,11.52,13903600,2026-03-13T02:46:48Z
NVDA,2008-07-23,0.27,0.27,0.26,0.26,649048952,11.72,11.84,11.41,11.46,14880500,2026-03-13T02:46:48Z
NVDA,2008-07-24,0.25,0.27,0.25,0.27,769727341,11.03,11.71,11,11.6,17645400,2026-03-13T02:46:48Z
NVDA,2008-07-25,0.27,0.27,0.25,0.26,1134018597,11.56,11.6,10.91,11.14,25996100,2026-03-13T02:46:48Z
NVDA,2008-07-28,0.26,0.27,0.26,0.26,801225339,11.53,11.91,11.36,11.41,18370100,2026-03-13T02:46:48Z
NVDA,2008-07-29,0.27,0.27,0.26,0.27,834058055,11.65,11.94,11.42,11.55,19119200,2026-03-13T02:46:48Z
NVDA,2008-07-30,0.26,0.27,0.26,0.27,641711027,11.48,11.9,11.22,11.88,14712400,2026-03-13T02:46:48Z
NVDA,2008-07-31,0.26,0.27,0.26,0.26,531549905,11.44,11.69,11.32,11.45,12182900,2026-03-13T02:46:48Z
NVDA,2008-08-01,0.25,0.26,0.25,0.26,961134984,10.84,11.18,10.7,11.14,22033400,2026-03-13T02:46:48Z
NVDA,2008-08-04,0.24,0.25,0.24,0.25,569439521,10.58,10.9,10.55,10.84,13051900,2026-03-13T02:46:48Z
NVDA,2008-08-05,0.26,0.26,0.24,0.25,747957932,11.19,11.19,10.66,10.78,17148500,2026-03-13T02:46:48Z
NVDA,2008-08-06,0.26,0.27,0.25,0.26,888832415,11.49,11.59,10.86,11.22,20372300,2026-03-13T02:46:48Z
NVDA,2008-08-07,0.26,0.27,0.26,0.26,893621804,11.31,11.9,11.18,11.39,20484100,2026-03-13T02:46:48Z
NVDA,2008-08-08,0.25,0.26,0.25,0.26,931057101,11,11.5,10.96,11.4,21346600,2026-03-13T02:46:48Z
NVDA,2008-08-11,0.26,0.26,0.25,0.25,1304691733,11.23,11.5,11.04,11.09,29910800,2026-03-13T02:46:48Z
NVDA,2008-08-12,0.25,0.26,0.25,0.26,1545202682,11.07,11.35,10.91,11.32,35420200,2026-03-13T02:46:48Z
NVDA,2008-08-13,0.28,0.28,0.27,0.27,2147483647,12.26,12.44,11.66,11.97,52383200,2026-03-13T02:46:48Z
NVDA,2008-08-14,0.3,0.31,0.28,0.28,1782160167,13,13.49,12.17,12.17,40852600,2026-03-13T02:46:48Z
NVDA,2008-08-15,0.3,0.31,0.3,0.3,848267093,12.96,13.38,12.87,13.23,19446000,2026-03-13T02:46:48Z
NVDA,2008-08-18,0.3,0.31,0.3,0.3,975152681,13.22,13.34,12.91,13.05,22357700,2026-03-13T02:46:48Z
NVDA,2008-08-19,0.31,0.31,0.3,0.3,1106325439,13.42,13.5,12.95,12.97,25358100,2026-03-13T02:46:48Z
NVDA,2008-08-20,0.32,0.32,0.31,0.31,1247144148,14.08,14.12,13.52,13.62,28592200,2026-03-13T02:46:48Z
NVDA,2008-08-21,0.31,0.32,0.31,0.32,1114305256,13.62,13.94,13.34,13.8,25542300,2026-03-13T02:46:48Z
NVDA,2008-08-22,0.31,0.32,0.31,0.31,501065845,13.61,13.88,13.32,13.72,11484600,2026-03-13T02:46:48Z
NVDA,2008-08-25,0.31,0.32,0.31,0.31,514270639,13.41,13.85,13.37,13.53,11790800,2026-03-13T02:46:48Z
NVDA,2008-08-26,0.3,0.31,0.3,0.31,668734691,13.09,13.49,12.95,13.48,15329000,2026-03-13T02:46:48Z
NVDA,2008-08-27,0.3,0.31,0.29,0.29,495808106,13.19,13.35,12.67,12.75,11365400,2026-03-13T02:46:48Z
NVDA,2008-08-28,0.3,0.31,0.3,0.3,398287699,13.14,13.35,13.01,13.21,9129700,2026-03-13T02:46:48Z
NVDA,2008-08-29,0.29,0.3,0.29,0.3,562658904,12.64,13,12.6,12.96,12900200,2026-03-13T02:46:48Z
NVDA,2008-09-02,0.28,0.3,0.28,0.3,756890279,12.32,12.96,12.15,12.96,17349500,2026-03-13T02:46:48Z
NVDA,2008-09-03,0.27,0.28,0.27,0.28,779915691,11.66,12.2,11.55,12.15,17879200,2026-03-13T02:46:48Z
NVDA,2008-09-04,0.26,0.27,0.26,0.26,781105638,11.5,11.65,11.43,11.53,17904300,2026-03-13T02:46:48Z
NVDA,2008-09-05,0.27,0.27,0.26,0.26,862833782,11.67,11.7,11.39,11.4,19781900,2026-03-13T02:46:48Z
NVDA,2008-09-08,0.26,0.27,0.25,0.27,1433736222,11.19,11.78,11,11.77,32871400,2026-03-13T02:46:48Z
NVDA,2008-09-09,0.25,0.27,0.25,0.26,1197842254,10.81,11.83,10.77,11.15,27464400,2026-03-13T02:46:48Z
NVDA,2008-09-10,0.25,0.26,0.25,0.25,702824463,10.82,11.16,10.75,10.94,16109100,2026-03-13T02:46:48Z
NVDA,2008-09-11,0.24,0.24,0.23,0.23,1163729929,10.3,10.52,9.96,10.2,26675400,2026-03-13T02:46:48Z
NVDA,2008-09-12,0.23,0.24,0.22,0.23,1319069031,10.19,10.28,9.61,10.2,30231900,2026-03-13T02:46:48Z
NVDA,2008-09-15,0.21,0.23,0.21,0.22,942253120,9.3,9.98,9.18,9.79,21600900,2026-03-13T02:46:48Z
NVDA,2008-09-16,0.22,0.22,0.2,0.21,1353244074,9.59,9.66,8.8,9.08,31023600,2026-03-13T02:46:48Z
NVDA,2008-09-17,0.23,0.23,0.21,0.22,1518952842,10,10.22,9.28,9.48,34814400,2026-03-13T02:46:48Z
NVDA,2008-09-18,0.25,0.26,0.23,0.23,1756870520,10.89,11.42,10.1,10.12,40276400,2026-03-13T02:46:48Z
NVDA,2008-09-19,0.26,0.26,0.25,0.26,1219221219,11.41,11.5,10.9,11.41,27948500,2026-03-13T02:46:48Z
NVDA,2008-09-22,0.26,0.27,0.26,0.26,763530499,11.17,11.65,11.11,11.33,17502700,2026-03-13T02:46:48Z
NVDA,2008-09-23,0.25,0.26,0.25,0.25,896629022,10.85,11.49,10.81,11.08,20556700,2026-03-13T02:46:48Z
NVDA,2008-09-24,0.26,0.26,0.24,0.25,944653215,11.25,11.47,10.65,10.71,21651800,2026-03-13T02:46:48Z
NVDA,2008-09-25,0.26,0.27,0.25,0.26,641585736,11.47,11.74,11.06,11.27,14708600,2026-03-13T02:46:48Z
NVDA,2008-09-26,0.27,0.27,0.25,0.26,705503027,11.69,11.77,10.98,11.19,16171300,2026-03-13T02:46:48Z
NVDA,2008-09-29,0.23,0.26,0.23,0.26,1063750290,10.1,11.52,10,11.38,24382000,2026-03-13T02:46:48Z
NVDA,2008-09-30,0.25,0.25,0.23,0.24,718938306,10.71,10.81,10.15,10.26,16483500,2026-03-13T02:46:48Z
NVDA,2008-10-01,0.24,0.25,0.23,0.24,607695276,10.41,10.74,10.22,10.59,13931700,2026-03-13T02:46:48Z
NVDA,2008-10-02,0.21,0.24,0.21,0.24,859407798,9.33,10.48,9.28,10.48,19698600,2026-03-13T02:46:48Z
NVDA,2008-10-03,0.21,0.22,0.21,0.22,1026742017,9.03,9.75,8.97,9.48,23531400,2026-03-13T02:46:48Z
NVDA,2008-10-06,0.18,0.2,0.17,0.2,1829607571,7.85,8.62,7.31,8.6,41942100,2026-03-13T02:46:48Z
NVDA,2008-10-07,0.17,0.19,0.17,0.19,1155983851,7.24,8.15,7.18,8.13,26504600,2026-03-13T02:46:48Z
NVDA,2008-10-08,0.17,0.18,0.16,0.16,1329574376,7.39,7.82,6.91,7,30487400,2026-03-13T02:46:48Z
NVDA,2008-10-09,0.16,0.18,0.16,0.18,992513779,6.92,7.77,6.84,7.66,22747500,2026-03-13T02:46:48Z
NVDA,2008-10-10,0.16,0.17,0.14,0.14,1308850341,6.81,7.33,6.28,6.31,30012100,2026-03-13T02:46:48Z
NVDA,2008-10-13,0.18,0.19,0.17,0.17,999826329,8.05,8.06,7.3,7.39,22922000,2026-03-13T02:46:48Z
NVDA,2008-10-14,0.18,0.19,0.18,0.19,1319150886,7.87,8.4,7.65,8.35,30247300,2026-03-13T02:46:48Z
NVDA,2008-10-15,0.16,0.18,0.16,0.18,931858116,7.02,7.86,7.02,7.82,21358400,2026-03-13T02:46:48Z
NVDA,2008-10-16,0.18,0.18,0.16,0.17,1112490743,7.7,7.74,6.9,7.23,25500600,2026-03-13T02:46:48Z
NVDA,2008-10-17,0.18,0.19,0.17,0.17,915535213,7.65,8.09,7.34,7.48,20986000,2026-03-13T02:46:48Z
NVDA,2008-10-20,0.18,0.18,0.17,0.18,649786168,7.8,7.97,7.61,7.91,14895100,2026-03-13T02:46:48Z
NVDA,2008-10-21,0.17,0.18,0.16,0.18,718246958,7.2,7.73,7.16,7.65,16469800,2026-03-13T02:46:48Z
NVDA,2008-10-22,0.16,0.17,0.15,0.16,655852717,6.93,7.4,6.74,7.09,15033900,2026-03-13T02:46:48Z
NVDA,2008-10-23,0.15,0.16,0.14,0.16,907729287,6.54,7.08,6.26,6.91,20805600,2026-03-13T02:46:48Z
NVDA,2008-10-24,0.15,0.16,0.14,0.14,870498556,6.61,6.95,5.97,6,19958800,2026-03-13T02:46:48Z
NVDA,2008-10-27,0.16,0.17,0.15,0.15,762487634,6.97,7.38,6.36,6.52,17475500,2026-03-13T02:46:48Z
NVDA,2008-10-28,0.18,0.18,0.17,0.17,927269917,8.02,8.03,7.21,7.34,21250900,2026-03-13T02:46:48Z
NVDA,2008-10-29,0.19,0.2,0.18,0.18,1066117545,8.28,8.8,7.93,7.95,24438300,2026-03-13T02:46:48Z
NVDA,2008-10-30,0.2,0.2,0.19,0.2,716822405,8.63,8.8,8.1,8.74,16434100,2026-03-13T02:46:48Z
NVDA,2008-10-31,0.2,0.21,0.19,0.19,664032424,8.76,8.93,8.34,8.47,15221200,2026-03-13T02:46:48Z
NVDA,2008-11-03,0.19,0.21,0.19,0.21,789521623,8.44,9.11,8.3,8.95,18101000,2026-03-13T02:46:48Z
NVDA,2008-11-04,0.21,0.21,0.2,0.2,675549766,8.98,8.98,8.5,8.73,15489500,2026-03-13T02:46:48Z
NVDA,2008-11-05,0.2,0.2,0.2,0.2,859598506,8.51,8.9,8.51,8.65,19702500,2026-03-13T02:46:48Z
NVDA,2008-11-06,0.17,0.19,0.17,0.18,872605621,7.62,8.31,7.6,8,20005800,2026-03-13T02:46:48Z
NVDA,2008-11-07,0.2,0.21,0.19,0.2,1234710947,8.72,9.07,8.1,8.68,28304900,2026-03-13T02:46:48Z
NVDA,2008-11-10,0.19,0.21,0.18,0.21,630055779,8.16,9.1,7.97,9.05,14446500,2026-03-13T02:46:48Z
NVDA,2008-11-11,0.18,0.19,0.18,0.19,628811671,7.8,8.1,7.72,8.05,14414300,2026-03-13T02:46:48Z
NVDA,2008-11-12,0.17,0.18,0.17,0.17,704439394,7.34,7.74,7.25,7.56,16152200,2026-03-13T02:46:48Z
NVDA,2008-11-13,0.18,0.18,0.16,0.16,869591402,7.94,7.95,6.86,7.05,19932700,2026-03-13T02:46:48Z
NVDA,2008-11-14,0.16,0.18,0.16,0.17,808302694,7.17,7.66,7.14,7.61,18528300,2026-03-13T02:46:48Z
NVDA,2008-11-17,0.16,0.17,0.16,0.16,423446969,7.02,7.29,6.95,7.1,9705500,2026-03-13T02:46:48Z
NVDA,2008-11-18,0.16,0.17,0.15,0.16,616108986,6.79,7.2,6.56,7.16,14123700,2026-03-13T02:46:48Z
NVDA,2008-11-19,0.14,0.16,0.14,0.15,545441716,6.23,6.9,6.2,6.71,12507000,2026-03-13T02:46:48Z
NVDA,2008-11-20,0.14,0.15,0.13,0.14,923526534,5.9,6.49,5.83,6.19,21178500,2026-03-13T02:46:48Z
NVDA,2008-11-21,0.15,0.15,0.13,0.14,653437580,6.38,6.38,5.75,6.11,14984000,2026-03-13T02:46:48Z
NVDA,2008-11-24,0.16,0.16,0.15,0.15,654627524,6.8,6.88,6.4,6.7,15008300,2026-03-13T02:46:48Z
NVDA,2008-11-25,0.16,0.16,0.16,0.16,576205309,6.99,7.12,6.79,7.1,13210200,2026-03-13T02:46:48Z
NVDA,2008-11-26,0.17,0.18,0.16,0.16,655185958,7.61,7.63,6.83,6.88,15019700,2026-03-13T02:46:48Z
NVDA,2008-11-28,0.17,0.17,0.17,0.17,191803147,7.47,7.6,7.37,7.49,4397200,2026-03-13T02:46:48Z
NVDA,2008-12-01,0.16,0.17,0.16,0.16,596718013,6.83,7.24,6.82,7.17,13677700,2026-03-13T02:46:48Z
NVDA,2008-12-02,0.17,0.17,0.16,0.16,523539707,7.21,7.3,6.87,7.01,11999600,2026-03-13T02:46:48Z
NVDA,2008-12-03,0.17,0.17,0.16,0.16,637457007,7.58,7.59,6.87,6.93,14616100,2026-03-13T02:46:48Z
NVDA,2008-12-04,0.16,0.18,0.16,0.17,508555989,7.08,7.8,6.91,7.43,11658000,2026-03-13T02:46:48Z
NVDA,2008-12-05,0.17,0.17,0.15,0.16,478269131,7.36,7.39,6.74,6.86,10962500,2026-03-13T02:46:48Z
NVDA,2008-12-08,0.16,0.18,0.16,0.17,772546148,7.12,7.65,6.95,7.5,17707800,2026-03-13T02:46:48Z
NVDA,2008-12-09,0.18,0.19,0.16,0.16,904839809,7.81,8.09,6.95,7.03,20744600,2026-03-13T02:46:48Z
NVDA,2008-12-10,0.2,0.2,0.18,0.18,1048462068,8.55,8.75,7.83,7.96,24029300,2026-03-13T02:46:48Z
NVDA,2008-12-11,0.19,0.2,0.19,0.2,635723803,8.19,8.8,8.09,8.5,14573200,2026-03-13T02:46:48Z
NVDA,2008-12-12,0.2,0.2,0.18,0.18,740965687,8.6,8.65,7.79,7.95,16981900,2026-03-13T02:46:48Z
NVDA,2008-12-15,0.19,0.2,0.19,0.2,520455893,8.32,8.7,8.05,8.65,11929200,2026-03-13T02:46:48Z
NVDA,2008-12-16,0.2,0.2,0.19,0.19,569161756,8.88,8.9,8.32,8.4,13049700,2026-03-13T02:46:48Z
NVDA,2008-12-17,0.21,0.22,0.2,0.2,735848032,9.32,9.45,8.6,8.72,16864500,2026-03-13T02:46:48Z
NVDA,2008-12-18,0.19,0.21,0.19,0.21,600926155,8.46,9.29,8.35,9.26,13773000,2026-03-13T02:46:48Z
NVDA,2008-12-19,0.2,0.2,0.2,0.2,676513309,8.52,8.9,8.49,8.57,15507400,2026-03-13T02:46:48Z
NVDA,2008-12-22,0.18,0.2,0.18,0.2,569930542,8.02,8.67,7.71,8.65,13061500,2026-03-13T02:46:48Z
NVDA,2008-12-23,0.18,0.19,0.18,0.19,411772919,7.91,8.24,7.79,8.07,9440800,2026-03-13T02:46:48Z
NVDA,2008-12-24,0.18,0.18,0.17,0.18,160039524,7.72,7.94,7.56,7.75,3669300,2026-03-13T02:46:48Z
NVDA,2008-12-26,0.17,0.18,0.17,0.18,246639659,7.51,7.82,7.3,7.72,5653800,2026-03-13T02:46:48Z
NVDA,2008-12-29,0.18,0.18,0.16,0.17,501916944,7.75,7.75,7.12,7.61,11505500,2026-03-13T02:46:48Z
NVDA,2008-12-30,0.18,0.19,0.18,0.18,447138984,8.02,8.14,7.67,7.85,10247400,2026-03-13T02:46:48Z
NVDA,2008-12-31,0.19,0.19,0.18,0.18,481723885,8.07,8.27,7.78,7.92,11040500,2026-03-13T02:46:48Z
NVDA,2009-01-02,0.2,0.2,0.18,0.19,542316560,8.71,8.77,8.04,8.07,12431200,2026-03-13T02:46:48Z
NVDA,2009-01-05,0.2,0.21,0.2,0.2,769888059,8.87,9.07,8.55,8.61,17650500,2026-03-13T02:46:48Z
NVDA,2009-01-06,0.21,0.22,0.21,0.21,718006662,9.17,9.43,8.93,9.13,16462800,2026-03-13T02:46:48Z
NVDA,2009-01-07,0.2,0.21,0.19,0.21,948958994,8.62,8.96,8.31,8.96,21753400,2026-03-13T02:46:48Z
NVDA,2009-01-08,0.19,0.2,0.18,0.2,1106248574,8.4,8.51,7.88,8.51,25364700,2026-03-13T02:46:48Z
NVDA,2009-01-09,0.18,0.19,0.18,0.19,830499570,7.93,8.4,7.91,8.4,19034900,2026-03-13T02:46:48Z
NVDA,2009-01-12,0.17,0.18,0.17,0.18,704029281,7.61,7.97,7.5,7.93,16139400,2026-03-13T02:46:48Z
NVDA,2009-01-13,0.18,0.18,0.17,0.17,1990283560,7.65,7.94,7.21,7.35,45621500,2026-03-13T02:46:48Z
NVDA,2009-01-14,0.17,0.17,0.17,0.17,1063403017,7.31,7.47,7.2,7.38,24374500,2026-03-13T02:46:48Z
NVDA,2009-01-15,0.17,0.18,0.17,0.17,1088475003,7.57,7.69,7.2,7.35,24955000,2026-03-13T02:46:48Z
NVDA,2009-01-16,0.18,0.19,0.17,0.18,906688192,7.99,8.06,7.53,7.78,20783000,2026-03-13T02:46:48Z
NVDA,2009-01-20,0.17,0.18,0.16,0.18,770043475,7.21,8,7.15,7.97,17649500,2026-03-13T02:46:48Z
NVDA,2009-01-21,0.17,0.17,0.16,0.17,707499096,7.56,7.61,7.08,7.35,16218200,2026-03-13T02:46:48Z
NVDA,2009-01-22,0.17,0.18,0.16,0.17,597320857,7.42,7.62,7.15,7.32,13693300,2026-03-13T02:46:48Z
NVDA,2009-01-23,0.18,0.18,0.17,0.17,690952407,7.71,7.94,7.2,7.21,15840300,2026-03-13T02:46:48Z
NVDA,2009-01-26,0.18,0.19,0.18,0.18,634675053,7.97,8.2,7.62,7.75,14545300,2026-03-13T02:46:48Z
NVDA,2009-01-27,0.19,0.2,0.19,0.19,790961044,8.44,8.5,8.07,8.1,18134000,2026-03-13T02:46:48Z
NVDA,2009-01-28,0.2,0.21,0.19,0.2,789521553,8.79,8.93,8.46,8.74,18094700,2026-03-13T02:46:48Z
NVDA,2009-01-29,0.19,0.2,0.19,0.2,450601278,8.28,8.6,8.24,8.5,10329000,2026-03-13T02:46:48Z
NVDA,2009-01-30,0.18,0.19,0.18,0.19,552622573,7.95,8.44,7.85,8.22,12668900,2026-03-13T02:46:48Z
NVDA,2009-02-02,0.19,0.19,0.18,0.18,630393200,8.38,8.47,7.79,7.83,14450900,2026-03-13T02:46:48Z
NVDA,2009-02-03,0.19,0.2,0.19,0.19,432881322,8.48,8.55,8.17,8.4,9923600,2026-03-13T02:46:48Z
NVDA,2009-02-04,0.2,0.21,0.2,0.2,850010199,8.72,9.15,8.5,8.5,19485900,2026-03-13T02:46:48Z
NVDA,2009-02-05,0.21,0.22,0.19,0.2,1002562400,9.36,9.46,8.4,8.49,22986100,2026-03-13T02:46:48Z
NVDA,2009-02-06,0.23,0.23,0.21,0.22,1263013975,9.87,9.93,9.23,9.39,28952600,2026-03-13T02:46:48Z
NVDA,2009-02-09,0.22,0.23,0.22,0.23,780957796,9.74,9.97,9.47,9.83,17904300,2026-03-13T02:46:48Z
NVDA,2009-02-10,0.21,0.23,0.21,0.22,1232255760,9.32,9.86,9.14,9.73,28241400,2026-03-13T02:46:48Z
NVDA,2009-02-11,0.19,0.2,0.18,0.2,2147483647,8.15,8.89,7.86,8.58,49588400,2026-03-13T02:46:48Z
NVDA,2009-02-12,0.19,0.19,0.18,0.18,1116921856,8.32,8.37,7.86,7.97,25600600,2026-03-13T02:46:48Z
NVDA,2009-02-13,0.19,0.19,0.19,0.19,833717558,8.31,8.41,8.07,8.13,19107700,2026-03-13T02:46:48Z
NVDA,2009-02-17,0.18,0.19,0.18,0.18,850581398,7.83,8.19,7.8,8,19494300,2026-03-13T02:46:48Z
NVDA,2009-02-18,0.18,0.19,0.18,0.18,704854499,8.04,8.3,7.82,7.83,16157300,2026-03-13T02:46:48Z
NVDA,2009-02-19,0.17,0.19,0.17,0.19,811427802,7.42,8.27,7.42,8.2,18601600,2026-03-13T02:46:48Z
NVDA,2009-02-20,0.17,0.18,0.17,0.17,839775891,7.61,7.73,7.25,7.32,19251300,2026-03-13T02:46:48Z
NVDA,2009-02-23,0.17,0.18,0.17,0.18,741257305,7.26,7.78,7.21,7.74,16989700,2026-03-13T02:46:48Z
NVDA,2009-02-24,0.18,0.18,0.17,0.17,719150161,7.91,7.92,7.29,7.29,16488100,2026-03-13T02:46:48Z
NVDA,2009-02-25,0.18,0.19,0.18,0.18,765945453,8,8.24,7.62,7.89,17559300,2026-03-13T02:46:48Z
NVDA,2009-02-26,0.19,0.2,0.19,0.19,1218463342,8.26,8.54,8.16,8.28,27939100,2026-03-13T02:46:48Z
NVDA,2009-02-27,0.19,0.19,0.18,0.19,823921036,8.28,8.47,7.99,8.05,18886500,2026-03-13T02:46:48Z
NVDA,2009-03-02,0.17,0.19,0.17,0.19,763298981,7.58,8.25,7.55,8.08,17501500,2026-03-13T02:46:48Z
NVDA,2009-03-03,0.18,0.19,0.17,0.18,1136085654,7.88,8.18,7.47,7.72,26037700,2026-03-13T02:46:48Z
NVDA,2009-03-04,0.19,0.2,0.18,0.19,1209308773,8.46,8.7,8.02,8.09,27716900,2026-03-13T02:46:48Z
NVDA,2009-03-05,0.19,0.2,0.19,0.19,1041492616,8.26,8.68,8.22,8.34,23881200,2026-03-13T02:46:48Z
NVDA,2009-03-06,0.19,0.2,0.19,0.19,1062953216,8.39,8.69,8.15,8.26,24369900,2026-03-13T02:46:48Z
NVDA,2009-03-09,0.19,0.21,0.19,0.19,744474608,8.3,8.96,8.28,8.36,17069100,2026-03-13T02:46:48Z
NVDA,2009-03-10,0.21,0.21,0.2,0.2,1368548885,9.05,9.21,8.52,8.57,31371400,2026-03-13T02:46:48Z
NVDA,2009-03-11,0.21,0.21,0.2,0.21,943535596,9.3,9.35,8.9,9.05,21630300,2026-03-13T02:46:48Z
NVDA,2009-03-12,0.23,0.23,0.21,0.21,1750409835,9.85,9.95,9.15,9.27,40118000,2026-03-13T02:46:48Z
NVDA,2009-03-13,0.22,0.23,0.22,0.22,1303168718,9.8,9.94,9.55,9.71,29879800,2026-03-13T02:46:48Z
NVDA,2009-03-16,0.22,0.23,0.21,0.23,762906516,9.42,9.91,9.34,9.9,17485300,2026-03-13T02:46:48Z
NVDA,2009-03-17,0.23,0.23,0.21,0.22,1096358967,9.89,9.91,9.33,9.45,25136900,2026-03-13T02:46:48Z
NVDA,2009-03-18,0.23,0.24,0.22,0.22,1482856633,10.2,10.49,9.73,9.74,33989400,2026-03-13T02:46:48Z
NVDA,2009-03-19,0.23,0.24,0.23,0.24,897045877,10.08,10.27,10.01,10.27,20566200,2026-03-13T02:46:48Z
NVDA,2009-03-20,0.22,0.24,0.21,0.24,1192782554,9.53,10.24,9.27,10.23,27341900,2026-03-13T02:46:48Z
NVDA,2009-03-23,0.23,0.24,0.22,0.23,890038471,10.22,10.24,9.61,9.83,20404700,2026-03-13T02:46:48Z
NVDA,2009-03-24,0.22,0.23,0.22,0.23,1215847589,9.78,10.06,9.73,9.97,27872500,2026-03-13T02:46:48Z
NVDA,2009-03-25,0.23,0.24,0.22,0.23,1356450101,9.94,10.4,9.56,10.08,31100100,2026-03-13T02:46:48Z
NVDA,2009-03-26,0.24,0.24,0.23,0.23,1454435949,10.56,10.58,9.99,10.1,33344600,2026-03-13T02:46:48Z
NVDA,2009-03-27,0.24,0.25,0.24,0.24,798131088,10.46,10.7,10.3,10.45,18297500,2026-03-13T02:46:48Z
NVDA,2009-03-30,0.22,0.23,0.22,0.23,850756844,9.79,10.19,9.65,10.06,19505200,2026-03-13T02:46:48Z
NVDA,2009-03-31,0.23,0.23,0.22,0.23,878338351,9.86,10.1,9.79,9.94,20132300,2026-03-13T02:46:48Z
NVDA,2009-04-01,0.23,0.23,0.22,0.22,968548866,10.11,10.2,9.37,9.74,22202300,2026-03-13T02:46:48Z
NVDA,2009-04-02,0.24,0.25,0.24,0.24,1094019926,10.58,10.77,10.34,10.49,25075600,2026-03-13T02:46:48Z
NVDA,2009-04-03,0.26,0.26,0.24,0.24,1094070271,11.32,11.35,10.41,10.59,25080500,2026-03-13T02:46:48Z
NVDA,2009-04-06,0.26,0.26,0.25,0.25,967978377,11.35,11.45,10.98,11.07,22187100,2026-03-13T02:46:48Z
NVDA,2009-04-07,0.25,0.26,0.25,0.26,663167286,10.96,11.25,10.89,11.13,15199600,2026-03-13T02:46:48Z
NVDA,2009-04-08,0.26,0.26,0.25,0.25,798163768,11.41,11.44,10.99,11.08,18296500,2026-03-13T02:46:48Z
NVDA,2009-04-09,0.28,0.28,0.27,0.27,986333473,12.04,12.08,11.61,11.7,22610300,2026-03-13T02:46:48Z
NVDA,2009-04-13,0.27,0.27,0.26,0.27,837308014,11.65,11.9,11.39,11.89,19193700,2026-03-13T02:46:48Z
NVDA,2009-04-14,0.27,0.28,0.26,0.26,776765155,11.72,12,11.44,11.49,17808600,2026-03-13T02:46:48Z
NVDA,2009-04-15,0.26,0.26,0.25,0.26,1140255866,11.39,11.44,10.91,11.31,26134200,2026-03-13T02:46:48Z
NVDA,2009-04-16,0.27,0.27,0.26,0.27,1133060407,11.68,11.82,11.16,11.6,25969200,2026-03-13T02:46:48Z
NVDA,2009-04-17,0.27,0.27,0.26,0.27,758755537,11.76,11.87,11.4,11.68,17394600,2026-03-13T02:46:48Z
NVDA,2009-04-20,0.25,0.26,0.25,0.26,644042878,11.05,11.41,10.99,11.31,14766600,2026-03-13T02:46:48Z
NVDA,2009-04-21,0.25,0.26,0.25,0.25,1016701890,11.02,11.48,10.74,10.9,23304800,2026-03-13T02:46:48Z
NVDA,2009-04-22,0.26,0.27,0.25,0.25,999551999,11.35,11.81,10.74,10.92,22910800,2026-03-13T02:46:48Z
NVDA,2009-04-23,0.26,0.27,0.25,0.26,822479097,11.17,11.56,10.82,11.46,18854000,2026-03-13T02:46:48Z
NVDA,2009-04-24,0.26,0.26,0.25,0.26,828202757,11.43,11.51,11.01,11.28,18988100,2026-03-13T02:46:48Z
NVDA,2009-04-27,0.25,0.27,0.25,0.26,858456198,11.02,11.6,10.95,11.28,19677500,2026-03-13T02:46:48Z
NVDA,2009-04-28,0.25,0.26,0.25,0.25,691753123,11.05,11.28,10.78,10.88,15860500,2026-03-13T02:46:48Z
NVDA,2009-04-29,0.25,0.26,0.25,0.25,937817656,10.88,11.15,10.75,11.1,21497400,2026-03-13T02:46:48Z
NVDA,2009-04-30,0.26,0.27,0.25,0.25,1210886861,11.48,11.8,11,11.09,27761800,2026-03-13T02:46:48Z
NVDA,2009-05-01,0.27,0.27,0.26,0.26,916666308,11.67,11.94,11.44,11.45,21016100,2026-03-13T02:46:48Z
NVDA,2009-05-04,0.28,0.28,0.27,0.27,1011683725,12.3,12.39,11.71,11.87,23194700,2026-03-13T02:46:48Z
NVDA,2009-05-05,0.27,0.28,0.27,0.28,913040724,11.8,12.11,11.55,12.03,20930300,2026-03-13T02:46:48Z
NVDA,2009-05-06,0.27,0.28,0.26,0.27,1019770983,11.56,12.04,11.33,11.93,23377100,2026-03-13T02:46:48Z
NVDA,2009-05-07,0.25,0.27,0.24,0.27,1406057717,10.73,11.82,10.58,11.82,32229800,2026-03-13T02:46:48Z
NVDA,2009-05-08,0.21,0.24,0.21,0.24,2147483647,9.25,10.5,9.11,10.5,73264000,2026-03-13T02:46:48Z
NVDA,2009-05-11,0.22,0.22,0.21,0.21,1132904452,9.43,9.66,9.02,9.1,25968400,2026-03-13T02:46:48Z
NVDA,2009-05-12,0.21,0.22,0.2,0.22,1309906721,8.98,9.64,8.8,9.64,30034500,2026-03-13T02:46:48Z
NVDA,2009-05-13,0.19,0.21,0.19,0.2,1423555744,8.4,8.97,8.33,8.92,32640100,2026-03-13T02:46:48Z
NVDA,2009-05-14,0.2,0.2,0.19,0.19,1110186924,8.52,8.7,8.33,8.39,25448300,2026-03-13T02:46:48Z
NVDA,2009-05-15,0.2,0.21,0.19,0.2,850780620,8.74,9.04,8.48,8.58,19507600,2026-03-13T02:46:48Z
NVDA,2009-05-18,0.21,0.21,0.21,0.21,1023842606,9.27,9.33,8.94,8.96,23464900,2026-03-13T02:46:48Z
NVDA,2009-05-19,0.22,0.22,0.21,0.21,937846006,9.45,9.56,9.18,9.33,21501400,2026-03-13T02:46:48Z
NVDA,2009-05-20,0.22,0.24,0.22,0.22,1428104449,9.73,10.25,9.58,9.62,32738400,2026-03-13T02:46:48Z
NVDA,2009-05-21,0.22,0.23,0.22,0.22,1053257637,9.67,9.8,9.4,9.61,24142600,2026-03-13T02:46:48Z
NVDA,2009-05-22,0.23,0.23,0.22,0.22,783357669,9.82,9.96,9.49,9.67,17956600,2026-03-13T02:46:48Z
NVDA,2009-05-26,0.24,0.24,0.22,0.22,943955861,10.35,10.43,9.63,9.73,21638400,2026-03-13T02:46:48Z
NVDA,2009-05-27,0.24,0.25,0.23,0.24,887830976,10.37,10.68,10.2,10.3,20355400,2026-03-13T02:46:48Z
NVDA,2009-05-28,0.24,0.24,0.23,0.24,1085331268,10.51,10.6,10.06,10.53,24882500,2026-03-13T02:46:48Z
NVDA,2009-05-29,0.24,0.24,0.23,0.24,910132016,10.43,10.54,10.07,10.52,20860100,2026-03-13T02:46:48Z
NVDA,2009-06-01,0.25,0.25,0.24,0.24,1115330210,10.94,11,10.51,10.66,25569000,2026-03-13T02:46:48Z
NVDA,2009-06-02,0.25,0.26,0.24,0.25,990092304,10.85,11.18,10.65,10.94,22699500,2026-03-13T02:46:48Z
NVDA,2009-06-03,0.24,0.25,0.24,0.25,802231380,10.51,10.75,10.25,10.71,18392100,2026-03-13T02:46:48Z
NVDA,2009-06-04,0.25,0.25,0.24,0.24,734187087,10.89,10.91,10.53,10.54,16831300,2026-03-13T02:46:48Z
NVDA,2009-06-05,0.25,0.25,0.25,0.25,610819167,10.83,11.09,10.7,11.09,14001700,2026-03-13T02:46:48Z
NVDA,2009-06-08,0.25,0.25,0.24,0.25,517152030,10.77,10.92,10.5,10.75,11853400,2026-03-13T02:46:48Z
NVDA,2009-06-09,0.26,0.26,0.25,0.25,790850576,11.36,11.48,10.84,10.92,18128300,2026-03-13T02:46:48Z
NVDA,2009-06-10,0.27,0.27,0.26,0.26,908795104,11.72,11.79,11.17,11.42,20835600,2026-03-13T02:46:48Z
NVDA,2009-06-11,0.27,0.28,0.26,0.27,910748876,11.57,12.2,11.5,11.75,20879200,2026-03-13T02:46:48Z
NVDA,2009-06-12,0.26,0.27,0.26,0.26,648881517,11.51,11.55,11.14,11.4,14874900,2026-03-13T02:46:48Z
NVDA,2009-06-15,0.26,0.26,0.26,0.26,485564707,11.32,11.45,11.12,11.3,11131100,2026-03-13T02:46:48Z
NVDA,2009-06-16,0.25,0.26,0.25,0.26,648892079,11.01,11.46,10.85,11.32,14872900,2026-03-13T02:46:48Z
NVDA,2009-06-17,0.26,0.26,0.25,0.26,871312370,11.28,11.39,10.75,11.18,19975300,2026-03-13T02:46:48Z
NVDA,2009-06-18,0.25,0.26,0.25,0.26,617937637,11.06,11.45,10.94,11.24,14163400,2026-03-13T02:46:48Z
NVDA,2009-06-19,0.26,0.26,0.25,0.26,815228334,11.18,11.45,11.03,11.17,18689000,2026-03-13T02:46:48Z
NVDA,2009-06-22,0.24,0.26,0.24,0.26,626903951,10.55,11.22,10.51,11.22,14371500,2026-03-13T02:46:48Z
NVDA,2009-06-23,0.24,0.25,0.23,0.24,643191474,10.5,10.67,10.09,10.65,14744400,2026-03-13T02:46:48Z
NVDA,2009-06-24,0.25,0.25,0.24,0.24,561673838,10.85,11.1,10.63,10.63,12877300,2026-03-13T02:46:48Z
NVDA,2009-06-25,0.26,0.26,0.24,0.25,949596120,11.42,11.44,10.64,10.75,21769200,2026-03-13T02:46:48Z
NVDA,2009-06-26,0.27,0.27,0.26,0.26,560480988,11.57,11.61,11.27,11.37,12849200,2026-03-13T02:46:48Z
NVDA,2009-06-29,0.27,0.27,0.26,0.27,556210580,11.57,11.78,11.45,11.6,12751300,2026-03-13T02:46:48Z
NVDA,2009-06-30,0.26,0.27,0.25,0.26,643286367,11.29,11.69,11.08,11.53,14749100,2026-03-13T02:46:48Z
NVDA,2009-07-01,0.26,0.26,0.26,0.26,759361258,11.34,11.49,11.15,11.36,17410400,2026-03-13T02:46:48Z
NVDA,2009-07-02,0.25,0.26,0.25,0.25,602317667,10.9,11.11,10.75,10.97,13809100,2026-03-13T02:46:48Z
NVDA,2009-07-06,0.24,0.25,0.24,0.25,820626252,10.55,10.9,10.37,10.89,18812500,2026-03-13T02:46:48Z
NVDA,2009-07-07,0.23,0.24,0.23,0.24,1170453905,10.09,10.65,10.06,10.59,26825800,2026-03-13T02:46:48Z
NVDA,2009-07-08,0.23,0.23,0.22,0.23,1315157453,10.11,10.18,9.71,10.15,30147700,2026-03-13T02:46:48Z
NVDA,2009-07-09,0.24,0.24,0.24,0.24,779446418,10.33,10.5,10.25,10.28,17864200,2026-03-13T02:46:48Z
NVDA,2009-07-10,0.24,0.24,0.23,0.24,567018666,10.37,10.44,10.11,10.33,13000100,2026-03-13T02:46:48Z
NVDA,2009-07-13,0.24,0.24,0.23,0.24,606341647,10.49,10.58,9.95,10.58,13898700,2026-03-13T02:46:48Z
NVDA,2009-07-14,0.25,0.25,0.24,0.24,493881661,10.71,10.75,10.45,10.57,11323500,2026-03-13T02:46:48Z
NVDA,2009-07-15,0.26,0.26,0.25,0.25,1115649428,11.15,11.37,11,11.1,25570300,2026-03-13T02:46:48Z
NVDA,2009-07-16,0.27,0.27,0.26,0.26,1038589545,11.73,11.77,11.21,11.27,23804700,2026-03-13T02:46:48Z
NVDA,2009-07-17,0.28,0.28,0.27,0.27,927532812,12.07,12.11,11.61,11.73,21259800,2026-03-13T02:46:48Z
NVDA,2009-07-20,0.28,0.28,0.28,0.28,853737815,12.22,12.35,12.01,12.17,19568900,2026-03-13T02:46:48Z
NVDA,2009-07-21,0.27,0.28,0.27,0.28,1026873718,11.97,12.24,11.69,12.19,23536100,2026-03-13T02:46:48Z
NVDA,2009-07-22,0.28,0.28,0.27,0.27,655376247,12.27,12.38,11.65,11.73,15022600,2026-03-13T02:46:48Z
NVDA,2009-07-23,0.3,0.3,0.28,0.28,1141142627,13,13.04,12.16,12.29,26158500,2026-03-13T02:46:48Z
NVDA,2009-07-24,0.3,0.3,0.29,0.29,709558891,12.96,13,12.52,12.6,16266200,2026-03-13T02:46:48Z
NVDA,2009-07-27,0.3,0.3,0.29,0.29,738759607,13.02,13.21,12.72,12.84,16937000,2026-03-13T02:46:48Z
NVDA,2009-07-28,0.3,0.3,0.29,0.3,614441789,13.04,13.18,12.82,12.93,14084100,2026-03-13T02:46:48Z
NVDA,2009-07-29,0.29,0.3,0.29,0.3,407825920,12.78,12.97,12.65,12.89,9350000,2026-03-13T02:46:48Z
NVDA,2009-07-30,0.3,0.3,0.29,0.3,510938667,12.88,13.17,12.77,13,11714300,2026-03-13T02:46:48Z
NVDA,2009-07-31,0.3,0.3,0.29,0.3,590536639,12.93,13.11,12.58,12.88,13539600,2026-03-13T02:46:48Z
NVDA,2009-08-03,0.3,0.31,0.3,0.3,515014459,13.28,13.43,12.99,13.24,11805000,2026-03-13T02:46:48Z
NVDA,2009-08-04,0.31,0.31,0.3,0.3,758478176,13.37,13.6,13.03,13.05,17385100,2026-03-13T02:46:48Z
NVDA,2009-08-05,0.31,0.31,0.3,0.31,666078510,13.4,13.5,13.13,13.29,15270100,2026-03-13T02:46:48Z
NVDA,2009-08-06,0.3,0.31,0.3,0.31,1044174163,13.12,13.69,13.04,13.45,23939600,2026-03-13T02:46:48Z
NVDA,2009-08-07,0.31,0.33,0.31,0.32,1529016605,13.71,14.23,13.52,13.83,35047400,2026-03-13T02:46:48Z
NVDA,2009-08-10,0.3,0.32,0.3,0.32,756112234,13.26,14.01,13.18,13.81,17334700,2026-03-13T02:46:48Z
NVDA,2009-08-11,0.3,0.31,0.3,0.3,525818894,12.95,13.37,12.88,13.17,12053400,2026-03-13T02:46:48Z
NVDA,2009-08-12,0.31,0.31,0.3,0.3,692487405,13.43,13.57,12.95,12.96,15873800,2026-03-13T02:46:48Z
NVDA,2009-08-13,0.32,0.32,0.31,0.31,615146689,13.83,13.88,13.29,13.53,14102300,2026-03-13T02:46:48Z
NVDA,2009-08-14,0.31,0.32,0.3,0.32,465899986,13.42,13.83,13.24,13.81,10678900,2026-03-13T02:46:48Z
NVDA,2009-08-17,0.29,0.3,0.29,0.3,507154224,12.86,13.05,12.72,13.01,11625900,2026-03-13T02:46:48Z
NVDA,2009-08-18,0.31,0.31,0.3,0.3,693866049,13.33,13.48,12.85,12.86,15905000,2026-03-13T02:46:48Z
NVDA,2009-08-19,0.3,0.3,0.3,0.3,603186700,13.18,13.26,13,13.13,13825700,2026-03-13T02:46:48Z
NVDA,2009-08-20,0.31,0.32,0.3,0.3,894124528,13.7,13.76,13.09,13.12,20499600,2026-03-13T02:46:48Z
NVDA,2009-08-21,0.32,0.32,0.31,0.32,662393762,13.93,13.95,13.53,13.81,15185800,2026-03-13T02:46:48Z
NVDA,2009-08-24,0.31,0.32,0.31,0.32,503252614,13.54,14,13.46,13.85,11536900,2026-03-13T02:46:48Z
NVDA,2009-08-25,0.31,0.32,0.31,0.31,484386876,13.66,13.8,13.38,13.61,11102600,2026-03-13T02:46:48Z
NVDA,2009-08-26,0.32,0.32,0.31,0.31,473666517,13.82,13.85,13.58,13.63,10858000,2026-03-13T02:46:48Z
NVDA,2009-08-27,0.32,0.32,0.32,0.32,601080722,14.01,14.07,13.73,13.88,13778700,2026-03-13T02:46:48Z
NVDA,2009-08-28,0.34,0.35,0.33,0.33,964112532,14.73,15.03,14.37,14.39,22099700,2026-03-13T02:46:48Z
NVDA,2009-08-31,0.33,0.34,0.33,0.33,470833589,14.52,14.63,14.33,14.56,10794800,2026-03-13T02:46:48Z
NVDA,2009-09-01,0.32,0.34,0.32,0.33,803601301,14.03,14.92,13.95,14.51,18423500,2026-03-13T02:46:48Z
NVDA,2009-09-02,0.33,0.33,0.32,0.32,441283586,14.23,14.37,13.97,14.05,10117400,2026-03-13T02:46:48Z
NVDA,2009-09-03,0.33,0.33,0.33,0.33,582461188,14.57,14.59,14.19,14.23,13350400,2026-03-13T02:46:48Z
NVDA,2009-09-04,0.35,0.35,0.33,0.33,559584630,15.11,15.21,14.51,14.51,12826900,2026-03-13T02:46:48Z
NVDA,2009-09-08,0.36,0.36,0.35,0.35,599440977,15.53,15.53,15.1,15.22,13743300,2026-03-13T02:46:48Z
NVDA,2009-09-09,0.37,0.37,0.35,0.36,623417004,15.96,15.99,15.28,15.5,14292500,2026-03-13T02:46:48Z
NVDA,2009-09-10,0.38,0.38,0.36,0.37,663063364,16.47,16.49,15.83,16.01,15199900,2026-03-13T02:46:48Z
NVDA,2009-09-11,0.37,0.38,0.37,0.38,777409591,16.32,16.49,16.2,16.43,17820400,2026-03-13T02:46:48Z
NVDA,2009-09-14,0.37,0.37,0.37,0.37,534944953,16.05,16.21,15.91,16.08,12263600,2026-03-13T02:46:48Z
NVDA,2009-09-15,0.38,0.38,0.37,0.37,595582007,16.38,16.58,16.05,16.2,13653300,2026-03-13T02:46:48Z
NVDA,2009-09-16,0.37,0.38,0.36,0.38,771109475,15.94,16.37,15.7,16.34,17676500,2026-03-13T02:46:48Z
NVDA,2009-09-17,0.35,0.36,0.34,0.36,1006616468,15.24,15.9,14.97,15.9,23078200,2026-03-13T02:46:48Z
NVDA,2009-09-18,0.35,0.36,0.35,0.35,659511488,15.22,15.5,15.1,15.39,15118500,2026-03-13T02:46:48Z
NVDA,2009-09-21,0.35,0.35,0.34,0.35,642212739,15.15,15.41,14.91,15.04,14720200,2026-03-13T02:46:48Z
NVDA,2009-09-22,0.35,0.35,0.35,0.35,394134769,15.18,15.35,15.06,15.26,9035500,2026-03-13T02:46:48Z
NVDA,2009-09-23,0.34,0.35,0.34,0.35,522424570,14.94,15.4,14.92,15.27,11976600,2026-03-13T02:46:48Z
NVDA,2009-09-24,0.34,0.35,0.34,0.35,603005079,14.74,15.19,14.69,15.19,13823300,2026-03-13T02:46:48Z
NVDA,2009-09-25,0.33,0.34,0.33,0.34,411766890,14.5,14.73,14.39,14.66,9439400,2026-03-13T02:46:48Z
NVDA,2009-09-28,0.34,0.35,0.33,0.33,510273076,14.83,15.2,14.55,14.55,11697200,2026-03-13T02:46:48Z
NVDA,2009-09-29,0.33,0.35,0.33,0.34,513617274,14.56,15.1,14.53,14.92,11775100,2026-03-13T02:46:48Z
NVDA,2009-09-30,0.34,0.35,0.33,0.34,955260567,15.03,15.21,14.53,14.86,21898800,2026-03-13T02:46:48Z
NVDA,2009-10-01,0.32,0.34,0.32,0.34,1090577024,13.96,14.98,13.95,14.98,24998900,2026-03-13T02:46:48Z
NVDA,2009-10-02,0.32,0.32,0.32,0.32,668028532,13.85,14.15,13.74,13.81,15311800,2026-03-13T02:46:48Z
NVDA,2009-10-05,0.32,0.32,0.31,0.32,822564361,13.78,14.05,13.54,14,18856900,2026-03-13T02:46:48Z
NVDA,2009-10-06,0.32,0.33,0.32,0.32,830337500,14.01,14.25,13.85,13.95,19034000,2026-03-13T02:46:48Z
NVDA,2009-10-07,0.32,0.32,0.32,0.32,501294414,13.9,14.06,13.75,13.91,11490100,2026-03-13T02:46:48Z
NVDA,2009-10-08,0.32,0.32,0.31,0.32,1354457866,13.99,14.02,13.49,13.98,31044500,2026-03-13T02:46:48Z
NVDA,2009-10-09,0.32,0.33,0.32,0.32,674572308,14.17,14.19,13.89,13.91,15464900,2026-03-13T02:46:48Z
NVDA,2009-10-12,0.32,0.33,0.32,0.32,544356640,14.01,14.28,13.92,13.93,12478400,2026-03-13T02:46:48Z
NVDA,2009-10-13,0.32,0.33,0.32,0.32,656687164,13.96,14.25,13.83,14.09,15053000,2026-03-13T02:46:48Z
NVDA,2009-10-14,0.32,0.33,0.32,0.33,1201587937,13.94,14.5,13.87,14.5,27548600,2026-03-13T02:46:48Z
NVDA,2009-10-15,0.31,0.32,0.31,0.32,1191382982,13.53,14.05,13.44,13.92,27310600,2026-03-13T02:46:48Z
NVDA,2009-10-16,0.3,0.31,0.3,0.31,1111033913,13.22,13.4,12.98,13.36,25473100,2026-03-13T02:46:48Z
NVDA,2009-10-19,0.31,0.32,0.3,0.31,758524603,13.7,13.81,13.22,13.33,17390700,2026-03-13T02:46:48Z
NVDA,2009-10-20,0.31,0.32,0.31,0.32,720043523,13.71,14.03,13.6,13.93,16504500,2026-03-13T02:46:48Z
NVDA,2009-10-21,0.31,0.32,0.31,0.31,549696839,13.38,13.87,13.31,13.66,12600300,2026-03-13T02:46:48Z
NVDA,2009-10-22,0.31,0.31,0.3,0.31,413784103,13.47,13.54,13.08,13.31,9484600,2026-03-13T02:46:48Z
NVDA,2009-10-23,0.3,0.31,0.3,0.31,468477124,13.15,13.65,13.07,13.65,10739200,2026-03-13T02:46:48Z
NVDA,2009-10-26,0.3,0.31,0.3,0.3,525232041,12.98,13.45,12.91,13.25,12042300,2026-03-13T02:46:48Z
NVDA,2009-10-27,0.29,0.3,0.28,0.3,645358538,12.54,13.11,12.41,12.92,14795900,2026-03-13T02:46:48Z
NVDA,2009-10-28,0.28,0.29,0.27,0.28,843934898,12.02,12.53,11.96,12.26,19343100,2026-03-13T02:46:48Z
NVDA,2009-10-29,0.29,0.29,0.28,0.28,694605108,12.55,12.61,12.1,12.21,15920800,2026-03-13T02:46:48Z
NVDA,2009-10-30,0.27,0.29,0.27,0.29,658781345,11.96,12.53,11.9,12.49,15103500,2026-03-13T02:46:48Z
NVDA,2009-11-02,0.28,0.28,0.27,0.27,646940565,12.07,12.33,11.73,11.94,14828400,2026-03-13T02:46:48Z
NVDA,2009-11-03,0.28,0.28,0.27,0.27,955787029,12.01,12.07,11.56,11.68,21913400,2026-03-13T02:46:48Z
NVDA,2009-11-04,0.27,0.28,0.27,0.28,1000347388,11.98,12.23,11.93,12.1,22929500,2026-03-13T02:46:48Z
NVDA,2009-11-05,0.28,0.28,0.28,0.28,1041736933,12.27,12.39,12.08,12.12,23878800,2026-03-13T02:46:48Z
NVDA,2009-11-06,0.3,0.31,0.3,0.3,1789607395,13.16,13.43,12.88,13.04,41027700,2026-03-13T02:46:48Z
NVDA,2009-11-09,0.31,0.31,0.31,0.31,892276735,13.46,13.65,13.33,13.34,20457400,2026-03-13T02:46:48Z
NVDA,2009-11-10,0.3,0.31,0.3,0.31,852550381,13.13,13.51,12.96,13.51,19541400,2026-03-13T02:46:48Z
NVDA,2009-11-11,0.31,0.32,0.31,0.31,950474105,13.5,13.82,13.33,13.35,21790500,2026-03-13T02:46:48Z
NVDA,2009-11-12,0.31,0.32,0.31,0.31,551593918,13.46,13.85,13.42,13.62,12646500,2026-03-13T02:46:48Z
NVDA,2009-11-13,0.31,0.31,0.31,0.31,423771807,13.56,13.63,13.39,13.45,9713000,2026-03-13T02:46:48Z
NVDA,2009-11-16,0.32,0.32,0.31,0.31,439379034,13.75,13.91,13.61,13.68,10070700,2026-03-13T02:46:48Z
NVDA,2009-11-17,0.31,0.32,0.31,0.32,381839473,13.73,13.76,13.47,13.76,8753500,2026-03-13T02:46:48Z
NVDA,2009-11-18,0.31,0.31,0.31,0.31,496976699,13.52,13.65,13.29,13.6,11391500,2026-03-13T02:46:48Z
NVDA,2009-11-19,0.3,0.3,0.29,0.3,909315265,12.98,13.23,12.74,13.23,20848400,2026-03-13T02:46:48Z
NVDA,2009-11-20,0.3,0.3,0.29,0.29,465617131,12.9,12.96,12.65,12.68,10673100,2026-03-13T02:46:48Z
NVDA,2009-11-23,0.3,0.31,0.3,0.3,426404337,13,13.33,12.94,13.09,9774500,2026-03-13T02:46:48Z
NVDA,2009-11-24,0.3,0.3,0.29,0.3,456535735,12.92,13.03,12.71,12.94,10466400,2026-03-13T02:46:48Z
NVDA,2009-11-25,0.3,0.3,0.3,0.3,481906239,13.07,13.25,12.98,13.07,11048600,2026-03-13T02:46:48Z
NVDA,2009-11-27,0.29,0.3,0.29,0.29,305323916,12.79,12.94,12.53,12.6,6998200,2026-03-13T02:46:48Z
NVDA,2009-11-30,0.3,0.3,0.29,0.29,555987812,13.06,13.07,12.7,12.84,12746000,2026-03-13T02:46:48Z
NVDA,2009-12-01,0.31,0.31,0.3,0.3,503873859,13.32,13.47,13.06,13.13,11549000,2026-03-13T02:46:48Z
NVDA,2009-12-02,0.31,0.32,0.3,0.31,656924023,13.72,13.75,13.27,13.35,15058500,2026-03-13T02:46:48Z
NVDA,2009-12-03,0.32,0.32,0.32,0.32,719770041,13.83,14.13,13.81,13.88,16500800,2026-03-13T02:46:48Z
NVDA,2009-12-04,0.33,0.33,0.32,0.32,899230624,14.26,14.32,13.87,14.09,20614200,2026-03-13T02:46:48Z
NVDA,2009-12-07,0.37,0.38,0.35,0.36,2147483647,16.09,16.45,15.1,15.85,68304600,2026-03-13T02:46:48Z
NVDA,2009-12-08,0.35,0.36,0.35,0.36,1173156521,15.31,15.9,15.22,15.83,26892500,2026-03-13T02:46:48Z
NVDA,2009-12-09,0.36,0.36,0.35,0.36,732581295,15.69,15.81,15.32,15.47,16792600,2026-03-13T02:46:48Z
NVDA,2009-12-10,0.35,0.36,0.35,0.36,454813239,15.41,15.9,15.36,15.8,10426000,2026-03-13T02:46:48Z
NVDA,2009-12-11,0.35,0.36,0.35,0.36,454667341,15.21,15.56,15.17,15.54,10422200,2026-03-13T02:46:48Z
NVDA,2009-12-14,0.36,0.36,0.35,0.35,442235651,15.67,15.72,15.26,15.43,10138800,2026-03-13T02:46:48Z
NVDA,2009-12-15,0.36,0.37,0.36,0.36,486571230,15.65,15.91,15.52,15.56,11153700,2026-03-13T02:46:48Z
NVDA,2009-12-16,0.39,0.39,0.37,0.37,1836206096,16.91,17.09,16.12,16.21,42094200,2026-03-13T02:46:48Z
NVDA,2009-12-17,0.39,0.4,0.38,0.39,1108094351,16.83,17.48,16.58,16.96,25404800,2026-03-13T02:46:48Z
NVDA,2009-12-18,0.39,0.39,0.38,0.39,886661824,16.82,17.03,16.62,16.97,20326800,2026-03-13T02:46:48Z
NVDA,2009-12-21,0.4,0.4,0.39,0.39,466609916,17.42,17.49,16.9,16.92,10695600,2026-03-13T02:46:48Z
NVDA,2009-12-22,0.41,0.41,0.4,0.4,864966225,17.88,18.06,17.4,17.42,19829400,2026-03-13T02:46:48Z
NVDA,2009-12-23,0.42,0.42,0.41,0.41,482301634,18.13,18.18,17.82,18.05,11057400,2026-03-13T02:46:48Z
NVDA,2009-12-24,0.41,0.42,0.41,0.42,149216464,18.09,18.21,18.02,18.18,3420300,2026-03-13T02:46:48Z
NVDA,2009-12-28,0.41,0.42,0.4,0.41,507993695,17.8,18.22,17.62,18.05,11643900,2026-03-13T02:46:48Z
NVDA,2009-12-29,0.41,0.41,0.41,0.41,518959394,18.02,18.07,17.7,17.74,11896900,2026-03-13T02:46:48Z
NVDA,2009-12-30,0.43,0.43,0.41,0.42,767925228,18.67,18.78,18.06,18.19,17602400,2026-03-13T02:46:48Z
NVDA,2009-12-31,0.43,0.43,0.43,0.43,763855831,18.68,18.95,18.66,18.71,17509800,2026-03-13T02:46:48Z
