ticker,tradeDate,clsPx,hiPx,loPx,open,stockVolume,unadjClsPx,unadjHiPx,unadjLoPx,unadjOpen,unadjStockVolume,updatedAt
ORCL,2006-01-03,10.07,10.23,9.77,9.78,70132610,12.6,12.8,12.22,12.23,56073800,2026-01-13T03:44:32Z
ORCL,2006-01-04,10.09,10.22,10.03,10.04,70555902,12.62,12.78,12.54,12.56,56412300,2026-01-13T03:44:32Z
ORCL,2006-01-05,10.23,10.33,10.07,10.09,65859349,12.79,12.92,12.6,12.62,52657100,2026-01-13T03:44:32Z
ORCL,2006-01-06,10.49,10.51,10.19,10.23,118903607,13.12,13.15,12.75,12.8,95067600,2026-01-13T03:44:32Z
ORCL,2006-01-09,10.3,10.47,10.23,10.4,60256748,12.88,13.09,12.79,13.01,48177800,2026-01-13T03:44:32Z
ORCL,2006-01-10,10.09,10.24,10.08,10.24,54911042,12.62,12.81,12.61,12.81,43903600,2026-01-13T03:44:32Z
ORCL,2006-01-11,10.07,10.14,9.97,10.11,76056393,12.6,12.68,12.47,12.64,60810100,2026-01-13T03:44:32Z
ORCL,2006-01-12,10.01,10.19,9.98,10.14,54718314,12.52,12.74,12.48,12.68,43749300,2026-01-13T03:44:32Z
ORCL,2006-01-13,10,10.03,9.89,9.99,41583475,12.51,12.54,12.37,12.49,33247500,2026-01-13T03:44:32Z
ORCL,2006-01-17,9.95,10.03,9.91,9.96,28258311,12.44,12.54,12.4,12.46,22593700,2026-01-13T03:44:32Z
ORCL,2006-01-18,9.87,9.91,9.78,9.89,55962317,12.34,12.39,12.23,12.37,44744000,2026-01-13T03:44:32Z
ORCL,2006-01-19,10.01,10.07,9.95,9.97,52088168,12.52,12.6,12.45,12.47,41646400,2026-01-13T03:44:32Z
ORCL,2006-01-20,9.83,10.02,9.8,9.98,67355548,12.29,12.53,12.26,12.48,53853200,2026-01-13T03:44:32Z
ORCL,2006-01-23,9.83,9.99,9.76,9.84,46272055,12.3,12.5,12.21,12.31,36996200,2026-01-13T03:44:32Z
ORCL,2006-01-24,9.75,9.91,9.75,9.87,60534108,12.2,12.39,12.19,12.35,48399500,2026-01-13T03:44:32Z
ORCL,2006-01-25,10,10.04,9.87,9.91,116311152,12.51,12.56,12.34,12.4,92995000,2026-01-13T03:44:32Z
ORCL,2006-01-26,9.95,10.07,9.92,10.04,79398475,12.44,12.6,12.41,12.56,63482400,2026-01-13T03:44:32Z
ORCL,2006-01-27,9.92,10.02,9.91,9.95,77032349,12.41,12.53,12.39,12.45,61590500,2026-01-13T03:44:32Z
ORCL,2006-01-30,10.08,10.11,9.82,9.93,77659773,12.61,12.65,12.28,12.42,62092100,2026-01-13T03:44:32Z
ORCL,2006-01-31,10.05,10.07,9.92,10.04,66755495,12.57,12.59,12.41,12.56,53373600,2026-01-13T03:44:32Z
ORCL,2006-02-01,10.06,10.11,9.91,9.92,67796573,12.58,12.65,12.39,12.41,54206000,2026-01-13T03:44:32Z
ORCL,2006-02-02,9.91,10.06,9.88,10.03,52437659,12.39,12.58,12.36,12.54,41926000,2026-01-13T03:44:32Z
ORCL,2006-02-03,9.76,9.9,9.74,9.83,79570495,12.21,12.38,12.18,12.3,63619900,2026-01-13T03:44:32Z
ORCL,2006-02-06,9.79,9.83,9.64,9.77,77254931,12.25,12.29,12.06,12.22,61768000,2026-01-13T03:44:32Z
ORCL,2006-02-07,9.89,9.91,9.76,9.78,63990236,12.37,12.39,12.21,12.23,51162700,2026-01-13T03:44:32Z
ORCL,2006-02-08,10.05,10.1,9.95,9.95,67877772,12.57,12.63,12.44,12.44,54270900,2026-01-13T03:44:32Z
ORCL,2006-02-09,10.15,10.23,9.96,10.04,134267913,12.69,12.8,12.46,12.56,107351904,2026-01-13T03:44:32Z
ORCL,2006-02-10,10.15,10.23,10.04,10.06,74635999,12.69,12.8,12.56,12.58,59674100,2026-01-13T03:44:32Z
ORCL,2006-02-13,9.99,10.17,9.91,10.11,47072321,12.49,12.72,12.4,12.64,37636000,2026-01-13T03:44:32Z
ORCL,2006-02-14,9.91,9.99,9.87,9.98,59924807,12.4,12.49,12.35,12.48,47912300,2026-01-13T03:44:32Z
ORCL,2006-02-15,9.92,9.99,9.87,9.89,47065018,12.41,12.5,12.35,12.37,37630400,2026-01-13T03:44:32Z
ORCL,2006-02-16,9.95,9.99,9.88,9.93,36769936,12.44,12.49,12.36,12.42,29399100,2026-01-13T03:44:32Z
ORCL,2006-02-17,9.91,9.95,9.85,9.9,44445538,12.4,12.44,12.32,12.38,35536000,2026-01-13T03:44:32Z
ORCL,2006-02-21,9.87,9.9,9.79,9.87,51709359,12.34,12.38,12.25,12.35,41343600,2026-01-13T03:44:32Z
ORCL,2006-02-22,9.98,9.99,9.82,9.88,50830776,12.48,12.49,12.28,12.36,40641000,2026-01-13T03:44:32Z
ORCL,2006-02-23,9.91,10.03,9.91,9.95,49920306,12.4,12.54,12.4,12.44,39913300,2026-01-13T03:44:32Z
ORCL,2006-02-24,9.96,9.99,9.9,9.91,39146509,12.46,12.49,12.38,12.39,31299300,2026-01-13T03:44:32Z
ORCL,2006-02-27,9.96,10,9.88,9.95,48259594,12.46,12.51,12.36,12.44,38585600,2026-01-13T03:44:32Z
ORCL,2006-02-28,9.93,10.06,9.91,9.93,54280138,12.42,12.58,12.39,12.42,43399200,2026-01-13T03:44:32Z
ORCL,2006-03-01,10.24,10.26,9.99,9.99,90552256,12.81,12.83,12.49,12.49,72400096,2026-01-13T03:44:32Z
ORCL,2006-03-02,10.23,10.33,10.14,10.19,79082062,12.8,12.92,12.68,12.75,63229200,2026-01-13T03:44:32Z
ORCL,2006-03-03,10.23,10.34,10.08,10.1,65492638,12.79,12.93,12.61,12.63,52363900,2026-01-13T03:44:32Z
ORCL,2006-03-06,10.21,10.36,10.18,10.19,60726446,12.77,12.96,12.73,12.75,48553100,2026-01-13T03:44:32Z
ORCL,2006-03-07,10.3,10.33,10.17,10.19,45248030,12.88,12.92,12.72,12.74,36177700,2026-01-13T03:44:32Z
ORCL,2006-03-08,10.28,10.35,10.19,10.24,48706057,12.86,12.95,12.75,12.81,38942500,2026-01-13T03:44:32Z
ORCL,2006-03-09,10.27,10.39,10.25,10.31,61002291,12.84,13,12.82,12.9,48773800,2026-01-13T03:44:32Z
ORCL,2006-03-10,10.31,10.39,10.27,10.3,48075447,12.9,13,12.84,12.88,38438000,2026-01-13T03:44:32Z
ORCL,2006-03-13,10.31,10.35,10.27,10.33,30389041,12.9,12.95,12.85,12.92,24297100,2026-01-13T03:44:32Z
ORCL,2006-03-14,10.36,10.38,10.29,10.32,55655081,12.96,12.98,12.87,12.91,44498300,2026-01-13T03:44:32Z
ORCL,2006-03-15,10.59,10.65,10.31,10.35,95188436,13.24,13.32,12.9,12.94,76106896,2026-01-13T03:44:32Z
ORCL,2006-03-16,10.79,10.83,10.61,10.67,102505337,13.5,13.54,13.27,13.34,81957200,2026-01-13T03:44:32Z
ORCL,2006-03-17,10.87,10.97,10.73,10.83,88349910,13.6,13.72,13.42,13.54,70639000,2026-01-13T03:44:32Z
ORCL,2006-03-20,10.97,11.09,10.85,10.92,154834261,13.72,13.87,13.57,13.66,123796304,2026-01-13T03:44:32Z
ORCL,2006-03-21,10.89,11.11,10.57,10.67,180749266,13.62,13.9,13.22,13.34,144515808,2026-01-13T03:44:32Z
ORCL,2006-03-22,11.19,11.19,10.83,10.85,103943242,13.99,14,13.55,13.57,83106304,2026-01-13T03:44:32Z
ORCL,2006-03-23,11.03,11.19,10.98,11.12,63919681,13.8,13.99,13.73,13.91,51106100,2026-01-13T03:44:32Z
ORCL,2006-03-24,11.03,11.06,10.97,11.02,43993520,13.79,13.83,13.72,13.78,35174400,2026-01-13T03:44:32Z
ORCL,2006-03-27,11.07,11.15,11.01,11.06,45834743,13.84,13.94,13.77,13.83,36646600,2026-01-13T03:44:32Z
ORCL,2006-03-28,10.87,11.07,10.85,11.06,59451699,13.59,13.85,13.57,13.83,47533800,2026-01-13T03:44:32Z
ORCL,2006-03-29,10.97,11.04,10.74,10.87,69901872,13.72,13.81,13.43,13.59,55889400,2026-01-13T03:44:32Z
ORCL,2006-03-30,11.02,11.07,10.91,10.97,63162915,13.78,13.85,13.64,13.72,50501000,2026-01-13T03:44:32Z
ORCL,2006-03-31,10.95,11.07,10.95,10.97,41656211,13.69,13.85,13.69,13.72,33305800,2026-01-13T03:44:32Z
ORCL,2006-04-03,11.03,11.08,10.99,10.99,33659899,13.79,13.86,13.75,13.75,26912300,2026-01-13T03:44:32Z
ORCL,2006-04-04,11.07,11.12,11.02,11.05,38562040,13.84,13.91,13.78,13.82,30831800,2026-01-13T03:44:32Z
ORCL,2006-04-05,11.15,11.19,11.04,11.05,86134645,13.95,14,13.81,13.82,68868200,2026-01-13T03:44:32Z
ORCL,2006-04-06,11.03,11.16,10.99,11.16,41009275,13.8,13.96,13.74,13.96,32788400,2026-01-13T03:44:32Z
ORCL,2006-04-07,10.99,11.12,10.97,11.06,36917644,13.75,13.91,13.72,13.83,29517200,2026-01-13T03:44:32Z
ORCL,2006-04-10,11.06,11.07,10.89,10.98,36164418,13.83,13.85,13.62,13.73,28914800,2026-01-13T03:44:32Z
ORCL,2006-04-11,11.07,11.19,10.97,11.06,55306342,13.84,14,13.72,13.83,44219500,2026-01-13T03:44:32Z
ORCL,2006-04-12,11.02,11.11,10.98,11.07,36542840,13.78,13.9,13.73,13.84,29217300,2026-01-13T03:44:32Z
ORCL,2006-04-13,10.94,11.01,10.92,10.99,37138755,13.68,13.77,13.66,13.75,29693900,2026-01-13T03:44:32Z
ORCL,2006-04-17,10.99,11.06,10.91,10.92,36234142,13.74,13.83,13.65,13.66,28970700,2026-01-13T03:44:32Z
ORCL,2006-04-18,11.19,11.2,10.95,10.95,51422222,14,14.01,13.69,13.7,41113900,2026-01-13T03:44:32Z
ORCL,2006-04-19,11.44,11.46,11.04,11.07,72604862,14.31,14.34,13.81,13.84,58050400,2026-01-13T03:44:32Z
ORCL,2006-04-20,11.31,11.44,11.27,11.32,41042689,14.15,14.31,14.1,14.16,32815300,2026-01-13T03:44:32Z
ORCL,2006-04-21,11.42,11.55,11.31,11.32,70275348,14.28,14.45,14.15,14.16,56187800,2026-01-13T03:44:32Z
ORCL,2006-04-24,11.58,11.73,11.35,11.38,76736880,14.48,14.67,14.19,14.23,61354000,2026-01-13T03:44:32Z
ORCL,2006-04-25,11.71,11.86,11.63,11.64,73405087,14.65,14.83,14.55,14.56,58690000,2026-01-13T03:44:32Z
ORCL,2006-04-26,11.77,11.79,11.69,11.75,59216567,14.72,14.74,14.62,14.7,47345900,2026-01-13T03:44:32Z
ORCL,2006-04-27,11.94,12.16,11.63,11.74,135944410,14.93,15.21,14.55,14.68,108692704,2026-01-13T03:44:32Z
ORCL,2006-04-28,11.67,11.95,11.61,11.9,84645465,14.59,14.95,14.52,14.89,67677504,2026-01-13T03:44:32Z
ORCL,2006-05-01,11.66,11.96,11.54,11.68,51801382,14.58,14.96,14.43,14.61,41417300,2026-01-13T03:44:32Z
ORCL,2006-05-02,11.54,11.66,11.5,11.64,36328460,14.43,14.58,14.38,14.56,29045900,2026-01-13T03:44:32Z
ORCL,2006-05-03,11.45,11.59,11.2,11.49,51085179,14.32,14.49,14.01,14.37,40844600,2026-01-13T03:44:32Z
ORCL,2006-05-04,11.43,11.57,11.36,11.5,27312518,14.29,14.47,14.21,14.38,21837400,2026-01-13T03:44:32Z
ORCL,2006-05-05,11.55,11.65,11.42,11.43,33017387,14.45,14.57,14.28,14.3,26398600,2026-01-13T03:44:32Z
ORCL,2006-05-08,11.38,11.63,11.33,11.54,37125272,14.23,14.55,14.17,14.43,29683000,2026-01-13T03:44:32Z
ORCL,2006-05-09,11.28,11.42,11.23,11.37,27485077,14.11,14.28,14.05,14.22,21975400,2026-01-13T03:44:32Z
ORCL,2006-05-10,11.39,11.49,11.24,11.25,29494338,14.24,14.37,14.06,14.07,23581800,2026-01-13T03:44:32Z
ORCL,2006-05-11,11.12,11.42,11.03,11.35,39365264,13.91,14.28,13.8,14.19,31474100,2026-01-13T03:44:32Z
ORCL,2006-05-12,11.18,11.37,10.83,10.99,49934647,13.98,14.22,13.54,13.74,39924500,2026-01-13T03:44:32Z
ORCL,2006-05-15,11.17,11.22,11.03,11.06,32617554,13.97,14.03,13.8,13.83,26079100,2026-01-13T03:44:32Z
ORCL,2006-05-16,11.35,11.37,11.09,11.12,52871897,14.19,14.22,13.87,13.91,42273300,2026-01-13T03:44:32Z
ORCL,2006-05-17,11.07,11.28,10.99,11.26,60015293,13.85,14.11,13.75,14.08,47984500,2026-01-13T03:44:32Z
ORCL,2006-05-18,11.01,11.19,10.62,11.14,58655958,13.77,13.99,13.28,13.93,46897500,2026-01-13T03:44:32Z
ORCL,2006-05-19,10.95,11.14,10.84,10.88,58021100,13.7,13.93,13.56,13.61,46390200,2026-01-13T03:44:32Z
ORCL,2006-05-22,10.83,10.97,10.79,10.82,36804140,13.55,13.72,13.5,13.53,29426200,2026-01-13T03:44:32Z
ORCL,2006-05-23,10.77,10.91,10.75,10.84,33997686,13.47,13.64,13.44,13.56,27182500,2026-01-13T03:44:32Z
ORCL,2006-05-24,11.02,11.09,10.68,10.7,41255448,13.78,13.87,13.36,13.38,32985200,2026-01-13T03:44:32Z
ORCL,2006-05-25,11.25,11.28,10.95,11,46470333,14.07,14.11,13.7,13.76,37154800,2026-01-13T03:44:32Z
ORCL,2006-05-26,11.23,11.34,11.13,11.23,23354131,14.05,14.18,13.92,14.05,18672500,2026-01-13T03:44:32Z
ORCL,2006-05-30,11.21,11.35,11.1,11.19,32923955,14.02,14.19,13.88,14,26323900,2026-01-13T03:44:32Z
ORCL,2006-05-31,11.37,11.39,11.17,11.2,42865870,14.22,14.25,13.97,14.01,34272800,2026-01-13T03:44:32Z
ORCL,2006-06-01,11.37,11.38,11.16,11.31,47059929,14.22,14.24,13.96,14.14,37626100,2026-01-13T03:44:32Z
ORCL,2006-06-02,11.31,11.42,11.23,11.37,28678464,14.15,14.28,14.04,14.22,22929600,2026-01-13T03:44:32Z
ORCL,2006-06-05,11.08,11.28,11.08,11.23,28128108,13.86,14.11,13.86,14.05,22489500,2026-01-13T03:44:32Z
ORCL,2006-06-06,11.05,11.19,10.87,11.18,39142034,13.82,14,13.6,13.98,31295500,2026-01-13T03:44:32Z
ORCL,2006-06-07,10.83,11.1,10.79,11.09,38027391,13.54,13.88,13.5,13.87,30404500,2026-01-13T03:44:32Z
ORCL,2006-06-08,10.82,10.87,10.55,10.75,63639701,13.53,13.59,13.2,13.45,50882600,2026-01-13T03:44:32Z
ORCL,2006-06-09,10.77,10.83,10.66,10.79,33444367,13.47,13.54,13.33,13.49,26740100,2026-01-13T03:44:32Z
ORCL,2006-06-12,10.59,10.86,10.57,10.76,45808364,13.25,13.58,13.22,13.46,36625600,2026-01-13T03:44:32Z
ORCL,2006-06-13,10.51,10.83,10.47,10.61,45539279,13.15,13.54,13.1,13.27,36410300,2026-01-13T03:44:32Z
ORCL,2006-06-14,10.55,10.63,10.45,10.51,34311958,13.19,13.29,13.07,13.15,27433700,2026-01-13T03:44:32Z
ORCL,2006-06-15,10.95,11.07,10.63,10.66,59886172,13.7,13.84,13.3,13.33,47881400,2026-01-13T03:44:32Z
ORCL,2006-06-16,11.35,11.93,11.27,11.57,144959743,14.19,14.92,14.09,14.47,115901400,2026-01-13T03:44:32Z
ORCL,2006-06-19,11.43,11.64,11.34,11.47,44530333,14.29,14.56,14.18,14.35,35603700,2026-01-13T03:44:32Z
ORCL,2006-06-20,11.39,11.58,11.38,11.53,37519346,14.25,14.48,14.23,14.42,29998100,2026-01-13T03:44:32Z
ORCL,2006-06-21,11.62,11.91,11.42,11.43,72970560,14.53,14.9,14.28,14.29,58342800,2026-01-13T03:44:32Z
ORCL,2006-06-22,11.46,11.75,11.39,11.69,61205607,14.33,14.7,14.25,14.62,48936300,2026-01-13T03:44:32Z
ORCL,2006-06-23,11.91,12.05,11.62,11.74,90828693,14.9,15.07,14.54,14.68,72620896,2026-01-13T03:44:32Z
ORCL,2006-06-26,11.73,11.94,11.61,11.89,40776500,14.67,14.93,14.52,14.87,32602300,2026-01-13T03:44:32Z
ORCL,2006-06-27,11.59,11.73,11.46,11.68,52359743,14.5,14.67,14.33,14.61,41863600,2026-01-13T03:44:32Z
ORCL,2006-06-28,11.66,11.7,11.59,11.59,31683074,14.58,14.63,14.49,14.5,25331900,2026-01-13T03:44:32Z
ORCL,2006-06-29,11.79,11.88,11.51,11.68,65517406,14.74,14.86,14.4,14.61,52383700,2026-01-13T03:44:32Z
ORCL,2006-06-30,11.59,11.97,11.59,11.81,61900271,14.49,14.97,14.49,14.77,49491600,2026-01-13T03:44:32Z
ORCL,2006-07-03,11.84,11.84,11.68,11.68,21224057,14.81,14.81,14.61,14.61,16969500,2026-01-13T03:44:32Z
ORCL,2006-07-05,11.65,11.81,11.63,11.7,36932604,14.57,14.77,14.55,14.63,29529100,2026-01-13T03:44:32Z
ORCL,2006-07-06,11.59,11.71,11.54,11.61,35941258,14.5,14.64,14.43,14.52,28736400,2026-01-13T03:44:32Z
ORCL,2006-07-07,11.82,11.98,11.53,11.59,66577039,14.78,14.98,14.42,14.5,53231000,2026-01-13T03:44:32Z
ORCL,2006-07-10,11.67,11.98,11.51,11.82,41036681,14.59,14.98,14.4,14.78,32810500,2026-01-13T03:44:32Z
ORCL,2006-07-11,11.63,11.66,11.43,11.57,43951314,14.54,14.58,14.29,14.47,35140800,2026-01-13T03:44:32Z
ORCL,2006-07-12,11.37,11.66,11.31,11.6,33334839,14.22,14.59,14.15,14.51,26652400,2026-01-13T03:44:32Z
ORCL,2006-07-13,11.27,11.41,11.01,11.1,66251303,14.1,14.27,13.77,13.88,52970500,2026-01-13T03:44:32Z
ORCL,2006-07-14,11.43,11.51,11.14,11.23,50093044,14.29,14.39,13.93,14.05,40051300,2026-01-13T03:44:32Z
ORCL,2006-07-17,11.53,11.57,11.37,11.38,40597704,14.42,14.47,14.22,14.23,32459300,2026-01-13T03:44:32Z
ORCL,2006-07-18,11.77,11.84,11.47,11.51,65544596,14.72,14.81,14.35,14.39,52405400,2026-01-13T03:44:32Z
ORCL,2006-07-19,12.05,12.16,11.78,11.84,83697219,15.07,15.21,14.73,14.81,66918900,2026-01-13T03:44:32Z
ORCL,2006-07-20,12.09,12.19,11.92,12.04,60717387,15.12,15.24,14.91,15.06,48545800,2026-01-13T03:44:32Z
ORCL,2006-07-21,12.09,12.22,11.96,12.02,71497504,15.12,15.29,14.96,15.03,57164900,2026-01-13T03:44:32Z
ORCL,2006-07-24,11.98,12.13,11.93,12.06,59696115,14.98,15.17,14.92,15.08,47729400,2026-01-13T03:44:32Z
ORCL,2006-07-25,11.94,12.04,11.83,11.95,46208571,14.93,15.06,14.8,14.94,36945500,2026-01-13T03:44:32Z
ORCL,2006-07-26,12.01,12.14,11.8,11.95,44821487,15.02,15.19,14.76,14.94,35836600,2026-01-13T03:44:32Z
ORCL,2006-07-27,11.89,12.14,11.82,12.06,46525988,14.87,15.19,14.79,15.08,37199200,2026-01-13T03:44:32Z
ORCL,2006-07-28,12.05,12.09,11.87,11.94,32315387,15.07,15.12,14.85,14.93,25837300,2026-01-13T03:44:32Z
ORCL,2006-07-31,11.97,12.02,11.85,11.94,43991721,14.97,15.03,14.82,14.93,35173100,2026-01-13T03:44:32Z
ORCL,2006-08-01,11.78,11.95,11.63,11.91,42403592,14.73,14.94,14.55,14.9,33903300,2026-01-13T03:44:32Z
ORCL,2006-08-02,11.84,11.95,11.63,11.75,41803620,14.81,14.94,14.55,14.7,33423700,2026-01-13T03:44:32Z
ORCL,2006-08-03,11.81,12.02,11.78,11.83,39799030,14.77,15.03,14.73,14.8,31820900,2026-01-13T03:44:32Z
ORCL,2006-08-04,11.69,11.89,11.59,11.87,44934617,14.62,14.87,14.49,14.84,35927100,2026-01-13T03:44:32Z
ORCL,2006-08-07,11.69,11.74,11.59,11.71,39626827,14.62,14.69,14.5,14.64,31683300,2026-01-13T03:44:32Z
ORCL,2006-08-08,11.83,11.99,11.72,11.72,52556809,14.8,15,14.66,14.66,42021300,2026-01-13T03:44:32Z
ORCL,2006-08-09,11.95,12.19,11.87,11.95,63292262,14.95,15.25,14.85,14.95,50604600,2026-01-13T03:44:32Z
ORCL,2006-08-10,12.1,12.21,11.88,11.9,43017877,15.13,15.27,14.86,14.88,34394400,2026-01-13T03:44:32Z
ORCL,2006-08-11,11.99,12.12,11.9,12.07,24157649,14.99,15.16,14.89,15.1,19315000,2026-01-13T03:44:32Z
ORCL,2006-08-14,12.22,12.39,12.04,12.08,45425989,15.29,15.5,15.06,15.11,36319700,2026-01-13T03:44:32Z
ORCL,2006-08-15,12.57,12.59,12.34,12.37,59744558,15.72,15.75,15.43,15.47,47767900,2026-01-13T03:44:32Z
ORCL,2006-08-16,12.42,12.59,12.32,12.59,62047559,15.54,15.75,15.41,15.74,49609300,2026-01-13T03:44:32Z
ORCL,2006-08-17,12.64,12.75,12.32,12.33,58050257,15.81,15.95,15.41,15.42,46413400,2026-01-13T03:44:32Z
ORCL,2006-08-18,12.56,12.64,12.31,12.6,41431736,15.71,15.81,15.4,15.76,33126400,2026-01-13T03:44:32Z
ORCL,2006-08-21,12.5,12.62,12.35,12.54,35365103,15.64,15.79,15.45,15.68,28275800,2026-01-13T03:44:32Z
ORCL,2006-08-22,12.38,12.51,12.29,12.5,49509259,15.48,15.65,15.37,15.63,39584700,2026-01-13T03:44:32Z
ORCL,2006-08-23,12.25,12.38,12.18,12.38,47319661,15.32,15.49,15.23,15.48,37833800,2026-01-13T03:44:32Z
ORCL,2006-08-24,12.3,12.39,12.18,12.3,52385106,15.38,15.5,15.23,15.39,41883900,2026-01-13T03:44:32Z
ORCL,2006-08-25,12.32,12.5,12.24,12.28,36142063,15.41,15.63,15.31,15.36,28897000,2026-01-13T03:44:32Z
ORCL,2006-08-28,12.42,12.51,12.28,12.33,35162364,15.54,15.65,15.36,15.42,28113600,2026-01-13T03:44:32Z
ORCL,2006-08-29,12.41,12.51,12.31,12.42,35372261,15.52,15.64,15.4,15.53,28281400,2026-01-13T03:44:32Z
ORCL,2006-08-30,12.6,12.66,12.39,12.44,34151272,15.76,15.83,15.5,15.56,27305200,2026-01-13T03:44:32Z
ORCL,2006-08-31,12.52,12.59,12.39,12.54,34456304,15.66,15.75,15.5,15.68,27549200,2026-01-13T03:44:32Z
ORCL,2006-09-01,12.39,12.66,12.35,12.63,30766738,15.5,15.83,15.45,15.8,24599100,2026-01-13T03:44:32Z
ORCL,2006-09-05,12.66,12.71,12.46,12.47,50393658,15.84,15.89,15.59,15.6,40291700,2026-01-13T03:44:32Z
ORCL,2006-09-06,12.49,12.64,12.45,12.54,56062678,15.62,15.81,15.57,15.68,44824300,2026-01-13T03:44:32Z
ORCL,2006-09-07,12.8,12.95,12.46,12.51,96753024,16.01,16.2,15.58,15.64,77357696,2026-01-13T03:44:32Z
ORCL,2006-09-08,12.72,12.94,12.6,12.83,58193747,15.91,16.18,15.76,16.05,46528300,2026-01-13T03:44:32Z
ORCL,2006-09-11,13.02,13.07,12.59,12.62,53340576,16.29,16.35,15.75,15.79,42647900,2026-01-13T03:44:32Z
ORCL,2006-09-12,13.03,13.1,12.91,13.03,55340323,16.3,16.38,16.15,16.3,44246800,2026-01-13T03:44:32Z
ORCL,2006-09-13,13.1,13.18,12.94,13.04,51057592,16.39,16.48,16.18,16.31,40822400,2026-01-13T03:44:32Z
ORCL,2006-09-14,13.17,13.18,12.95,13.02,34675124,16.47,16.49,16.2,16.28,27724100,2026-01-13T03:44:32Z
ORCL,2006-09-15,13.06,13.3,12.87,13.21,101522402,16.33,16.64,16.1,16.52,81171296,2026-01-13T03:44:32Z
ORCL,2006-09-18,12.99,13.15,12.87,13.11,74217068,16.25,16.45,16.1,16.4,59339400,2026-01-13T03:44:32Z
ORCL,2006-09-19,12.9,13.27,12.85,13.04,114057524,16.13,16.6,16.07,16.31,91193696,2026-01-13T03:44:32Z
ORCL,2006-09-20,14.34,14.62,14.26,14.46,253827489,17.93,18.29,17.84,18.09,202944496,2026-01-13T03:44:32Z
ORCL,2006-09-21,14.46,14.51,14.32,14.34,85130975,18.08,18.15,17.91,17.93,68065696,2026-01-13T03:44:32Z
ORCL,2006-09-22,14.02,14.31,14.02,14.26,62145875,17.54,17.9,17.53,17.83,49688000,2026-01-13T03:44:32Z
ORCL,2006-09-25,14.37,14.38,13.9,14.06,67745861,17.97,17.99,17.39,17.58,54165400,2026-01-13T03:44:32Z
ORCL,2006-09-26,14.54,14.58,14.29,14.29,78268933,18.19,18.24,17.87,17.87,62579000,2026-01-13T03:44:32Z
ORCL,2006-09-27,14.34,14.54,14.31,14.46,42513099,17.93,18.19,17.9,18.08,33990800,2026-01-13T03:44:32Z
ORCL,2006-09-28,14.38,14.51,14.24,14.37,54432266,17.99,18.15,17.81,17.97,43520700,2026-01-13T03:44:32Z
ORCL,2006-09-29,14.18,14.42,14.18,14.35,42033662,17.74,18.03,17.74,17.95,33607500,2026-01-13T03:44:32Z
ORCL,2006-10-02,14.12,14.36,14.06,14.32,51440115,17.66,17.96,17.59,17.91,41128500,2026-01-13T03:44:32Z
ORCL,2006-10-03,14.31,14.43,14.01,14.05,66832359,17.9,18.05,17.52,17.57,53434900,2026-01-13T03:44:32Z
ORCL,2006-10-04,14.53,14.55,14.22,14.3,56940029,18.17,18.2,17.79,17.88,45525700,2026-01-13T03:44:32Z
ORCL,2006-10-05,14.6,14.64,14.5,14.54,54836282,18.26,18.31,18.14,18.18,43843800,2026-01-13T03:44:32Z
ORCL,2006-10-06,14.54,14.76,14.5,14.51,41453681,18.19,18.46,18.13,18.15,33143800,2026-01-13T03:44:32Z
ORCL,2006-10-09,14.83,14.86,14.45,14.52,41696038,18.55,18.59,18.07,18.16,33337500,2026-01-13T03:44:32Z
ORCL,2006-10-10,14.98,14.98,14.77,14.84,62897701,18.74,18.74,18.47,18.56,50289300,2026-01-13T03:44:32Z
ORCL,2006-10-11,14.86,15.02,14.78,14.94,47195555,18.58,18.79,18.48,18.68,37734600,2026-01-13T03:44:32Z
ORCL,2006-10-12,15.18,15.19,14.81,14.91,55935651,18.99,19,18.52,18.65,44722600,2026-01-13T03:44:32Z
ORCL,2006-10-13,15.25,15.3,15.02,15.17,45617188,19.07,19.14,18.78,18.97,36472700,2026-01-13T03:44:32Z
ORCL,2006-10-16,15.18,15.29,15.18,15.27,30439757,18.99,19.13,18.98,19.1,24337700,2026-01-13T03:44:32Z
ORCL,2006-10-17,14.9,15.18,14.87,15.06,34170216,18.63,18.99,18.6,18.84,27320400,2026-01-13T03:44:32Z
ORCL,2006-10-18,14.98,15.15,14.94,15.06,33550493,18.74,18.95,18.69,18.84,26825000,2026-01-13T03:44:32Z
ORCL,2006-10-19,15.09,15.16,14.69,14.92,41649002,18.87,18.96,18.37,18.66,33300000,2026-01-13T03:44:32Z
ORCL,2006-10-20,15.18,15.21,14.94,15.15,29379274,18.98,19.02,18.68,18.95,23489800,2026-01-13T03:44:32Z
ORCL,2006-10-23,15.31,15.39,15.09,15.17,36941093,19.15,19.25,18.87,18.97,29535900,2026-01-13T03:44:32Z
ORCL,2006-10-24,15.1,15.31,14.98,15.24,38050903,18.89,19.15,18.74,19.06,30423200,2026-01-13T03:44:32Z
ORCL,2006-10-25,14.89,15.18,14.83,15.12,45144066,18.62,18.98,18.55,18.91,36094400,2026-01-13T03:44:32Z
ORCL,2006-10-26,14.97,15.1,14.77,14.96,37511666,18.72,18.88,18.47,18.71,29992100,2026-01-13T03:44:32Z
ORCL,2006-10-27,14.47,14.86,14.44,14.86,52641792,18.1,18.59,18.06,18.59,42089000,2026-01-13T03:44:32Z
ORCL,2006-10-30,14.81,14.86,14.21,14.35,37170201,18.52,18.59,17.77,17.95,29719100,2026-01-13T03:44:32Z
ORCL,2006-10-31,14.77,14.94,14.72,14.82,35259406,18.47,18.68,18.41,18.54,28191300,2026-01-13T03:44:32Z
ORCL,2006-11-01,14.77,14.91,14.66,14.84,39797143,18.47,18.65,18.34,18.56,31819400,2026-01-13T03:44:32Z
ORCL,2006-11-02,14.61,14.77,14.43,14.75,43281372,18.27,18.47,18.05,18.45,34605200,2026-01-13T03:44:32Z
ORCL,2006-11-03,14.22,14.66,14.13,14.65,59078934,17.78,18.34,17.67,18.32,47235900,2026-01-13T03:44:32Z
ORCL,2006-11-06,14.47,14.58,14.25,14.31,47649393,18.1,18.23,17.82,17.9,38097400,2026-01-13T03:44:32Z
ORCL,2006-11-07,14.55,14.59,14.38,14.49,34198229,18.2,18.25,17.99,18.12,27342800,2026-01-13T03:44:32Z
ORCL,2006-11-08,14.68,14.74,14.43,14.52,31149153,18.36,18.43,18.05,18.16,24904900,2026-01-13T03:44:32Z
ORCL,2006-11-09,14.82,15.03,14.62,14.72,50811716,18.54,18.8,18.29,18.41,40625800,2026-01-13T03:44:32Z
ORCL,2006-11-10,15.02,15.09,14.88,14.91,30024012,18.78,18.87,18.61,18.65,24005300,2026-01-13T03:44:32Z
ORCL,2006-11-13,15.34,15.36,14.99,15.02,42961514,19.18,19.21,18.75,18.79,34349500,2026-01-13T03:44:32Z
ORCL,2006-11-14,15.33,15.37,15.13,15.34,42181078,19.17,19.22,18.92,19.18,33725500,2026-01-13T03:44:32Z
ORCL,2006-11-15,15.29,15.41,15.25,15.3,24037705,19.12,19.27,19.07,19.14,19219100,2026-01-13T03:44:32Z
ORCL,2006-11-16,15.27,15.35,15.1,15.32,27684819,19.1,19.2,18.89,19.16,22135100,2026-01-13T03:44:32Z
ORCL,2006-11-17,15.56,15.57,15.18,15.19,42644274,19.46,19.47,18.98,19,34095700,2026-01-13T03:44:32Z
ORCL,2006-11-20,15.57,15.65,15.45,15.46,29749306,19.48,19.58,19.32,19.33,23785700,2026-01-13T03:44:32Z
ORCL,2006-11-21,15.57,15.58,15.37,15.56,25505604,19.48,19.49,19.22,19.46,20392700,2026-01-13T03:44:32Z
ORCL,2006-11-22,15.72,15.79,15.57,15.58,28154664,19.66,19.75,19.48,19.49,22510700,2026-01-13T03:44:32Z
ORCL,2006-11-24,15.67,15.78,15.49,15.56,10003867,19.6,19.73,19.38,19.46,7998500,2026-01-13T03:44:32Z
ORCL,2006-11-27,15.13,15.63,15.05,15.57,45828340,18.92,19.55,18.83,19.48,36641600,2026-01-13T03:44:32Z
ORCL,2006-11-28,15.11,15.21,14.97,15.02,47710824,18.9,19.03,18.72,18.78,38146700,2026-01-13T03:44:32Z
ORCL,2006-11-29,15.31,15.46,15.12,15.22,28871583,19.15,19.34,18.91,19.04,23084000,2026-01-13T03:44:32Z
ORCL,2006-11-30,15.23,15.44,15.21,15.29,39569594,19.05,19.31,19.03,19.13,31637400,2026-01-13T03:44:32Z
ORCL,2006-12-01,15.04,15.28,14.89,15.28,43994809,18.81,19.11,18.63,19.11,35175500,2026-01-13T03:44:32Z
ORCL,2006-12-04,15.42,15.46,14.99,15.1,59316977,19.28,19.34,18.75,18.88,47426200,2026-01-13T03:44:32Z
ORCL,2006-12-05,15.08,15.46,15.02,15.45,68693862,18.86,19.33,18.78,19.32,54923400,2026-01-13T03:44:32Z
ORCL,2006-12-06,14.3,14.73,14.22,14.7,118686863,17.88,18.42,17.78,18.39,94894400,2026-01-13T03:44:32Z
ORCL,2006-12-07,13.99,14.15,13.85,14.09,116448124,17.5,17.7,17.32,17.62,93104600,2026-01-13T03:44:32Z
ORCL,2006-12-08,14.23,14.3,14.02,14.06,46983553,17.8,17.88,17.53,17.59,37565200,2026-01-13T03:44:32Z
ORCL,2006-12-11,14.45,14.59,14.16,14.21,54888516,18.07,18.25,17.71,17.77,43885600,2026-01-13T03:44:32Z
ORCL,2006-12-12,14.38,14.57,14.26,14.56,51964090,17.99,18.22,17.83,18.21,41547300,2026-01-13T03:44:32Z
ORCL,2006-12-13,14.41,14.59,14.3,14.57,42311611,18.02,18.25,17.88,18.22,33829800,2026-01-13T03:44:32Z
ORCL,2006-12-14,14.41,14.59,14.34,14.45,33747557,18.02,18.25,17.94,18.07,26982500,2026-01-13T03:44:32Z
ORCL,2006-12-15,14.14,14.42,14.06,14.4,87706347,17.68,18.03,17.59,18.01,70124400,2026-01-13T03:44:32Z
ORCL,2006-12-18,14.32,14.53,14.11,14.24,72696610,17.91,18.17,17.65,17.81,58123600,2026-01-13T03:44:32Z
ORCL,2006-12-19,13.67,13.8,13.54,13.71,127492506,17.1,17.26,16.93,17.15,101935104,2026-01-13T03:44:32Z
ORCL,2006-12-20,13.67,13.77,13.62,13.66,60886164,17.1,17.22,17.03,17.09,48680800,2026-01-13T03:44:32Z
ORCL,2006-12-21,13.67,13.75,13.66,13.7,43290374,17.1,17.2,17.09,17.14,34612300,2026-01-13T03:44:32Z
ORCL,2006-12-22,13.68,13.79,13.63,13.68,24682745,17.11,17.25,17.05,17.11,19734800,2026-01-13T03:44:32Z
ORCL,2006-12-26,13.7,13.79,13.58,13.61,18827351,17.13,17.25,16.99,17.02,15053200,2026-01-13T03:44:32Z
ORCL,2006-12-27,13.67,13.78,13.65,13.78,20605150,17.1,17.24,17.07,17.23,16474600,2026-01-13T03:44:32Z
ORCL,2006-12-28,13.75,13.79,13.62,13.7,25133055,17.2,17.25,17.04,17.13,20094900,2026-01-13T03:44:32Z
ORCL,2006-12-29,13.7,13.9,13.66,13.69,29504497,17.14,17.38,17.08,17.12,23590000,2026-01-13T03:44:32Z
ORCL,2007-01-03,14,14.22,13.67,13.77,63571887,17.51,17.78,17.1,17.22,50828100,2026-01-13T03:44:32Z
ORCL,2007-01-04,14.14,14.29,13.83,14.03,41959949,17.68,17.87,17.3,17.55,33548500,2026-01-13T03:44:32Z
ORCL,2007-01-05,14.1,14.2,13.94,14.09,42255128,17.64,17.76,17.44,17.62,33784700,2026-01-13T03:44:32Z
ORCL,2007-01-08,14.28,14.34,13.95,14.1,38668193,17.86,17.93,17.45,17.63,30916800,2026-01-13T03:44:32Z
ORCL,2007-01-09,14.25,14.38,14.11,14.34,39239693,17.82,17.98,17.65,17.93,31373700,2026-01-13T03:44:32Z
ORCL,2007-01-10,14.21,14.23,14.03,14.12,34469384,17.77,17.8,17.55,17.66,27559600,2026-01-13T03:44:32Z
ORCL,2007-01-11,13.9,14.24,13.87,14.22,81761010,17.39,17.81,17.35,17.79,65371200,2026-01-13T03:44:32Z
ORCL,2007-01-12,13.99,14.03,13.82,13.87,53187145,17.5,17.55,17.28,17.35,42525100,2026-01-13T03:44:32Z
ORCL,2007-01-16,13.83,13.98,13.8,13.9,44631297,17.3,17.48,17.26,17.39,35684400,2026-01-13T03:44:32Z
ORCL,2007-01-17,14.01,14.16,13.82,13.82,39246182,17.52,17.71,17.28,17.29,31378800,2026-01-13T03:44:32Z
ORCL,2007-01-18,13.69,14.01,13.67,13.98,76837826,17.12,17.52,17.1,17.48,61434800,2026-01-13T03:44:32Z
ORCL,2007-01-19,13.81,13.95,13.6,13.64,36104033,17.27,17.45,17.01,17.06,28866500,2026-01-13T03:44:32Z
ORCL,2007-01-22,13.59,14.24,13.41,13.79,65986220,17,17.81,16.77,17.25,52758700,2026-01-13T03:44:32Z
ORCL,2007-01-23,13.69,13.84,13.6,13.6,41344226,17.12,17.31,17.01,17.01,33056300,2026-01-13T03:44:32Z
ORCL,2007-01-24,13.7,13.82,13.66,13.68,39097649,17.14,17.29,17.09,17.11,31260100,2026-01-13T03:44:32Z
ORCL,2007-01-25,13.58,13.77,13.54,13.7,44834617,16.98,17.22,16.93,17.13,35847100,2026-01-13T03:44:32Z
ORCL,2007-01-26,13.71,13.83,13.62,13.62,45038555,17.15,17.3,17.03,17.04,36010100,2026-01-13T03:44:32Z
ORCL,2007-01-29,13.81,13.83,13.62,13.66,41889132,17.27,17.3,17.03,17.09,33491900,2026-01-13T03:44:32Z
ORCL,2007-01-30,13.72,13.99,13.66,13.85,53304547,17.16,17.5,17.09,17.32,42619100,2026-01-13T03:44:32Z
ORCL,2007-01-31,13.72,13.75,13.43,13.68,49634813,17.16,17.2,16.8,17.11,39685000,2026-01-13T03:44:32Z
ORCL,2007-02-01,13.63,13.86,13.62,13.77,36384822,17.05,17.34,17.03,17.22,29091000,2026-01-13T03:44:32Z
ORCL,2007-02-02,13.93,13.94,13.68,13.7,51455662,17.42,17.44,17.11,17.14,41140900,2026-01-13T03:44:32Z
ORCL,2007-02-05,13.72,13.94,13.66,13.87,35669150,17.16,17.43,17.08,17.35,28518900,2026-01-13T03:44:32Z
ORCL,2007-02-06,13.61,13.74,13.48,13.7,39295925,17.02,17.19,16.86,17.13,31418500,2026-01-13T03:44:32Z
ORCL,2007-02-07,13.52,13.69,13.47,13.68,56514587,16.91,17.12,16.85,17.11,45185600,2026-01-13T03:44:32Z
ORCL,2007-02-08,13.36,13.53,13.32,13.49,57140283,16.71,16.92,16.66,16.87,45685900,2026-01-13T03:44:32Z
ORCL,2007-02-09,13.35,13.54,13.22,13.42,51794854,16.7,16.94,16.54,16.79,41412000,2026-01-13T03:44:32Z
ORCL,2007-02-12,13.31,13.36,13.2,13.31,39819269,16.65,16.71,16.51,16.65,31837000,2026-01-13T03:44:32Z
ORCL,2007-02-13,13.29,13.36,13.22,13.36,33879373,16.62,16.71,16.53,16.71,27087800,2026-01-13T03:44:32Z
ORCL,2007-02-14,13.41,13.54,13.34,13.38,52890604,16.77,16.94,16.68,16.74,42288200,2026-01-13T03:44:32Z
ORCL,2007-02-15,13.52,13.53,13.34,13.46,42367927,16.91,16.92,16.68,16.84,33874800,2026-01-13T03:44:32Z
ORCL,2007-02-16,13.35,13.58,13.35,13.5,42673596,16.7,16.98,16.7,16.89,34119200,2026-01-13T03:44:32Z
ORCL,2007-02-20,13.58,13.58,13.25,13.34,39929426,16.98,16.98,16.57,16.69,31925200,2026-01-13T03:44:32Z
ORCL,2007-02-21,13.75,13.82,13.55,13.57,63373263,17.2,17.28,16.95,16.97,50669500,2026-01-13T03:44:32Z
ORCL,2007-02-22,13.81,13.83,13.6,13.8,41234504,17.27,17.3,17.01,17.26,32968500,2026-01-13T03:44:32Z
ORCL,2007-02-23,13.45,13.8,13.36,13.78,67775285,16.82,17.26,16.71,17.24,54188800,2026-01-13T03:44:32Z
ORCL,2007-02-26,13.45,13.61,12.79,13.52,40994887,16.82,17.02,16,16.91,32776900,2026-01-13T03:44:32Z
ORCL,2007-02-27,13.02,13.43,13.02,13.31,49497992,16.29,16.8,16.29,16.65,39575600,2026-01-13T03:44:32Z
ORCL,2007-02-28,13.14,13.46,13.04,13.09,59506659,16.43,16.84,16.31,16.37,47577800,2026-01-13T03:44:32Z
ORCL,2007-03-01,13.41,13.62,12.77,12.88,102043689,16.77,17.04,15.97,16.11,81588096,2026-01-13T03:44:32Z
ORCL,2007-03-02,13.36,13.5,13.22,13.3,46658870,16.71,16.89,16.53,16.63,37305600,2026-01-13T03:44:32Z
ORCL,2007-03-05,13.09,13.59,13.06,13.21,42471773,16.37,17,16.34,16.52,33957700,2026-01-13T03:44:32Z
ORCL,2007-03-06,13.5,13.53,13.18,13.21,47844385,16.88,16.92,16.49,16.52,38253400,2026-01-13T03:44:32Z
ORCL,2007-03-07,13.18,13.47,13.16,13.41,38298814,16.49,16.85,16.46,16.77,30621400,2026-01-13T03:44:32Z
ORCL,2007-03-08,13.34,13.53,13.3,13.35,38099471,16.69,16.92,16.63,16.7,30462000,2026-01-13T03:44:32Z
ORCL,2007-03-09,13.3,13.55,13.25,13.44,30266015,16.63,16.95,16.57,16.81,24198800,2026-01-13T03:44:32Z
ORCL,2007-03-12,13.65,13.66,13.27,13.28,38287274,17.07,17.09,16.6,16.61,30612100,2026-01-13T03:44:32Z
ORCL,2007-03-13,13.31,13.76,13.31,13.54,39260695,16.65,17.21,16.65,16.93,31390400,2026-01-13T03:44:32Z
ORCL,2007-03-14,13.5,13.54,13.32,13.38,42123829,16.88,16.94,16.66,16.74,33679600,2026-01-13T03:44:32Z
ORCL,2007-03-15,13.37,13.54,13.31,13.47,30026908,16.72,16.94,16.65,16.85,24007700,2026-01-13T03:44:32Z
ORCL,2007-03-16,13.35,13.47,13.29,13.35,42788163,16.7,16.85,16.62,16.7,34210800,2026-01-13T03:44:32Z
ORCL,2007-03-19,13.74,13.78,13.46,13.46,36889079,17.18,17.23,16.83,16.83,29494300,2026-01-13T03:44:32Z
ORCL,2007-03-20,14.03,14.15,13.7,13.79,82204168,17.55,17.7,17.14,17.25,65725400,2026-01-13T03:44:32Z
ORCL,2007-03-21,14.53,14.7,14.22,14.64,119079928,18.17,18.39,17.78,18.31,95208896,2026-01-13T03:44:32Z
ORCL,2007-03-22,14.78,14.83,14.35,14.41,61875929,18.49,18.55,17.95,18.02,49472300,2026-01-13T03:44:32Z
ORCL,2007-03-23,14.58,14.86,14.54,14.77,42730598,18.24,18.59,18.18,18.47,34164800,2026-01-13T03:44:32Z
ORCL,2007-03-26,14.7,14.74,14.41,14.57,40241373,18.39,18.43,18.02,18.22,32174500,2026-01-13T03:44:32Z
ORCL,2007-03-27,14.78,14.79,14.67,14.67,41373525,18.49,18.5,18.35,18.35,33079800,2026-01-13T03:44:32Z
ORCL,2007-03-28,14.53,14.79,14.51,14.66,42106581,18.17,18.5,18.15,18.34,33665800,2026-01-13T03:44:32Z
ORCL,2007-03-29,14.52,14.66,14.35,14.66,36053846,18.16,18.33,17.95,18.33,28826400,2026-01-13T03:44:32Z
ORCL,2007-03-30,14.5,14.61,14.3,14.51,26051337,18.13,18.27,17.89,18.15,20829000,2026-01-13T03:44:32Z
ORCL,2007-04-02,14.5,14.54,14.38,14.46,25793553,18.14,18.18,17.99,18.08,20622900,2026-01-13T03:44:32Z
ORCL,2007-04-03,14.68,14.77,14.53,14.57,40085826,18.36,18.47,18.17,18.22,32050100,2026-01-13T03:44:32Z
ORCL,2007-04-04,14.84,14.85,14.66,14.67,28838202,18.56,18.57,18.33,18.35,23057200,2026-01-13T03:44:32Z
ORCL,2007-04-05,14.93,14.93,14.7,14.79,27362380,18.67,18.67,18.39,18.5,21877300,2026-01-13T03:44:32Z
ORCL,2007-04-09,14.85,14.95,14.82,14.92,24686166,18.57,18.7,18.54,18.66,19737500,2026-01-13T03:44:32Z
ORCL,2007-04-10,15.07,15.1,14.94,15.02,30501848,18.85,18.88,18.68,18.78,24387400,2026-01-13T03:44:32Z
ORCL,2007-04-11,14.86,15.12,14.76,15.11,37288186,18.59,18.91,18.46,18.9,29813300,2026-01-13T03:44:32Z
ORCL,2007-04-12,14.95,14.96,14.74,14.88,28385443,18.7,18.71,18.44,18.61,22695300,2026-01-13T03:44:32Z
ORCL,2007-04-13,14.9,15.07,14.76,15.03,40186185,18.63,18.85,18.46,18.8,32130400,2026-01-13T03:44:32Z
ORCL,2007-04-16,15.11,15.15,14.92,14.93,33293280,18.9,18.95,18.66,18.67,26619300,2026-01-13T03:44:32Z
ORCL,2007-04-17,15.1,15.19,15.03,15.03,32857039,18.89,19,18.8,18.8,26270500,2026-01-13T03:44:32Z
ORCL,2007-04-18,14.98,15.1,14.95,15.03,39498668,18.73,18.88,18.7,18.8,31580800,2026-01-13T03:44:32Z
ORCL,2007-04-19,15,15.07,14.83,14.83,39411848,18.76,18.85,18.55,18.55,31511200,2026-01-13T03:44:32Z
ORCL,2007-04-20,15.19,15.24,15.05,15.18,46839491,19,19.06,18.82,18.98,37449900,2026-01-13T03:44:32Z
ORCL,2007-04-23,15.14,15.26,15.11,15.17,30683243,18.94,19.09,18.9,18.97,24532500,2026-01-13T03:44:32Z
ORCL,2007-04-24,15.05,15.23,14.99,15.22,26103956,18.82,19.05,18.75,19.04,20871100,2026-01-13T03:44:32Z
ORCL,2007-04-25,15.11,15.18,14.95,15.11,30931797,18.9,18.99,18.7,18.9,24731200,2026-01-13T03:44:32Z
ORCL,2007-04-26,15.15,15.19,15,15.01,20818572,18.95,19,18.76,18.77,16645300,2026-01-13T03:44:32Z
ORCL,2007-04-27,15.27,15.42,15.1,15.16,31346802,19.1,19.29,18.88,18.96,25063000,2026-01-13T03:44:32Z
ORCL,2007-04-30,15.03,15.31,15.03,15.25,33971649,18.8,19.15,18.8,19.07,27161600,2026-01-13T03:44:32Z
ORCL,2007-05-01,14.86,15.05,14.83,14.99,41692110,18.59,18.82,18.55,18.75,33334400,2026-01-13T03:44:32Z
ORCL,2007-05-02,15.08,15.18,14.88,14.93,27615923,18.86,18.98,18.61,18.67,22080000,2026-01-13T03:44:32Z
ORCL,2007-05-03,15.21,15.22,15.03,15.14,22839334,19.02,19.04,18.8,18.94,18260900,2026-01-13T03:44:32Z
ORCL,2007-05-04,15.22,15.23,15.01,15.22,30559664,19.03,19.05,18.77,19.04,24433600,2026-01-13T03:44:32Z
ORCL,2007-05-07,15.23,15.31,15.18,15.28,20394650,19.05,19.15,18.99,19.11,16306300,2026-01-13T03:44:32Z
ORCL,2007-05-08,15.15,15.22,15.1,15.15,21472697,18.95,19.04,18.88,18.95,17168300,2026-01-13T03:44:32Z
ORCL,2007-05-09,15.06,15.12,14.85,15.12,28136124,18.83,18.91,18.57,18.91,22495900,2026-01-13T03:44:32Z
ORCL,2007-05-10,14.78,15.12,14.78,14.94,38547901,18.49,18.91,18.48,18.69,30820600,2026-01-13T03:44:32Z
ORCL,2007-05-11,15.18,15.22,14.81,14.87,38574354,18.98,19.04,18.52,18.6,30841600,2026-01-13T03:44:32Z
ORCL,2007-05-14,15.14,15.26,15.01,15.15,21913207,18.94,19.08,18.77,18.95,17520500,2026-01-13T03:44:32Z
ORCL,2007-05-15,15.06,15.33,15.05,15.12,29556185,18.84,19.17,18.83,18.91,23631300,2026-01-13T03:44:32Z
ORCL,2007-05-16,15.18,15.18,14.91,15.08,30583841,18.99,18.99,18.65,18.86,24452900,2026-01-13T03:44:32Z
ORCL,2007-05-17,15.23,15.28,15.04,15.08,26353215,19.05,19.11,18.81,18.86,21070400,2026-01-13T03:44:32Z
ORCL,2007-05-18,15.39,15.39,15.2,15.25,32361952,19.25,19.25,19.01,19.07,25874600,2026-01-13T03:44:32Z
ORCL,2007-05-21,15.45,15.45,15.28,15.35,22809385,19.32,19.32,19.11,19.2,18237000,2026-01-13T03:44:32Z
ORCL,2007-05-22,15.49,15.56,15.35,15.5,27798217,19.37,19.46,19.2,19.39,22225800,2026-01-13T03:44:32Z
ORCL,2007-05-23,15.32,15.57,15.31,15.49,28863571,19.16,19.47,19.15,19.38,23077600,2026-01-13T03:44:32Z
ORCL,2007-05-24,14.99,15.42,14.93,15.3,41803370,18.75,19.29,18.67,19.14,33423300,2026-01-13T03:44:32Z
ORCL,2007-05-25,15.38,15.43,15.06,15.1,30817319,19.24,19.3,18.84,18.89,24639600,2026-01-13T03:44:32Z
ORCL,2007-05-29,15.44,15.58,15.34,15.42,33788339,19.31,19.49,19.19,19.29,27015100,2026-01-13T03:44:32Z
ORCL,2007-05-30,15.53,15.53,15.28,15.39,35898920,19.42,19.42,19.11,19.25,28702500,2026-01-13T03:44:32Z
ORCL,2007-05-31,15.5,15.67,15.4,15.5,40604183,19.38,19.6,19.26,19.39,32464700,2026-01-13T03:44:32Z
ORCL,2007-06-01,15.72,15.75,15.49,15.65,32189624,19.66,19.7,19.38,19.57,25736800,2026-01-13T03:44:32Z
ORCL,2007-06-04,15.73,15.74,15.5,15.63,27410976,19.67,19.69,19.39,19.55,21916100,2026-01-13T03:44:32Z
ORCL,2007-06-05,15.57,15.7,15.46,15.67,32888367,19.48,19.64,19.33,19.6,26295500,2026-01-13T03:44:32Z
ORCL,2007-06-06,15.47,15.51,15.28,15.47,38898991,19.35,19.4,19.11,19.35,31101300,2026-01-13T03:44:32Z
ORCL,2007-06-07,14.98,15.47,14.97,15.31,49846356,18.73,19.35,18.73,19.15,39854200,2026-01-13T03:44:32Z
ORCL,2007-06-08,15.24,15.27,14.97,14.97,44345094,19.06,19.1,18.73,18.73,35455600,2026-01-13T03:44:32Z
ORCL,2007-06-11,15.36,15.45,15.11,15.13,31263479,19.21,19.32,18.9,18.93,24996300,2026-01-13T03:44:32Z
ORCL,2007-06-12,15.06,15.49,15.04,15.36,42227125,18.84,19.37,18.81,19.21,33762200,2026-01-13T03:44:32Z
ORCL,2007-06-13,15.43,15.43,14.97,15.09,37218701,19.3,19.3,18.72,18.87,29757800,2026-01-13T03:44:32Z
ORCL,2007-06-14,15.7,15.74,15.58,15.63,51553483,19.64,19.69,19.49,19.55,41218900,2026-01-13T03:44:32Z
ORCL,2007-06-15,15.88,15.95,15.79,15.92,50563029,19.86,19.95,19.75,19.91,40427000,2026-01-13T03:44:32Z
ORCL,2007-06-18,15.82,15.94,15.69,15.93,45819966,19.79,19.94,19.62,19.92,36634900,2026-01-13T03:44:32Z
ORCL,2007-06-19,15.89,15.95,15.7,15.82,30475127,19.88,19.95,19.63,19.79,24366000,2026-01-13T03:44:32Z
ORCL,2007-06-20,15.62,15.96,15.61,15.96,43699048,19.53,19.96,19.52,19.96,34939100,2026-01-13T03:44:32Z
ORCL,2007-06-21,15.73,15.78,15.56,15.65,34976467,19.68,19.73,19.46,19.57,27965000,2026-01-13T03:44:32Z
ORCL,2007-06-22,15.5,15.71,15.5,15.67,48271816,19.39,19.65,19.39,19.6,38595300,2026-01-13T03:44:32Z
ORCL,2007-06-25,15.57,15.72,15.36,15.55,35487994,19.48,19.66,19.21,19.45,28374000,2026-01-13T03:44:32Z
ORCL,2007-06-26,15.32,15.73,15.21,15.69,61386618,19.16,19.68,19.02,19.62,49081100,2026-01-13T03:44:32Z
ORCL,2007-06-27,15.74,15.81,15.41,15.45,95178609,19.69,19.77,19.27,19.32,76098896,2026-01-13T03:44:32Z
ORCL,2007-06-28,15.87,16.04,15.68,15.69,58093658,19.85,20.06,19.61,19.62,46448000,2026-01-13T03:44:32Z
ORCL,2007-06-29,15.76,16.01,15.62,15.95,39345203,19.71,20.02,19.54,19.95,31458000,2026-01-13T03:44:32Z
ORCL,2007-07-02,15.93,15.98,15.77,15.89,29711528,19.92,19.99,19.72,19.88,23755500,2026-01-13T03:44:32Z
ORCL,2007-07-03,16.05,16.05,15.91,15.97,23450833,20.07,20.07,19.9,19.97,18749800,2026-01-13T03:44:32Z
ORCL,2007-07-05,16.38,16.39,15.96,16.04,45653707,20.49,20.5,19.96,20.06,36501800,2026-01-13T03:44:32Z
ORCL,2007-07-06,16.31,16.38,16.19,16.35,33476406,20.4,20.49,20.25,20.45,26765700,2026-01-13T03:44:32Z
ORCL,2007-07-09,16.12,16.18,16.05,16.18,34108791,20.16,20.24,20.07,20.24,27271300,2026-01-13T03:44:32Z
ORCL,2007-07-10,15.77,16.11,15.75,16,36594983,19.72,20.15,19.7,20.01,29259100,2026-01-13T03:44:32Z
ORCL,2007-07-11,15.97,15.99,15.77,15.81,37304221,19.98,20,19.72,19.77,29826200,2026-01-13T03:44:32Z
ORCL,2007-07-12,16.39,16.4,15.97,16.03,44904640,20.5,20.51,19.97,20.05,35902900,2026-01-13T03:44:32Z
ORCL,2007-07-13,16.31,16.39,16.19,16.39,28961680,20.4,20.5,20.25,20.5,23156000,2026-01-13T03:44:32Z
ORCL,2007-07-16,16.15,16.37,16.13,16.22,24794144,20.2,20.47,20.17,20.29,19823900,2026-01-13T03:44:32Z
ORCL,2007-07-17,16.29,16.37,16.16,16.19,27225071,20.38,20.47,20.21,20.25,21767500,2026-01-13T03:44:32Z
ORCL,2007-07-18,16.32,16.33,16.12,16.15,38361836,20.41,20.42,20.16,20.2,30671800,2026-01-13T03:44:32Z
ORCL,2007-07-19,16.47,16.57,16.41,16.44,36666509,20.6,20.72,20.52,20.56,29316300,2026-01-13T03:44:32Z
ORCL,2007-07-20,16.48,16.74,16.3,16.7,54880869,20.61,20.94,20.38,20.89,43879400,2026-01-13T03:44:32Z
ORCL,2007-07-23,16.61,16.72,16.5,16.64,36765229,20.78,20.91,20.64,20.81,29395200,2026-01-13T03:44:32Z
ORCL,2007-07-24,16.5,16.77,16.42,16.61,48112679,20.64,20.98,20.54,20.78,38468000,2026-01-13T03:44:32Z
ORCL,2007-07-25,16.45,16.58,16.31,16.55,38793007,20.58,20.74,20.4,20.7,31016500,2026-01-13T03:44:32Z
ORCL,2007-07-26,16,16.36,15.78,16.16,52002135,20.01,20.46,19.74,20.21,41577800,2026-01-13T03:44:32Z
ORCL,2007-07-27,15.69,16.17,15.67,15.99,40388418,19.62,20.22,19.6,20,32292000,2026-01-13T03:44:32Z
ORCL,2007-07-30,15.65,15.73,15.46,15.69,27364973,19.58,19.67,19.34,19.62,21879400,2026-01-13T03:44:32Z
ORCL,2007-07-31,15.29,15.85,15.28,15.82,44835673,19.12,19.82,19.11,19.79,35847900,2026-01-13T03:44:32Z
ORCL,2007-08-01,15.82,15.85,15.05,15.13,68492244,19.79,19.82,18.83,18.93,54762300,2026-01-13T03:44:32Z
ORCL,2007-08-02,16.06,16.16,15.73,15.8,39319500,20.09,20.21,19.67,19.76,31437400,2026-01-13T03:44:32Z
ORCL,2007-08-03,15.72,16.14,15.72,16.06,43861378,19.66,20.19,19.66,20.09,35068800,2026-01-13T03:44:32Z
ORCL,2007-08-06,16.05,16.07,15.78,15.85,36659344,20.08,20.1,19.73,19.82,29310500,2026-01-13T03:44:32Z
ORCL,2007-08-07,15.73,16.05,15.59,15.88,43153315,19.68,20.08,19.5,19.86,34502700,2026-01-13T03:44:32Z
ORCL,2007-08-08,16.15,16.16,15.83,15.96,33362202,20.2,20.21,19.8,19.96,26674400,2026-01-13T03:44:32Z
ORCL,2007-08-09,16.06,16.23,15.89,15.94,41784803,20.09,20.3,19.87,19.94,33408500,2026-01-13T03:44:32Z
ORCL,2007-08-10,15.98,16.19,15.73,15.79,45987830,19.99,20.25,19.67,19.75,36769100,2026-01-13T03:44:32Z
ORCL,2007-08-13,15.77,15.96,15.71,15.94,27366158,19.72,19.96,19.65,19.93,21880300,2026-01-13T03:44:32Z
ORCL,2007-08-14,15.47,15.84,15.45,15.83,27848888,19.35,19.81,19.32,19.8,22266300,2026-01-13T03:44:32Z
ORCL,2007-08-15,15.34,15.76,15.29,15.39,33985114,19.18,19.71,19.13,19.25,27172500,2026-01-13T03:44:32Z
ORCL,2007-08-16,15.3,15.57,15.04,15.29,52727800,19.14,19.48,18.81,19.13,42158000,2026-01-13T03:44:32Z
ORCL,2007-08-17,15.47,15.63,15.2,15.45,45321809,19.35,19.55,19.01,19.32,36236600,2026-01-13T03:44:32Z
ORCL,2007-08-20,15.28,15.52,15.15,15.39,29968252,19.11,19.41,18.95,19.25,23960800,2026-01-13T03:44:32Z
ORCL,2007-08-21,15.41,15.46,15.16,15.16,29725537,19.27,19.34,18.96,18.96,23766700,2026-01-13T03:44:32Z
ORCL,2007-08-22,15.45,15.53,15.25,15.5,29162292,19.32,19.42,19.07,19.39,23316400,2026-01-13T03:44:32Z
ORCL,2007-08-23,15.49,15.74,15.37,15.49,39027169,19.37,19.69,19.22,19.38,31203800,2026-01-13T03:44:32Z
ORCL,2007-08-24,15.94,15.97,15.43,15.65,33460550,19.94,19.97,19.3,19.58,26753000,2026-01-13T03:44:32Z
ORCL,2007-08-27,15.88,16.01,15.79,15.95,22653868,19.86,20.02,19.75,19.95,18112600,2026-01-13T03:44:32Z
ORCL,2007-08-28,15.48,15.88,15.46,15.83,25820713,19.36,19.86,19.33,19.8,20644700,2026-01-13T03:44:32Z
ORCL,2007-08-29,16.09,16.11,15.49,15.52,38759381,20.13,20.15,19.37,19.41,30989600,2026-01-13T03:44:32Z
ORCL,2007-08-30,16.16,16.33,15.84,15.96,38020113,20.21,20.42,19.81,19.96,30398600,2026-01-13T03:44:32Z
ORCL,2007-08-31,16.21,16.38,16.11,16.34,30058917,20.28,20.48,20.15,20.43,24033200,2026-01-13T03:44:32Z
ORCL,2007-09-04,16.57,16.69,16.15,16.18,46153477,20.72,20.88,20.2,20.24,36901400,2026-01-13T03:44:32Z
ORCL,2007-09-05,16.57,16.67,16.36,16.38,38203363,20.73,20.85,20.46,20.49,30545000,2026-01-13T03:44:32Z
ORCL,2007-09-06,16.42,16.58,16.25,16.57,32969186,20.54,20.74,20.33,20.72,26360100,2026-01-13T03:44:32Z
ORCL,2007-09-07,16.12,16.31,15.97,16.17,36510803,20.16,20.4,19.97,20.22,29191800,2026-01-13T03:44:32Z
ORCL,2007-09-10,16.13,16.36,15.97,16.26,31660999,20.17,20.46,19.98,20.34,25314200,2026-01-13T03:44:32Z
ORCL,2007-09-11,16.36,16.41,16.11,16.18,26101362,20.46,20.52,20.15,20.23,20869100,2026-01-13T03:44:32Z
ORCL,2007-09-12,16.42,16.49,16.23,16.27,38541657,20.54,20.62,20.3,20.35,30815500,2026-01-13T03:44:32Z
ORCL,2007-09-13,16.35,16.55,16.26,16.52,30651112,20.45,20.7,20.34,20.66,24506800,2026-01-13T03:44:32Z
ORCL,2007-09-14,16.05,16.33,16,16.29,44352315,20.07,20.42,20.01,20.37,35461300,2026-01-13T03:44:32Z
ORCL,2007-09-17,16.01,16.18,15.89,15.96,29178261,20.02,20.23,19.88,19.96,23329200,2026-01-13T03:44:32Z
ORCL,2007-09-18,16.57,16.57,16.03,16.05,35970445,20.73,20.73,20.05,20.08,28759700,2026-01-13T03:44:32Z
ORCL,2007-09-19,16.66,16.89,16.48,16.74,57795658,20.84,21.13,20.61,20.94,46209900,2026-01-13T03:44:32Z
ORCL,2007-09-20,16.82,17.04,16.49,16.65,70664974,21.04,21.31,20.63,20.82,56499400,2026-01-13T03:44:32Z
ORCL,2007-09-21,17.57,17.73,16.82,17.25,119996296,21.98,22.17,21.04,21.57,95941904,2026-01-13T03:44:32Z
ORCL,2007-09-24,17.42,17.69,17.23,17.59,46838016,21.79,22.12,21.55,22,37448700,2026-01-13T03:44:32Z
ORCL,2007-09-25,17.54,17.57,17.19,17.29,37690438,21.94,21.98,21.5,21.62,30135000,2026-01-13T03:44:32Z
ORCL,2007-09-26,17.41,17.61,17.19,17.6,40620074,21.77,22.02,21.5,22.01,32477400,2026-01-13T03:44:32Z
ORCL,2007-09-27,17.29,17.49,17.21,17.44,26363232,21.63,21.88,21.53,21.81,21078400,2026-01-13T03:44:32Z
ORCL,2007-09-28,17.31,17.45,17.24,17.32,25491468,21.65,21.83,21.56,21.66,20381400,2026-01-13T03:44:32Z
ORCL,2007-10-01,17.57,17.58,17.28,17.3,29568489,21.97,21.99,21.61,21.64,23641200,2026-01-13T03:44:32Z
ORCL,2007-10-02,17.47,17.57,17.36,17.57,30270365,21.85,21.98,21.71,21.98,24202300,2026-01-13T03:44:32Z
ORCL,2007-10-03,17.25,17.49,17.15,17.38,31455101,21.57,21.88,21.45,21.74,25149500,2026-01-13T03:44:32Z
ORCL,2007-10-04,17.4,17.42,17.2,17.31,23309389,21.76,21.79,21.51,21.65,18636800,2026-01-13T03:44:32Z
ORCL,2007-10-05,17.73,17.85,17.44,17.48,39199281,22.18,22.32,21.81,21.86,31341400,2026-01-13T03:44:32Z
ORCL,2007-10-08,18,18.03,17.61,17.63,29118441,22.51,22.55,22.03,22.05,23281300,2026-01-13T03:44:32Z
ORCL,2007-10-09,18.06,18.13,17.88,18.02,30696790,22.59,22.68,22.36,22.54,24543300,2026-01-13T03:44:32Z
ORCL,2007-10-10,18.33,18.35,18.01,18.06,40279412,22.92,22.95,22.53,22.59,32204900,2026-01-13T03:44:32Z
ORCL,2007-10-11,17.96,18.39,17.9,18.35,43844626,22.46,23,22.39,22.95,35055400,2026-01-13T03:44:32Z
ORCL,2007-10-12,17.94,18.11,17.68,17.91,49667020,22.44,22.65,22.11,22.4,39710600,2026-01-13T03:44:32Z
ORCL,2007-10-15,17.65,18.05,17.45,18.03,42830870,22.07,22.58,21.82,22.55,34244900,2026-01-13T03:44:32Z
ORCL,2007-10-16,17.39,17.64,17.36,17.59,39177893,21.75,22.06,21.71,22,31324300,2026-01-13T03:44:32Z
ORCL,2007-10-17,17.18,17.55,16.9,17.55,52765632,21.49,21.95,21.14,21.95,42188200,2026-01-13T03:44:32Z
ORCL,2007-10-18,17.13,17.25,16.88,17.18,40460740,21.43,21.58,21.11,21.49,32349900,2026-01-13T03:44:32Z
ORCL,2007-10-19,16.59,17.17,16.53,17.13,50670924,20.75,21.47,20.67,21.43,40513300,2026-01-13T03:44:32Z
ORCL,2007-10-22,16.95,17.06,16.4,16.47,38901106,21.2,21.34,20.51,20.6,31102900,2026-01-13T03:44:32Z
ORCL,2007-10-23,17.15,17.18,16.89,17.11,37626330,21.45,21.49,21.12,21.4,30083700,2026-01-13T03:44:32Z
ORCL,2007-10-24,16.93,17.07,16.67,17,39714844,21.18,21.35,20.85,21.26,31753500,2026-01-13T03:44:32Z
ORCL,2007-10-25,16.79,17.15,16.61,17.1,50850357,21,21.45,20.78,21.39,40656800,2026-01-13T03:44:32Z
ORCL,2007-10-26,17.07,17.07,16.78,17.05,39233612,21.35,21.35,20.99,21.32,31368700,2026-01-13T03:44:32Z
ORCL,2007-10-29,17.41,17.45,17.03,17.18,36769238,21.77,21.82,21.3,21.49,29398500,2026-01-13T03:44:32Z
ORCL,2007-10-30,17.29,17.38,17.17,17.31,32161960,21.63,21.74,21.48,21.65,25714700,2026-01-13T03:44:32Z
ORCL,2007-10-31,17.73,17.78,17.29,17.29,39448062,22.17,22.24,21.63,21.63,31540300,2026-01-13T03:44:32Z
ORCL,2007-11-01,17.4,17.74,17.39,17.59,42908271,21.76,22.19,21.75,22,34306900,2026-01-13T03:44:32Z
ORCL,2007-11-02,17.61,17.67,17.33,17.44,38593586,22.03,22.1,21.68,21.81,30857000,2026-01-13T03:44:32Z
ORCL,2007-11-05,17.65,17.76,17.4,17.45,33139518,22.07,22.21,21.76,21.83,26496300,2026-01-13T03:44:32Z
ORCL,2007-11-06,18.25,18.3,17.86,18.01,42663903,22.83,22.89,22.34,22.53,34111500,2026-01-13T03:44:32Z
ORCL,2007-11-07,17.67,18.14,17.65,17.99,47676758,22.1,22.69,22.07,22.5,38119400,2026-01-13T03:44:32Z
ORCL,2007-11-08,16.27,17.63,15.85,17.51,118585727,20.35,22.05,19.82,21.9,94813800,2026-01-13T03:44:32Z
ORCL,2007-11-09,15.48,16.05,15.45,15.94,96585880,19.36,20.07,19.32,19.93,77224304,2026-01-13T03:44:32Z
ORCL,2007-11-12,15.54,15.93,15.24,15.39,69181161,19.44,19.92,19.06,19.25,55312900,2026-01-13T03:44:32Z
ORCL,2007-11-13,16.41,16.41,15.54,15.83,60332665,20.52,20.53,19.44,19.8,48238200,2026-01-13T03:44:32Z
ORCL,2007-11-14,16.13,16.73,15.98,16.65,59094665,20.18,20.93,19.99,20.83,47248500,2026-01-13T03:44:32Z
ORCL,2007-11-15,16.33,16.49,15.77,15.93,68698284,20.42,20.62,19.72,19.92,54927000,2026-01-13T03:44:32Z
ORCL,2007-11-16,16.63,16.84,16.14,16.33,55942771,20.8,21.06,20.19,20.42,44728400,2026-01-13T03:44:32Z
ORCL,2007-11-19,16.41,16.69,16.25,16.51,36313257,20.53,20.88,20.32,20.65,29033800,2026-01-13T03:44:32Z
ORCL,2007-11-20,16.54,16.74,16.18,16.34,43289098,20.69,20.94,20.23,20.44,34611400,2026-01-13T03:44:32Z
ORCL,2007-11-21,16.16,16.49,16.01,16.19,36772647,20.21,20.63,20.02,20.25,29401200,2026-01-13T03:44:32Z
ORCL,2007-11-23,16.24,16.34,16.04,16.18,14016858,20.31,20.43,20.06,20.24,11207000,2026-01-13T03:44:32Z
ORCL,2007-11-26,15.75,16.39,15.74,16.3,33370268,19.7,20.5,19.69,20.38,26680800,2026-01-13T03:44:32Z
ORCL,2007-11-27,15.9,16.14,15.59,15.79,41409318,19.89,20.18,19.5,19.75,33108300,2026-01-13T03:44:32Z
ORCL,2007-11-28,16.4,16.49,16,16.07,35692789,20.51,20.62,20.01,20.1,28537700,2026-01-13T03:44:32Z
ORCL,2007-11-29,16.37,16.54,16.24,16.38,31368873,20.48,20.69,20.31,20.48,25080700,2026-01-13T03:44:32Z
ORCL,2007-11-30,16.13,16.61,15.81,16.61,59981928,20.18,20.78,19.78,20.78,47957900,2026-01-13T03:44:32Z
ORCL,2007-12-03,16.18,16.36,16.07,16.18,45912997,20.24,20.46,20.1,20.23,36709300,2026-01-13T03:44:32Z
ORCL,2007-12-04,16.01,16.14,15.73,15.79,41805256,20.03,20.19,19.68,19.75,33425000,2026-01-13T03:44:32Z
ORCL,2007-12-05,16.97,17.16,16.14,16.17,70553355,21.22,21.46,20.19,20.22,56410100,2026-01-13T03:44:32Z
ORCL,2007-12-06,17.13,17.15,16.74,16.87,36876679,21.42,21.45,20.94,21.1,29484300,2026-01-13T03:44:32Z
ORCL,2007-12-07,16.9,17.22,16.84,17.19,30713169,21.14,21.54,21.06,21.5,24556300,2026-01-13T03:44:32Z
ORCL,2007-12-10,17.3,17.34,16.97,17.02,31684050,21.64,21.69,21.23,21.29,25332600,2026-01-13T03:44:32Z
ORCL,2007-12-11,16.85,17.35,16.8,17.35,37978855,21.07,21.7,21.01,21.7,30365600,2026-01-13T03:44:32Z
ORCL,2007-12-12,17.09,17.44,16.84,17.12,49788709,21.37,21.81,21.06,21.41,39807900,2026-01-13T03:44:32Z
ORCL,2007-12-13,17.28,17.41,17,17.06,37940198,21.61,21.77,21.26,21.34,30334600,2026-01-13T03:44:32Z
ORCL,2007-12-14,16.95,17.14,16.89,17.08,32844104,21.2,21.44,21.12,21.36,26260100,2026-01-13T03:44:32Z
ORCL,2007-12-17,16.74,16.92,16.65,16.91,46241652,20.94,21.16,20.82,21.15,36971900,2026-01-13T03:44:32Z
ORCL,2007-12-18,16.99,17,16.49,16.85,48633784,21.25,21.26,20.62,21.08,38884600,2026-01-13T03:44:32Z
ORCL,2007-12-19,16.6,17.11,16.44,17.05,85770078,20.76,21.4,20.56,21.33,68576400,2026-01-13T03:44:32Z
ORCL,2007-12-20,17.67,17.99,17.62,17.93,98190028,22.1,22.5,22.04,22.43,78506704,2026-01-13T03:44:32Z
ORCL,2007-12-21,18.16,18.2,17.79,17.83,72750669,22.71,22.76,22.25,22.3,58166900,2026-01-13T03:44:32Z
ORCL,2007-12-24,18.2,18.23,17.93,18.1,19254477,22.76,22.8,22.42,22.64,15394700,2026-01-13T03:44:32Z
ORCL,2007-12-26,18.39,18.39,18.03,18.04,30376124,23,23,22.55,22.56,24286900,2026-01-13T03:44:32Z
ORCL,2007-12-27,18.42,18.64,18.32,18.43,42640897,23.04,23.31,22.91,23.05,34093100,2026-01-13T03:44:32Z
ORCL,2007-12-28,18.37,18.62,18.31,18.48,27460714,22.97,23.29,22.9,23.11,21955900,2026-01-13T03:44:32Z
ORCL,2007-12-31,18.05,18.36,17.99,18.14,25019904,22.58,22.96,22.5,22.69,20004400,2026-01-13T03:44:32Z
ORCL,2008-01-02,17.98,18.25,17.89,18.03,53500549,22.49,22.82,22.38,22.55,42775700,2026-01-13T03:44:32Z
ORCL,2008-01-03,18.48,18.48,17.93,17.93,52587186,23.11,23.11,22.43,22.43,42045400,2026-01-13T03:44:32Z
ORCL,2008-01-04,17.61,18.29,17.42,18.21,55955634,22.03,22.88,21.79,22.77,44738600,2026-01-13T03:44:32Z
ORCL,2008-01-07,17.79,17.97,17.42,17.56,50085983,22.25,22.48,21.79,21.96,40045600,2026-01-13T03:44:32Z
ORCL,2008-01-08,16.91,17.85,16.9,17.78,54471049,21.15,22.32,21.14,22.24,43551600,2026-01-13T03:44:32Z
ORCL,2008-01-09,17.28,17.34,16.91,17.06,60000959,21.61,21.69,21.15,21.34,47973000,2026-01-13T03:44:32Z
ORCL,2008-01-10,17.33,17.43,16.85,17.16,52664616,21.68,21.8,21.07,21.46,42107400,2026-01-13T03:44:32Z
ORCL,2008-01-11,16.87,17.34,16.84,17.21,57847618,21.1,21.69,21.06,21.53,46251500,2026-01-13T03:44:32Z
ORCL,2008-01-14,17.64,17.69,16.88,17.14,61067918,22.06,22.12,21.11,21.44,48826100,2026-01-13T03:44:32Z
ORCL,2008-01-15,17.04,17.63,17.03,17.4,49502828,21.31,22.05,21.3,21.76,39579500,2026-01-13T03:44:32Z
ORCL,2008-01-16,17.53,17.85,16.67,16.81,96142126,21.92,22.33,20.85,21.03,76869400,2026-01-13T03:44:32Z
ORCL,2008-01-17,17.12,17.55,17.03,17.51,66017909,21.41,21.95,21.3,21.9,52783800,2026-01-13T03:44:32Z
ORCL,2008-01-18,17.25,17.45,16.93,17.07,64395425,21.58,21.83,21.17,21.35,51486500,2026-01-13T03:44:32Z
ORCL,2008-01-22,16.17,16.62,15.73,16.21,83751642,20.22,20.79,19.68,20.28,66962800,2026-01-13T03:44:32Z
ORCL,2008-01-23,16.48,16.54,15.61,15.65,70477481,20.61,20.68,19.52,19.58,56349500,2026-01-13T03:44:32Z
ORCL,2008-01-24,16.48,16.77,16.11,16.41,54737664,20.61,20.97,20.15,20.52,43764900,2026-01-13T03:44:32Z
ORCL,2008-01-25,16.21,16.85,16.17,16.79,52910033,20.28,21.08,20.22,21,42303500,2026-01-13T03:44:32Z
ORCL,2008-01-28,16.2,16.31,16,16.09,36507949,20.26,20.4,20.01,20.13,29189600,2026-01-13T03:44:32Z
ORCL,2008-01-29,16.05,16.21,15.74,16.18,44490520,20.07,20.28,19.69,20.23,35571800,2026-01-13T03:44:32Z
ORCL,2008-01-30,16.21,16.47,15.84,16.01,52991968,20.27,20.6,19.81,20.02,42369000,2026-01-13T03:44:32Z
ORCL,2008-01-31,16.43,16.57,15.89,15.95,65675946,20.55,20.73,19.88,19.95,52510400,2026-01-13T03:44:32Z
ORCL,2008-02-01,16.53,16.61,16.17,16.61,52451495,20.68,20.78,20.22,20.78,41937100,2026-01-13T03:44:32Z
ORCL,2008-02-04,16.15,16.54,16.11,16.54,33355073,20.2,20.68,20.15,20.68,26668700,2026-01-13T03:44:32Z
ORCL,2008-02-05,15.4,15.89,15.36,15.81,69126802,19.26,19.88,19.21,19.78,55269500,2026-01-13T03:44:32Z
ORCL,2008-02-06,15.73,16.06,15.51,15.61,62981653,19.68,20.09,19.4,19.52,50356200,2026-01-13T03:44:32Z
ORCL,2008-02-07,15.35,15.67,15.21,15.4,74038525,19.2,19.6,19.03,19.26,59196500,2026-01-13T03:44:32Z
ORCL,2008-02-08,15.34,15.5,15.14,15.32,47692400,19.19,19.39,18.94,19.16,38131800,2026-01-13T03:44:32Z
ORCL,2008-02-11,15.54,15.65,15.33,15.33,55175806,19.44,19.57,19.17,19.17,44115100,2026-01-13T03:44:32Z
ORCL,2008-02-12,15.52,15.9,15.43,15.63,45617314,19.41,19.89,19.3,19.55,36472700,2026-01-13T03:44:32Z
ORCL,2008-02-13,15.72,15.94,15.56,15.75,42021815,19.66,19.93,19.46,19.7,33598000,2026-01-13T03:44:32Z
ORCL,2008-02-14,15.26,15.77,15.19,15.71,45630417,19.09,19.72,19,19.65,36483300,2026-01-13T03:44:32Z
ORCL,2008-02-15,15.26,15.37,15.14,15.21,31356444,19.09,19.22,18.94,19.02,25070700,2026-01-13T03:44:32Z
ORCL,2008-02-19,15.21,15.51,15.18,15.44,42849782,19.02,19.4,18.99,19.31,34260000,2026-01-13T03:44:32Z
ORCL,2008-02-20,15.54,15.59,15.18,15.21,45854049,19.43,19.5,18.98,19.02,36662000,2026-01-13T03:44:32Z
ORCL,2008-02-21,15.1,15.67,15.04,15.58,69519268,18.89,19.6,18.81,19.49,55583400,2026-01-13T03:44:32Z
ORCL,2008-02-22,15.11,15.21,14.54,15.13,77073721,18.9,19.02,18.18,18.93,61623500,2026-01-13T03:44:32Z
ORCL,2008-02-25,15.17,15.29,14.88,15.07,70440465,18.97,19.12,18.61,18.85,56319700,2026-01-13T03:44:32Z
ORCL,2008-02-26,15.36,15.47,15.09,15.11,60571072,19.21,19.35,18.87,18.9,48428800,2026-01-13T03:44:32Z
ORCL,2008-02-27,15.34,15.55,15.04,15.29,47340821,19.19,19.45,18.81,19.12,37850700,2026-01-13T03:44:32Z
ORCL,2008-02-28,15.52,15.67,15.13,15.27,52873270,19.41,19.6,18.92,19.1,42274100,2026-01-13T03:44:32Z
ORCL,2008-02-29,15.03,15.35,14.97,15.34,54785564,18.8,19.2,18.73,19.18,43803100,2026-01-13T03:44:32Z
ORCL,2008-03-03,15.15,15.34,14.92,15,52325778,18.95,19.18,18.66,18.76,41836600,2026-01-13T03:44:32Z
ORCL,2008-03-04,14.74,15.18,14.55,15.05,89437921,18.44,18.98,18.2,18.82,71509104,2026-01-13T03:44:32Z
ORCL,2008-03-05,15.03,15.18,14.89,14.96,72764842,18.8,18.98,18.62,18.71,58178200,2026-01-13T03:44:32Z
ORCL,2008-03-06,15.38,15.67,15.25,15.26,86440388,19.23,19.6,19.07,19.09,69112304,2026-01-13T03:44:32Z
ORCL,2008-03-07,15.19,15.63,15.09,15.29,58171428,19,19.55,18.87,19.13,46510200,2026-01-13T03:44:32Z
ORCL,2008-03-10,15.42,15.59,15.26,15.33,45746525,19.28,19.5,19.08,19.17,36576100,2026-01-13T03:44:32Z
ORCL,2008-03-11,15.6,15.95,15.27,15.71,60307024,19.51,19.95,19.1,19.65,48217800,2026-01-13T03:44:32Z
ORCL,2008-03-12,15.73,16.13,15.54,15.65,60285216,19.68,20.17,19.43,19.58,48200300,2026-01-13T03:44:32Z
ORCL,2008-03-13,15.86,15.98,15.48,15.65,54637796,19.84,19.99,19.36,19.57,43684900,2026-01-13T03:44:32Z
ORCL,2008-03-14,15.61,16.03,15.41,15.99,54525800,19.52,20.05,19.27,20,43595500,2026-01-13T03:44:32Z
ORCL,2008-03-17,15.42,15.58,15.13,15.19,51328617,19.28,19.49,18.93,19,41039200,2026-01-13T03:44:32Z
ORCL,2008-03-18,16.01,16.03,15.5,15.7,48084249,20.02,20.05,19.39,19.64,38445300,2026-01-13T03:44:32Z
ORCL,2008-03-19,15.64,16.38,15.63,16.2,53958658,19.56,20.49,19.55,20.26,43142100,2026-01-13T03:44:32Z
ORCL,2008-03-20,16.05,16.13,15.64,15.88,56834525,20.08,20.17,19.56,19.86,45441300,2026-01-13T03:44:32Z
ORCL,2008-03-24,16.61,16.72,16.29,16.33,43134549,20.77,20.91,20.37,20.42,34487700,2026-01-13T03:44:32Z
ORCL,2008-03-25,16.85,16.92,16.57,16.81,54046838,21.08,21.16,20.72,21.03,43212600,2026-01-13T03:44:32Z
ORCL,2008-03-26,16.74,17.03,16.49,17.02,106860255,20.94,21.3,20.63,21.29,85438704,2026-01-13T03:44:32Z
ORCL,2008-03-27,15.54,15.75,15.39,15.55,146438296,19.43,19.7,19.25,19.45,117082800,2026-01-13T03:44:32Z
ORCL,2008-03-28,15.49,15.88,15.45,15.63,47690144,19.37,19.86,19.32,19.55,38130200,2026-01-13T03:44:32Z
ORCL,2008-03-31,15.64,15.7,15.5,15.57,40115444,19.56,19.63,19.39,19.48,32073900,2026-01-13T03:44:32Z
ORCL,2008-04-01,16.32,16.33,15.77,15.92,55937705,20.41,20.42,19.72,19.91,44724400,2026-01-13T03:44:32Z
ORCL,2008-04-02,16.38,16.6,16.2,16.32,40327122,20.49,20.76,20.26,20.41,32243000,2026-01-13T03:44:32Z
ORCL,2008-04-03,16.53,16.55,16.21,16.32,46087590,20.68,20.7,20.27,20.41,36848900,2026-01-13T03:44:32Z
ORCL,2008-04-04,16.27,16.54,16.24,16.48,67527991,20.35,20.69,20.31,20.61,53991200,2026-01-13T03:44:32Z
ORCL,2008-04-07,16.17,16.44,16.15,16.35,30055895,20.23,20.56,20.2,20.45,24030900,2026-01-13T03:44:32Z
ORCL,2008-04-08,15.93,16.11,15.86,16.02,44123099,19.92,20.15,19.84,20.03,35278100,2026-01-13T03:44:32Z
ORCL,2008-04-09,16.17,16.2,15.89,15.93,39479444,20.22,20.26,19.87,19.92,31565400,2026-01-13T03:44:32Z
ORCL,2008-04-10,16.35,16.63,16.12,16.14,61379398,20.45,20.8,20.16,20.19,49075300,2026-01-13T03:44:32Z
ORCL,2008-04-11,15.86,16.1,15.84,16.06,36214992,19.84,20.14,19.81,20.09,28955200,2026-01-13T03:44:32Z
ORCL,2008-04-14,15.88,16.11,15.83,15.86,26987251,19.86,20.15,19.8,19.83,21577300,2026-01-13T03:44:32Z
ORCL,2008-04-15,16.13,16.18,15.94,15.95,31260633,20.18,20.24,19.93,19.95,24994100,2026-01-13T03:44:32Z
ORCL,2008-04-16,16.61,16.74,16.22,16.23,58924545,20.77,20.94,20.29,20.3,47112400,2026-01-13T03:44:32Z
ORCL,2008-04-17,16.95,16.97,16.54,16.65,46879090,21.2,21.22,20.69,20.83,37481600,2026-01-13T03:44:32Z
ORCL,2008-04-18,17.43,17.53,16.97,17.22,58996418,21.8,21.93,21.23,21.54,47169800,2026-01-13T03:44:32Z
ORCL,2008-04-21,17.4,17.52,17.12,17.3,32638372,21.76,21.91,21.41,21.64,26095700,2026-01-13T03:44:32Z
ORCL,2008-04-22,17.41,17.49,17.19,17.22,37348311,21.78,21.88,21.5,21.54,29861500,2026-01-13T03:44:32Z
ORCL,2008-04-23,17.52,17.56,17.34,17.42,31894876,21.91,21.96,21.69,21.79,25501200,2026-01-13T03:44:32Z
ORCL,2008-04-24,17.6,17.81,17.22,17.53,43970098,22.01,22.28,21.54,21.92,35155700,2026-01-13T03:44:32Z
ORCL,2008-04-25,17.26,17.57,16.99,17.56,35886279,21.59,21.98,21.25,21.96,28692400,2026-01-13T03:44:32Z
ORCL,2008-04-28,17.2,17.43,17.09,17.26,31040985,21.51,21.8,21.38,21.59,24818500,2026-01-13T03:44:32Z
ORCL,2008-04-29,17.4,17.49,17.05,17.12,32270161,21.76,21.88,21.33,21.41,25801300,2026-01-13T03:44:32Z
ORCL,2008-04-30,16.67,17.25,16.63,17.18,52414164,20.85,21.58,20.8,21.49,41907200,2026-01-13T03:44:32Z
ORCL,2008-05-01,17.45,17.47,16.76,16.8,44752269,21.82,21.85,20.96,21.01,35781100,2026-01-13T03:44:32Z
ORCL,2008-05-02,17.2,17.65,17.02,17.64,45969824,21.51,22.07,21.29,22.06,36754700,2026-01-13T03:44:32Z
ORCL,2008-05-05,17.23,17.33,17.06,17.19,38178796,21.55,21.68,21.34,21.5,30525500,2026-01-13T03:44:32Z
ORCL,2008-05-06,17.19,17.41,16.99,17.12,41126548,21.5,21.77,21.25,21.41,32882300,2026-01-13T03:44:32Z
ORCL,2008-05-07,16.78,17.2,16.72,17.13,47292066,20.99,21.51,20.91,21.42,37811800,2026-01-13T03:44:32Z
ORCL,2008-05-08,16.87,17.01,16.79,16.91,32641133,21.1,21.28,21,21.15,26097900,2026-01-13T03:44:32Z
ORCL,2008-05-09,16.79,16.87,16.55,16.66,26356592,21,21.1,20.7,20.84,21073100,2026-01-13T03:44:32Z
ORCL,2008-05-12,17.2,17.29,16.85,16.89,31000586,21.51,21.63,21.08,21.13,24786200,2026-01-13T03:44:32Z
ORCL,2008-05-13,17.33,17.37,17.04,17.23,25569624,21.67,21.72,21.31,21.55,20443900,2026-01-13T03:44:32Z
ORCL,2008-05-14,17.41,17.7,17.27,17.37,33170538,21.78,22.14,21.6,21.73,26521200,2026-01-13T03:44:32Z
ORCL,2008-05-15,17.49,17.52,17.22,17.29,27091013,21.87,21.91,21.54,21.62,21660300,2026-01-13T03:44:32Z
ORCL,2008-05-16,17.33,17.57,17.12,17.51,42249234,21.68,21.97,21.41,21.9,33779900,2026-01-13T03:44:32Z
ORCL,2008-05-19,17.93,18.19,17.49,17.62,51957116,22.43,22.75,21.87,22.04,41541600,2026-01-13T03:44:32Z
ORCL,2008-05-20,17.72,17.94,17.63,17.78,32410896,22.16,22.44,22.05,22.24,25913800,2026-01-13T03:44:32Z
ORCL,2008-05-21,17.6,18.16,17.54,17.78,38327577,22.01,22.71,21.94,22.24,30644300,2026-01-13T03:44:32Z
ORCL,2008-05-22,17.84,17.97,17.64,17.65,30250458,22.31,22.47,22.06,22.07,24186400,2026-01-13T03:44:32Z
ORCL,2008-05-23,17.57,17.83,17.5,17.82,25007113,21.98,22.3,21.89,22.29,19994200,2026-01-13T03:44:32Z
ORCL,2008-05-27,18.12,18.19,17.61,17.63,36518651,22.66,22.75,22.02,22.05,29198000,2026-01-13T03:44:32Z
ORCL,2008-05-28,18.22,18.35,18.1,18.22,33459395,22.79,22.95,22.64,22.79,26752100,2026-01-13T03:44:32Z
ORCL,2008-05-29,18.22,18.39,17.97,18.26,40599008,22.79,23,22.48,22.84,32460500,2026-01-13T03:44:32Z
ORCL,2008-05-30,18.26,18.34,18.13,18.24,31590655,22.84,22.94,22.68,22.81,25258000,2026-01-13T03:44:32Z
ORCL,2008-06-02,18.13,18.21,17.87,18.21,39816419,22.68,22.77,22.35,22.77,31834700,2026-01-13T03:44:32Z
ORCL,2008-06-03,18.32,18.84,18.15,18.18,63638677,22.91,23.57,22.7,22.74,50881500,2026-01-13T03:44:32Z
ORCL,2008-06-04,18.32,18.51,18.16,18.16,43970928,22.91,23.15,22.71,22.71,35156400,2026-01-13T03:44:32Z
ORCL,2008-06-05,18.53,18.56,18.16,18.27,38835408,23.18,23.21,22.71,22.85,31050400,2026-01-13T03:44:32Z
ORCL,2008-06-06,17.96,18.44,17.96,18.39,51651770,22.46,23.06,22.46,23,41297500,2026-01-13T03:44:32Z
ORCL,2008-06-09,18.03,18.12,17.79,18.1,32877202,22.55,22.67,22.25,22.64,26286600,2026-01-13T03:44:32Z
ORCL,2008-06-10,17.99,18.12,17.69,17.84,35116415,22.5,22.67,22.12,22.31,28076900,2026-01-13T03:44:32Z
ORCL,2008-06-11,17.65,18.21,17.63,18.05,36263825,22.07,22.78,22.05,22.58,28994300,2026-01-13T03:44:32Z
ORCL,2008-06-12,17.48,17.8,17.37,17.69,43904984,21.86,22.26,21.73,22.13,35103700,2026-01-13T03:44:32Z
ORCL,2008-06-13,18.09,18.12,17.55,17.62,39759714,22.63,22.66,21.95,22.04,31789500,2026-01-13T03:44:32Z
ORCL,2008-06-16,18.34,18.39,17.85,17.98,40726023,22.94,23,22.33,22.49,32562000,2026-01-13T03:44:32Z
ORCL,2008-06-17,18.01,18.41,17.99,18.41,34121566,22.53,23.02,22.5,23.02,27281500,2026-01-13T03:44:32Z
ORCL,2008-06-18,17.94,18.13,17.77,17.87,28946019,22.44,22.68,22.22,22.35,23143400,2026-01-13T03:44:32Z
ORCL,2008-06-19,18.15,18.39,17.81,17.88,51438742,22.7,23,22.27,22.36,41127200,2026-01-13T03:44:32Z
ORCL,2008-06-20,17.67,18.13,17.52,18.13,65806342,22.1,22.68,21.91,22.68,52614700,2026-01-13T03:44:32Z
ORCL,2008-06-23,17.65,17.92,17.45,17.84,40765665,22.08,22.41,21.83,22.31,32593700,2026-01-13T03:44:32Z
ORCL,2008-06-24,17.77,17.94,17.45,17.54,35583356,22.23,22.44,21.82,21.94,28450200,2026-01-13T03:44:32Z
ORCL,2008-06-25,18.03,18.27,17.74,17.91,76581393,22.55,22.85,22.19,22.4,61229800,2026-01-13T03:44:32Z
ORCL,2008-06-26,17.13,17.77,17.13,17.33,87578975,21.42,22.22,21.42,21.68,70022704,2026-01-13T03:44:32Z
ORCL,2008-06-27,17.02,17.36,16.77,17.1,50398502,21.29,21.71,20.97,21.39,40295600,2026-01-13T03:44:32Z
ORCL,2008-06-30,16.79,17.07,16.79,16.85,45423475,21,21.35,21,21.08,36317800,2026-01-13T03:44:32Z
ORCL,2008-07-01,17.04,17.06,16.51,16.62,59308840,21.31,21.34,20.65,20.79,47419800,2026-01-13T03:44:32Z
ORCL,2008-07-02,16.65,17.11,16.63,17.01,40441056,20.82,21.4,20.8,21.28,32334200,2026-01-13T03:44:32Z
ORCL,2008-07-03,16.57,16.94,16.54,16.84,27013261,20.73,21.19,20.69,21.06,21598100,2026-01-13T03:44:32Z
ORCL,2008-07-07,16.86,17.05,16.48,16.61,43243233,21.09,21.33,20.61,20.78,34574700,2026-01-13T03:44:32Z
ORCL,2008-07-08,17.25,17.27,16.77,16.86,48168903,21.58,21.6,20.97,21.09,38512800,2026-01-13T03:44:32Z
ORCL,2008-07-09,16.88,17.28,16.85,17.17,52007873,21.11,21.61,21.07,21.48,41582400,2026-01-13T03:44:32Z
ORCL,2008-07-10,17.02,17.13,16.73,16.93,39603165,21.29,21.42,20.93,21.17,31664300,2026-01-13T03:44:32Z
ORCL,2008-07-11,16.76,16.99,16.55,16.87,46128304,20.96,21.25,20.7,21.1,36881300,2026-01-13T03:44:32Z
ORCL,2008-07-14,16.35,16.94,16.2,16.87,48643830,20.45,21.19,20.26,21.1,38892700,2026-01-13T03:44:32Z
ORCL,2008-07-15,16.19,16.35,15.97,16.19,63830142,20.25,20.45,19.98,20.25,51034800,2026-01-13T03:44:32Z
ORCL,2008-07-16,16.34,16.43,16.06,16.17,47024660,20.44,20.55,20.09,20.22,37598100,2026-01-13T03:44:32Z
ORCL,2008-07-17,16.68,16.82,16.29,16.39,46795045,20.86,21.04,20.37,20.5,37414500,2026-01-13T03:44:32Z
ORCL,2008-07-18,16.93,16.99,16.51,16.67,44893964,21.18,21.25,20.65,20.85,35894400,2026-01-13T03:44:32Z
ORCL,2008-07-21,16.86,17.13,16.81,16.95,26831549,21.09,21.42,21.03,21.2,21452900,2026-01-13T03:44:32Z
ORCL,2008-07-22,17.26,17.29,16.91,16.92,41241005,21.59,21.62,21.15,21.16,32973700,2026-01-13T03:44:32Z
ORCL,2008-07-23,17.19,17.26,16.9,17.22,40269176,21.5,21.59,21.14,21.54,32196800,2026-01-13T03:44:32Z
ORCL,2008-07-24,16.75,17.1,16.67,16.94,37889806,20.95,21.39,20.85,21.19,30294300,2026-01-13T03:44:32Z
ORCL,2008-07-25,16.75,16.77,16.5,16.77,21482558,20.95,20.98,20.64,20.97,17176100,2026-01-13T03:44:32Z
ORCL,2008-07-28,16.57,16.87,16.54,16.57,26104741,20.72,21.1,20.69,20.73,20871700,2026-01-13T03:44:32Z
ORCL,2008-07-29,17.13,17.25,16.66,16.67,39734321,21.43,21.57,20.84,20.85,31769100,2026-01-13T03:44:32Z
ORCL,2008-07-30,17.04,17.15,16.77,17.12,39603262,21.31,21.45,20.97,21.41,31664400,2026-01-13T03:44:32Z
ORCL,2008-07-31,17.21,17.51,16.77,16.84,46592406,21.53,21.9,20.98,21.06,37252500,2026-01-13T03:44:32Z
ORCL,2008-08-01,17.19,17.34,17.01,17.33,31278130,21.5,21.69,21.27,21.67,25008100,2026-01-13T03:44:32Z
ORCL,2008-08-04,16.99,17.26,16.9,17.18,32519497,21.25,21.59,21.14,21.49,26000600,2026-01-13T03:44:32Z
ORCL,2008-08-05,17.76,17.77,17.04,17.13,53377140,22.21,22.22,21.31,21.42,42677200,2026-01-13T03:44:32Z
ORCL,2008-08-06,18.28,18.32,17.61,17.65,53691452,22.86,22.91,22.03,22.08,42928500,2026-01-13T03:44:32Z
ORCL,2008-08-07,18.19,18.41,17.96,18.1,48600287,22.75,23.02,22.46,22.64,38857800,2026-01-13T03:44:32Z
ORCL,2008-08-08,18.81,18.89,18.1,18.19,59747116,23.52,23.62,22.64,22.75,47770000,2026-01-13T03:44:32Z
ORCL,2008-08-11,18.45,18.8,18.32,18.72,42523411,23.08,23.52,22.92,23.41,33999200,2026-01-13T03:44:32Z
ORCL,2008-08-12,18.31,18.4,18.13,18.36,37495943,22.9,23.01,22.68,22.97,29979400,2026-01-13T03:44:32Z
ORCL,2008-08-13,18.4,18.51,18.05,18.22,32665061,23.01,23.15,22.57,22.79,26117000,2026-01-13T03:44:32Z
ORCL,2008-08-14,18.54,18.71,18.19,18.21,39953669,23.19,23.4,22.75,22.78,31944500,2026-01-13T03:44:32Z
ORCL,2008-08-15,18.44,18.75,18.32,18.65,33177434,23.06,23.45,22.92,23.33,26526700,2026-01-13T03:44:32Z
ORCL,2008-08-18,18.21,18.57,18.03,18.43,28853382,22.77,23.23,22.55,23.05,23069400,2026-01-13T03:44:32Z
ORCL,2008-08-19,18.04,18.21,17.95,18.13,28130710,22.56,22.77,22.45,22.68,22491600,2026-01-13T03:44:32Z
ORCL,2008-08-20,18.12,18.35,17.99,18.13,27417129,22.66,22.95,22.5,22.68,21921000,2026-01-13T03:44:32Z
ORCL,2008-08-21,17.83,17.95,17.72,17.9,28068454,22.3,22.45,22.16,22.39,22441800,2026-01-13T03:44:32Z
ORCL,2008-08-22,18.15,18.25,17.9,18.01,22932761,22.7,22.82,22.39,22.52,18335600,2026-01-13T03:44:32Z
ORCL,2008-08-25,17.76,18.16,17.74,18.02,25151439,22.21,22.71,22.19,22.54,20109600,2026-01-13T03:44:32Z
ORCL,2008-08-26,17.71,17.89,17.6,17.72,20378479,22.15,22.38,22.01,22.16,16293400,2026-01-13T03:44:32Z
ORCL,2008-08-27,17.86,18.05,17.69,17.75,26785687,22.34,22.57,22.13,22.2,21416200,2026-01-13T03:44:32Z
ORCL,2008-08-28,18.1,18.17,17.81,17.82,23396056,22.64,22.73,22.27,22.29,18706100,2026-01-13T03:44:32Z
ORCL,2008-08-29,17.53,17.93,17.35,17.93,44123902,21.93,22.43,21.7,22.43,35278800,2026-01-13T03:44:32Z
ORCL,2008-09-02,17.23,17.89,17.19,17.83,54619361,21.55,22.37,21.5,22.3,43670400,2026-01-13T03:44:32Z
ORCL,2008-09-03,16.94,17.25,16.8,17.21,50828135,21.19,21.57,21.01,21.52,40639000,2026-01-13T03:44:32Z
ORCL,2008-09-04,15.93,16.7,15.93,16.68,100294756,19.93,20.89,19.92,20.86,80189504,2026-01-13T03:44:32Z
ORCL,2008-09-05,16.05,16.25,15.75,15.77,59030319,20.07,20.32,19.7,19.72,47196900,2026-01-13T03:44:32Z
ORCL,2008-09-08,15.4,16.51,15.14,16.29,117355169,19.26,20.65,18.94,20.37,93829904,2026-01-13T03:44:32Z
ORCL,2008-09-09,15.33,15.87,15.21,15.5,78127084,19.17,19.85,19.02,19.39,62465800,2026-01-13T03:44:32Z
ORCL,2008-09-10,15.32,15.51,15.21,15.47,65244457,19.16,19.4,19.03,19.35,52165600,2026-01-13T03:44:32Z
ORCL,2008-09-11,15.47,15.51,15.1,15.21,62512815,19.35,19.4,18.89,19.03,49981500,2026-01-13T03:44:32Z
ORCL,2008-09-12,15.68,15.73,15.22,15.37,48989606,19.61,19.67,19.04,19.22,39169200,2026-01-13T03:44:32Z
ORCL,2008-09-15,15.2,15.58,15.13,15.22,52216968,19.01,19.49,18.92,19.04,41749400,2026-01-13T03:44:32Z
ORCL,2008-09-16,15.16,15.23,14.71,14.85,76540527,18.96,19.05,18.4,18.57,61197300,2026-01-13T03:44:32Z
ORCL,2008-09-17,14.47,15.05,14.45,14.94,62578430,18.1,18.82,18.07,18.69,50033700,2026-01-13T03:44:32Z
ORCL,2008-09-18,14.99,15.15,14.26,14.69,96236939,18.75,18.95,17.84,18.37,76944896,2026-01-13T03:44:32Z
ORCL,2008-09-19,16.05,16.79,11.99,16.78,95365486,20.07,21,15,20.99,76248200,2026-01-13T03:44:32Z
ORCL,2008-09-22,15.79,16.6,15.67,15.97,49519643,19.75,20.76,19.6,19.98,39592900,2026-01-13T03:44:32Z
ORCL,2008-09-23,15.74,16.43,15.7,15.85,52608643,19.69,20.55,19.64,19.82,42062600,2026-01-13T03:44:32Z
ORCL,2008-09-24,15.95,16.39,15.81,15.91,40316116,19.95,20.5,19.77,19.9,32234300,2026-01-13T03:44:32Z
ORCL,2008-09-25,16.37,16.65,16.16,16.26,50569525,20.47,20.82,20.21,20.34,40432400,2026-01-13T03:44:32Z
ORCL,2008-09-26,16.49,16.67,15.97,15.98,49055502,20.62,20.85,19.98,19.99,39221800,2026-01-13T03:44:32Z
ORCL,2008-09-29,15.01,16.41,14.39,16.26,73924580,18.77,20.53,18,20.34,59105400,2026-01-13T03:44:32Z
ORCL,2008-09-30,16.24,16.32,15.27,15.27,63832553,20.31,20.41,19.1,19.1,51036500,2026-01-13T03:44:32Z
ORCL,2008-10-01,15.88,16.14,15.63,16.07,43872779,19.86,20.19,19.55,20.1,35077900,2026-01-13T03:44:32Z
ORCL,2008-10-02,15.58,15.98,15.48,15.94,54989864,19.49,19.99,19.36,19.93,43966500,2026-01-13T03:44:32Z
ORCL,2008-10-03,15.57,16.42,15.57,15.74,67113507,19.48,20.54,19.48,19.69,53659800,2026-01-13T03:44:32Z
ORCL,2008-10-06,14.63,15.43,13.79,15.1,99746348,18.3,19.3,17.25,18.89,79751296,2026-01-13T03:44:32Z
ORCL,2008-10-07,13.42,14.79,13.42,14.58,80155107,16.78,18.5,16.78,18.24,64087300,2026-01-13T03:44:32Z
ORCL,2008-10-08,13.5,14.1,12.8,13.04,94949718,16.88,17.63,16.01,16.31,75915904,2026-01-13T03:44:32Z
ORCL,2008-10-09,12.96,14.04,12.79,13.77,72690663,16.21,17.56,16,17.22,58118900,2026-01-13T03:44:32Z
ORCL,2008-10-10,13.34,13.62,12.22,12.55,121252721,16.68,17.03,15.28,15.7,96946200,2026-01-13T03:44:32Z
ORCL,2008-10-13,15.08,15.09,13.62,14.01,68386185,18.86,18.87,17.04,17.52,54677400,2026-01-13T03:44:32Z
ORCL,2008-10-14,14.14,15.54,13.89,15.46,73960734,17.69,19.44,17.37,19.34,59134300,2026-01-13T03:44:32Z
ORCL,2008-10-15,12.75,14.18,12.74,13.92,68916342,15.95,17.73,15.94,17.41,55101100,2026-01-13T03:44:32Z
ORCL,2008-10-16,13.58,13.58,12.24,12.92,88496902,16.99,16.99,15.31,16.16,70756896,2026-01-13T03:44:32Z
ORCL,2008-10-17,13.61,14.38,12.96,13.12,65405323,17.02,17.99,16.21,16.41,52293900,2026-01-13T03:44:32Z
ORCL,2008-10-20,14.52,14.52,13.67,13.88,53238280,18.16,18.16,17.1,17.36,42566000,2026-01-13T03:44:32Z
ORCL,2008-10-21,14.14,14.72,14.06,14.31,58699016,17.69,18.41,17.59,17.9,46932000,2026-01-13T03:44:32Z
ORCL,2008-10-22,13.73,13.99,13.28,13.8,58614212,17.17,17.5,16.61,17.26,46864400,2026-01-13T03:44:32Z
ORCL,2008-10-23,13.55,13.97,12.8,13.58,77740220,16.95,17.47,16.01,16.98,62156400,2026-01-13T03:44:32Z
ORCL,2008-10-24,12.95,13.36,12.38,12.55,67728318,16.2,16.71,15.48,15.7,54151300,2026-01-13T03:44:32Z
ORCL,2008-10-27,12.61,13.41,12.24,12.8,78641259,15.77,16.77,15.31,16.01,62876600,2026-01-13T03:44:32Z
ORCL,2008-10-28,14.09,14.14,12.45,13.11,59544217,17.62,17.68,15.57,16.4,47608000,2026-01-13T03:44:32Z
ORCL,2008-10-29,13.82,14.69,13.41,13.83,73437349,17.29,18.37,16.77,17.3,58715900,2026-01-13T03:44:32Z
ORCL,2008-10-30,14.65,14.88,14.22,14.46,89407355,18.32,18.61,17.79,18.08,71484400,2026-01-13T03:44:32Z
ORCL,2008-10-31,14.62,14.89,14.24,14.26,68933075,18.29,18.62,17.81,17.84,55114800,2026-01-13T03:44:32Z
ORCL,2008-11-03,14.66,14.72,14.42,14.48,35506954,18.33,18.41,18.04,18.11,28389100,2026-01-13T03:44:32Z
ORCL,2008-11-04,15.11,15.19,14.65,14.83,48366952,18.9,19,18.32,18.55,38671300,2026-01-13T03:44:32Z
ORCL,2008-11-05,14.25,15,14.16,14.91,46757642,17.82,18.76,17.71,18.65,37384600,2026-01-13T03:44:32Z
ORCL,2008-11-06,13.47,14.06,13.31,13.94,68065386,16.85,17.58,16.65,17.43,54420800,2026-01-13T03:44:32Z
ORCL,2008-11-07,14.02,14.12,13.57,13.66,43946008,17.53,17.66,16.97,17.08,35136500,2026-01-13T03:44:32Z
ORCL,2008-11-10,14.04,14.26,13.88,14.26,31038897,17.56,17.84,17.36,17.84,24816800,2026-01-13T03:44:32Z
ORCL,2008-11-11,13.82,14.01,13.42,13.9,44627063,17.29,17.52,16.79,17.38,35681000,2026-01-13T03:44:32Z
ORCL,2008-11-12,13.17,13.62,13.11,13.47,55591566,16.47,17.04,16.4,16.85,44447600,2026-01-13T03:44:32Z
ORCL,2008-11-13,14.17,14.19,12.5,13.01,77713079,17.72,17.75,15.63,16.27,62134500,2026-01-13T03:44:32Z
ORCL,2008-11-14,13.51,14.22,13.32,13.8,64967605,16.9,17.79,16.66,17.26,51944100,2026-01-13T03:44:32Z
ORCL,2008-11-17,13.12,13.58,13.03,13.26,51678042,16.41,16.99,16.3,16.58,41318500,2026-01-13T03:44:32Z
ORCL,2008-11-18,13.61,13.62,12.73,13.21,69620648,17.02,17.03,15.92,16.52,55664200,2026-01-13T03:44:32Z
ORCL,2008-11-19,12.79,13.83,12.77,13.51,82384005,16,17.3,15.97,16.9,65869100,2026-01-13T03:44:32Z
ORCL,2008-11-20,12.31,13.4,12.25,12.81,84047556,15.4,16.76,15.32,16.02,67199296,2026-01-13T03:44:32Z
ORCL,2008-11-21,13.1,13.18,12.07,12.35,91601872,16.38,16.49,15.1,15.44,73239000,2026-01-13T03:44:32Z
ORCL,2008-11-24,13.3,13.58,13.05,13.25,94314426,16.64,16.99,16.32,16.57,75407904,2026-01-13T03:44:32Z
ORCL,2008-11-25,12.78,13.47,12.57,13.46,91798890,15.98,16.85,15.72,16.84,73396600,2026-01-13T03:44:32Z
ORCL,2008-11-26,12.9,12.99,12.51,12.53,66241586,16.14,16.25,15.64,15.67,52962900,2026-01-13T03:44:32Z
ORCL,2008-11-28,12.86,12.91,12.59,12.87,24888182,16.09,16.15,15.75,16.09,19899100,2026-01-13T03:44:32Z
ORCL,2008-12-01,12.37,12.82,12.3,12.59,64239727,15.47,16.04,15.38,15.75,51362300,2026-01-13T03:44:32Z
ORCL,2008-12-02,12.62,12.81,12.2,12.58,52156394,15.79,16.02,15.26,15.73,41701000,2026-01-13T03:44:32Z
ORCL,2008-12-03,12.9,12.91,12.49,12.73,90314539,16.13,16.15,15.62,15.92,72210200,2026-01-13T03:44:32Z
ORCL,2008-12-04,12.34,12.79,12.15,12.65,60166956,15.44,15.99,15.2,15.82,48105900,2026-01-13T03:44:32Z
ORCL,2008-12-05,13.05,13.11,12.13,12.18,71521207,16.32,16.4,15.17,15.23,57184100,2026-01-13T03:44:32Z
ORCL,2008-12-08,13.62,13.85,13.07,13.2,62206929,17.04,17.32,16.35,16.51,49736700,2026-01-13T03:44:32Z
ORCL,2008-12-09,13.54,14.13,13.27,13.38,55548722,16.94,17.67,16.6,16.74,44413400,2026-01-13T03:44:32Z
ORCL,2008-12-10,13.9,14.06,13.5,13.7,46020210,17.39,17.59,16.89,17.14,36795000,2026-01-13T03:44:32Z
ORCL,2008-12-11,13.16,13.82,13.11,13.82,46068458,16.46,17.29,16.4,17.29,36833500,2026-01-13T03:44:32Z
ORCL,2008-12-12,13.46,13.54,12.85,12.88,41301038,16.84,16.94,16.07,16.11,33021700,2026-01-13T03:44:32Z
ORCL,2008-12-15,13.15,13.3,12.9,13.11,46500979,16.45,16.64,16.13,16.4,37179300,2026-01-13T03:44:32Z
ORCL,2008-12-16,13.81,13.91,13.2,13.29,71688641,17.27,17.4,16.51,16.62,57317700,2026-01-13T03:44:32Z
ORCL,2008-12-17,13.38,13.62,13.34,13.57,48729890,16.74,17.04,16.68,16.97,38961500,2026-01-13T03:44:32Z
ORCL,2008-12-18,13.28,13.57,13.06,13.46,56620185,16.61,16.97,16.34,16.83,45269900,2026-01-13T03:44:32Z
ORCL,2008-12-19,14.22,14.52,13.28,13.94,112722231,17.78,18.16,16.61,17.44,90125800,2026-01-13T03:44:32Z
ORCL,2008-12-22,14.01,14.22,13.73,14.22,40946790,17.52,17.79,17.17,17.79,32738500,2026-01-13T03:44:32Z
ORCL,2008-12-23,13.83,14.2,13.66,14.02,33283988,17.3,17.76,17.08,17.53,26611800,2026-01-13T03:44:32Z
ORCL,2008-12-24,13.85,13.95,13.74,13.87,10427396,17.32,17.45,17.18,17.35,8337100,2026-01-13T03:44:32Z
ORCL,2008-12-26,13.94,13.96,13.8,13.91,11876814,17.43,17.46,17.26,17.4,9496000,2026-01-13T03:44:32Z
ORCL,2008-12-29,13.77,13.91,13.61,13.85,26548848,17.22,17.4,17.02,17.32,21226900,2026-01-13T03:44:32Z
ORCL,2008-12-30,14.26,14.28,13.79,13.87,30640487,17.83,17.86,17.25,17.35,24498300,2026-01-13T03:44:32Z
ORCL,2008-12-31,14.18,14.38,14.14,14.24,29272545,17.73,17.99,17.68,17.81,23404500,2026-01-13T03:44:32Z
ORCL,2009-01-02,14.72,14.78,14.09,14.1,34812092,18.41,18.48,17.62,17.64,27833600,2026-01-13T03:44:32Z
ORCL,2009-01-05,14.46,14.59,14.28,14.57,35407056,18.09,18.25,17.86,18.22,28309400,2026-01-13T03:44:32Z
ORCL,2009-01-06,14.7,14.95,14.42,14.53,37342323,18.39,18.7,18.03,18.17,29856600,2026-01-13T03:44:32Z
ORCL,2009-01-07,14.11,14.59,13.98,14.44,48322341,17.65,18.25,17.48,18.06,38635700,2026-01-13T03:44:32Z
ORCL,2009-01-08,14.09,14.13,13.84,13.99,43961138,17.62,17.67,17.31,17.5,35148700,2026-01-13T03:44:32Z
ORCL,2009-01-09,13.88,14.16,13.79,14.16,40058577,17.36,17.71,17.25,17.71,32028400,2026-01-13T03:44:32Z
ORCL,2009-01-12,13.63,13.97,13.46,13.92,43244043,17.05,17.47,16.84,17.41,34575200,2026-01-13T03:44:32Z
ORCL,2009-01-13,13.7,13.85,13.52,13.59,40999122,17.14,17.32,16.91,17,32780400,2026-01-13T03:44:32Z
ORCL,2009-01-14,13.08,13.53,12.94,13.49,49989150,16.36,16.92,16.18,16.87,39968400,2026-01-13T03:44:32Z
ORCL,2009-01-15,13.22,13.34,12.69,13.06,56390035,16.53,16.68,15.87,16.33,45086100,2026-01-13T03:44:32Z
ORCL,2009-01-16,13.52,13.64,13.12,13.38,47840457,16.91,17.06,16.41,16.74,38250300,2026-01-13T03:44:32Z
ORCL,2009-01-20,12.87,13.58,12.83,13.51,42593471,16.1,16.98,16.05,16.9,34055200,2026-01-13T03:44:32Z
ORCL,2009-01-21,13.5,13.53,12.99,13.11,70221533,16.89,16.92,16.25,16.4,56144800,2026-01-13T03:44:32Z
ORCL,2009-01-22,13.31,13.54,13.12,13.14,45839996,16.65,16.93,16.41,16.43,36650800,2026-01-13T03:44:32Z
ORCL,2009-01-23,13.42,13.61,13.1,13.14,42977777,16.78,17.02,16.39,16.43,34362500,2026-01-13T03:44:32Z
ORCL,2009-01-26,13.56,13.88,13.42,13.45,34882551,16.96,17.36,16.78,16.82,27890000,2026-01-13T03:44:32Z
ORCL,2009-01-27,13.82,13.94,13.58,13.61,34243819,17.28,17.43,16.98,17.02,27379200,2026-01-13T03:44:32Z
ORCL,2009-01-28,14.26,14.4,13.94,14.16,40782935,17.84,18.01,17.44,17.71,32607600,2026-01-13T03:44:32Z
ORCL,2009-01-29,14.06,14.29,13.8,14.13,34443075,17.59,17.87,17.26,17.67,27538600,2026-01-13T03:44:32Z
ORCL,2009-01-30,13.46,14.21,13.42,14.09,41945551,16.83,17.77,16.79,17.62,33537000,2026-01-13T03:44:32Z
ORCL,2009-02-02,13.51,13.67,13.2,13.27,31851248,16.9,17.1,16.51,16.6,25466300,2026-01-13T03:44:32Z
ORCL,2009-02-03,13.63,13.64,13.19,13.47,39010967,17.05,17.06,16.5,16.85,31190700,2026-01-13T03:44:32Z
ORCL,2009-02-04,13.76,14.1,13.63,13.71,33236692,17.21,17.63,17.05,17.15,26574100,2026-01-13T03:44:32Z
ORCL,2009-02-05,14.09,14.15,13.38,13.48,44278946,17.62,17.7,16.74,16.86,35402800,2026-01-13T03:44:32Z
ORCL,2009-02-06,14.37,14.45,13.98,14.14,36982601,17.97,18.07,17.48,17.69,29569000,2026-01-13T03:44:32Z
ORCL,2009-02-09,14.43,14.46,14.25,14.35,29160010,18.05,18.09,17.82,17.95,23314600,2026-01-13T03:44:32Z
ORCL,2009-02-10,14.06,14.46,13.78,14.25,55950350,17.58,18.09,17.24,17.82,44734500,2026-01-13T03:44:32Z
ORCL,2009-02-11,14.23,14.4,14.05,14.11,35817998,17.8,18.01,17.57,17.65,28637900,2026-01-13T03:44:32Z
ORCL,2009-02-12,14.03,14.08,13.54,14.05,53246339,17.55,17.61,16.94,17.57,42572500,2026-01-13T03:44:32Z
ORCL,2009-02-13,14.17,14.36,13.94,14,34382136,17.72,17.96,17.43,17.51,27489800,2026-01-13T03:44:32Z
ORCL,2009-02-17,13.56,13.86,13.44,13.71,51316374,16.96,17.34,16.81,17.15,41029500,2026-01-13T03:44:32Z
ORCL,2009-02-18,13.78,14,13.59,13.65,51689855,17.24,17.51,17,17.07,41327900,2026-01-13T03:44:32Z
ORCL,2009-02-19,13.46,13.89,13.43,13.86,41046530,16.83,17.37,16.8,17.34,32818200,2026-01-13T03:44:32Z
ORCL,2009-02-20,13.24,13.39,13.06,13.3,58108333,16.56,16.75,16.34,16.64,46460000,2026-01-13T03:44:32Z
ORCL,2009-02-23,12.68,13.34,12.65,13.23,40451272,15.86,16.68,15.82,16.55,32342400,2026-01-13T03:44:32Z
ORCL,2009-02-24,13.14,13.19,12.59,12.61,47149621,16.44,16.5,15.75,15.77,37697900,2026-01-13T03:44:32Z
ORCL,2009-02-25,12.98,13.25,12.8,13.1,41861288,16.24,16.57,16.01,16.38,33469700,2026-01-13T03:44:32Z
ORCL,2009-02-26,12.62,13.09,12.62,13.09,45314826,15.78,16.37,15.78,16.37,36230900,2026-01-13T03:44:32Z
ORCL,2009-02-27,12.42,12.66,12.32,12.39,65414508,15.54,15.83,15.41,15.5,52301300,2026-01-13T03:44:32Z
ORCL,2009-03-02,12.15,12.54,12.11,12.16,59209832,15.2,15.69,15.14,15.21,47340600,2026-01-13T03:44:32Z
ORCL,2009-03-03,12,12.35,11.97,12.31,48938747,15.01,15.45,14.97,15.4,39128500,2026-01-13T03:44:32Z
ORCL,2009-03-04,11.96,12.38,11.87,12.31,89122005,14.96,15.48,14.85,15.4,71256496,2026-01-13T03:44:32Z
ORCL,2009-03-05,11.62,12.22,11.61,11.95,83925119,14.53,15.28,14.52,14.94,67101400,2026-01-13T03:44:32Z
ORCL,2009-03-06,11.57,11.88,11.31,11.67,66203820,14.47,14.86,14.14,14.6,52932400,2026-01-13T03:44:32Z
ORCL,2009-03-09,11.07,11.75,11.03,11.44,75086751,13.85,14.7,13.8,14.31,60034700,2026-01-13T03:44:32Z
ORCL,2009-03-10,12.06,12.14,11.19,11.33,73725127,15.09,15.19,14,14.17,58945900,2026-01-13T03:44:32Z
ORCL,2009-03-11,12.26,12.36,11.78,12.22,58236189,15.34,15.46,14.73,15.28,46562000,2026-01-13T03:44:32Z
ORCL,2009-03-12,12.5,12.54,12.06,12.27,34294622,15.63,15.68,15.08,15.35,27419900,2026-01-13T03:44:32Z
ORCL,2009-03-13,12.44,12.55,12.22,12.51,38606457,15.56,15.7,15.28,15.65,30867300,2026-01-13T03:44:32Z
ORCL,2009-03-16,11.91,12.63,11.86,12.43,49883500,14.9,15.8,14.83,15.54,39883700,2026-01-13T03:44:32Z
ORCL,2009-03-17,12.31,12.47,11.71,11.94,65170557,15.4,15.6,14.65,14.93,52106400,2026-01-13T03:44:32Z
ORCL,2009-03-18,12.66,12.87,12.05,12.11,73193816,15.83,16.09,15.07,15.15,58521300,2026-01-13T03:44:32Z
ORCL,2009-03-19,13.89,14.46,13.87,14.04,140861608,17.37,18.09,17.35,17.56,112624400,2026-01-13T03:44:32Z
ORCL,2009-03-20,13.67,14.16,13.59,13.99,93893847,17.1,17.71,17,17.5,75071696,2026-01-13T03:44:32Z
ORCL,2009-03-23,14.59,14.59,13.8,13.86,57593511,18.25,18.25,17.26,17.34,46048300,2026-01-13T03:44:32Z
ORCL,2009-03-24,14.32,14.57,14.15,14.31,40308472,17.91,18.22,17.7,17.9,32228100,2026-01-13T03:44:32Z
ORCL,2009-03-25,14.46,14.66,14.15,14.42,43417651,18.09,18.34,17.7,18.03,34714200,2026-01-13T03:44:32Z
ORCL,2009-03-26,14.94,14.94,14.54,14.59,42794627,18.68,18.68,18.18,18.25,34216000,2026-01-13T03:44:32Z
ORCL,2009-03-27,14.4,14.75,14.34,14.75,42815664,18.01,18.45,17.93,18.45,34232800,2026-01-13T03:44:32Z
ORCL,2009-03-30,14.12,14.15,13.79,14.12,41453642,17.66,17.7,17.25,17.66,33143900,2026-01-13T03:44:32Z
ORCL,2009-03-31,14.45,14.7,14.25,14.34,43254086,18.07,18.39,17.82,17.93,34583400,2026-01-13T03:44:32Z
ORCL,2009-04-01,14.86,14.94,14.18,14.28,46446747,18.58,18.68,17.73,17.86,37135900,2026-01-13T03:44:32Z
ORCL,2009-04-02,15.05,15.43,14.91,15.13,57610163,18.82,19.3,18.65,18.93,46061500,2026-01-13T03:44:32Z
ORCL,2009-04-03,15.42,15.55,15.09,15.1,51238174,19.29,19.45,18.87,18.88,40966900,2026-01-13T03:44:32Z
ORCL,2009-04-06,15.32,15.32,14.98,15.23,36553742,19.11,19.11,18.69,19,29302100,2026-01-13T03:44:32Z
ORCL,2009-04-07,14.86,15.12,14.72,15.06,36238205,18.54,18.86,18.36,18.79,29049200,2026-01-13T03:44:32Z
ORCL,2009-04-08,14.89,15.04,14.69,14.98,31838706,18.57,18.76,18.33,18.69,25522400,2026-01-13T03:44:32Z
ORCL,2009-04-09,15.32,15.39,15.06,15.09,32192558,19.11,19.2,18.79,18.83,25806100,2026-01-13T03:44:32Z
ORCL,2009-04-13,15.28,15.41,15.12,15.13,27124209,19.06,19.23,18.86,18.87,21743200,2026-01-13T03:44:32Z
ORCL,2009-04-14,15.13,15.24,14.92,15.05,38178363,18.87,19.01,18.61,18.77,30604400,2026-01-13T03:44:32Z
ORCL,2009-04-15,14.9,15.02,14.52,14.98,35366782,18.59,18.74,18.11,18.69,28350500,2026-01-13T03:44:32Z
ORCL,2009-04-16,15.38,15.46,14.89,15.08,37782170,19.18,19.29,18.58,18.81,30286800,2026-01-13T03:44:32Z
ORCL,2009-04-17,15.28,15.59,15.01,15.42,40979846,19.06,19.45,18.73,19.24,32850100,2026-01-13T03:44:32Z
ORCL,2009-04-20,15.09,15.29,14.21,14.24,104862649,18.82,19.08,17.73,17.76,84059504,2026-01-13T03:44:32Z
ORCL,2009-04-21,15.66,15.91,14.94,15.05,83548274,19.53,19.85,18.64,18.78,66973800,2026-01-13T03:44:32Z
ORCL,2009-04-22,15.51,15.83,15.3,15.65,49942895,19.35,19.75,19.09,19.52,40035100,2026-01-13T03:44:32Z
ORCL,2009-04-23,15.78,15.8,15.34,15.55,45089679,19.68,19.71,19.14,19.4,36144600,2026-01-13T03:44:32Z
ORCL,2009-04-24,15.86,16.18,15.75,15.83,53604404,19.79,20.18,19.65,19.75,42970200,2026-01-13T03:44:32Z
ORCL,2009-04-27,15.85,16.26,15.65,15.7,36662946,19.77,20.28,19.52,19.59,29389700,2026-01-13T03:44:32Z
ORCL,2009-04-28,15.82,15.98,15.64,15.69,31251620,19.74,19.93,19.51,19.57,25051800,2026-01-13T03:44:32Z
ORCL,2009-04-29,15.71,15.87,15.56,15.61,35317101,19.6,19.8,19.41,19.47,28310800,2026-01-13T03:44:32Z
ORCL,2009-04-30,15.5,15.98,15.26,15.83,61646417,19.34,19.94,19.04,19.75,49416900,2026-01-13T03:44:32Z
ORCL,2009-05-01,15.5,15.58,15.33,15.51,25451263,19.34,19.44,19.12,19.35,20402200,2026-01-13T03:44:32Z
ORCL,2009-05-04,15.21,15.58,15.2,15.55,48135745,18.97,19.44,18.96,19.4,38586500,2026-01-13T03:44:32Z
ORCL,2009-05-05,15.24,15.38,14.97,15.37,36634171,19.01,19.19,18.67,19.17,29366500,2026-01-13T03:44:32Z
ORCL,2009-05-06,15.28,15.38,14.98,15.35,33819560,19.06,19.19,18.69,19.15,27110300,2026-01-13T03:44:32Z
ORCL,2009-05-07,14.77,15.35,14.58,15.21,67552266,18.42,19.15,18.19,18.98,54151100,2026-01-13T03:44:32Z
ORCL,2009-05-08,14.69,15.05,14.53,14.91,51303758,18.32,18.78,18.12,18.6,41125900,2026-01-13T03:44:32Z
ORCL,2009-05-11,14.88,15.09,14.46,14.55,40046960,18.56,18.83,18.04,18.15,32102300,2026-01-13T03:44:32Z
ORCL,2009-05-12,14.73,14.97,14.49,14.94,42040208,18.38,18.67,18.08,18.64,33700100,2026-01-13T03:44:32Z
ORCL,2009-05-13,14.49,14.7,14.4,14.61,36359057,18.07,18.34,17.97,18.23,29146000,2026-01-13T03:44:32Z
ORCL,2009-05-14,14.8,14.89,14.51,14.62,32737313,18.46,18.58,18.1,18.24,26242700,2026-01-13T03:44:32Z
ORCL,2009-05-15,14.77,15.02,14.71,14.9,28547892,18.42,18.74,18.35,18.59,22884500,2026-01-13T03:44:32Z
ORCL,2009-05-18,15.17,15.18,14.81,14.98,28633737,18.92,18.94,18.47,18.69,22953300,2026-01-13T03:44:32Z
ORCL,2009-05-19,15.21,15.4,15.05,15.06,29208661,18.97,19.21,18.77,18.79,23414200,2026-01-13T03:44:32Z
ORCL,2009-05-20,15.18,15.55,15.13,15.29,36279981,18.94,19.4,18.88,19.08,29082600,2026-01-13T03:44:32Z
ORCL,2009-05-21,14.89,15.09,14.71,15.04,32785294,18.57,18.83,18.35,18.76,26281200,2026-01-13T03:44:32Z
ORCL,2009-05-22,14.95,15.3,14.78,14.89,30411896,18.65,19.09,18.44,18.58,24378600,2026-01-13T03:44:32Z
ORCL,2009-05-26,15.29,15.39,14.65,14.8,35323558,19.07,19.2,18.28,18.46,28315900,2026-01-13T03:44:32Z
ORCL,2009-05-27,15.22,15.59,15.16,15.21,34471838,18.99,19.45,18.91,18.98,27633200,2026-01-13T03:44:32Z
ORCL,2009-05-28,15.4,15.53,15.09,15.24,31921731,19.21,19.37,18.83,19.01,25588900,2026-01-13T03:44:32Z
ORCL,2009-05-29,15.7,15.71,15.36,15.46,53173942,19.59,19.6,19.16,19.28,42625200,2026-01-13T03:44:32Z
ORCL,2009-06-01,15.97,16.05,15.71,15.85,39440681,19.92,20.02,19.6,19.77,31616300,2026-01-13T03:44:32Z
ORCL,2009-06-02,16.31,16.39,15.85,15.91,38682451,20.35,20.44,19.77,19.85,31008500,2026-01-13T03:44:32Z
ORCL,2009-06-03,16.3,16.44,16.11,16.23,33698741,20.34,20.51,20.09,20.24,27013500,2026-01-13T03:44:32Z
ORCL,2009-06-04,16.52,16.57,16.24,16.3,37738532,20.61,20.67,20.26,20.34,30251800,2026-01-13T03:44:32Z
ORCL,2009-06-05,16.6,16.75,16.44,16.69,33247772,20.71,20.9,20.51,20.82,26652000,2026-01-13T03:44:32Z
ORCL,2009-06-08,16.73,16.89,16.46,16.51,43519161,20.87,21.07,20.53,20.6,34885600,2026-01-13T03:44:32Z
ORCL,2009-06-09,16.83,16.99,16.7,16.79,29677587,20.99,21.2,20.83,20.95,23790000,2026-01-13T03:44:32Z
ORCL,2009-06-10,16.63,16.99,16.38,16.88,41504825,20.74,21.19,20.43,21.06,33270900,2026-01-13T03:44:32Z
ORCL,2009-06-11,16.79,16.99,16.56,16.56,32526370,20.94,21.2,20.66,20.66,26073600,2026-01-13T03:44:32Z
ORCL,2009-06-12,16.71,16.83,15.61,16.71,28885016,20.85,21,19.47,20.85,23154700,2026-01-13T03:44:32Z
ORCL,2009-06-15,16.21,16.55,16.03,16.55,50621540,20.22,20.65,20,20.64,40579100,2026-01-13T03:44:32Z
ORCL,2009-06-16,15.78,16.25,15.78,16.18,51659338,19.69,20.27,19.68,20.18,41410900,2026-01-13T03:44:32Z
ORCL,2009-06-17,15.98,16.17,15.79,15.81,41571336,19.94,20.17,19.7,19.72,33324200,2026-01-13T03:44:32Z
ORCL,2009-06-18,16.23,16.4,16.02,16.17,43152271,20.25,20.46,19.98,20.17,34591500,2026-01-13T03:44:32Z
ORCL,2009-06-19,16.56,16.77,16.33,16.37,63737326,20.66,20.92,20.37,20.42,51092900,2026-01-13T03:44:32Z
ORCL,2009-06-22,16.01,16.63,15.98,16.37,48467631,19.97,20.75,19.93,20.42,38852500,2026-01-13T03:44:32Z
ORCL,2009-06-23,15.93,16.2,15.82,16.2,49077398,19.87,20.21,19.73,20.21,39341200,2026-01-13T03:44:32Z
ORCL,2009-06-24,17.04,17.43,16.66,16.72,124021402,21.26,21.75,20.78,20.86,99417800,2026-01-13T03:44:32Z
ORCL,2009-06-25,17.34,17.4,16.94,17.03,61776293,21.63,21.71,21.13,21.25,49521000,2026-01-13T03:44:32Z
ORCL,2009-06-26,17.03,17.27,16.95,17.27,46198618,21.24,21.54,21.15,21.54,37033500,2026-01-13T03:44:32Z
ORCL,2009-06-29,17.23,17.4,17.01,17.11,34957023,21.5,21.71,21.22,21.34,28022200,2026-01-13T03:44:32Z
ORCL,2009-06-30,17.17,17.43,17.06,17.23,40056119,21.42,21.75,21.28,21.5,32109600,2026-01-13T03:44:32Z
ORCL,2009-07-01,17.43,17.64,17.33,17.34,35141205,21.74,22,21.62,21.63,28169700,2026-01-13T03:44:32Z
ORCL,2009-07-02,16.87,17.11,16.72,17.1,34203163,21.04,21.34,20.86,21.33,27417800,2026-01-13T03:44:32Z
ORCL,2009-07-06,16.57,16.87,16.43,16.78,46417618,20.67,21.04,20.5,20.93,37209100,2026-01-13T03:44:32Z
ORCL,2009-07-07,16.18,16.66,16.13,16.57,44338843,20.18,20.78,20.12,20.67,35542700,2026-01-13T03:44:32Z
ORCL,2009-07-08,16.49,16.67,15.86,16.2,69580618,20.57,20.79,19.79,20.21,55776800,2026-01-13T03:44:32Z
ORCL,2009-07-09,16.29,16.65,16.18,16.46,39803437,20.32,20.77,20.18,20.54,31907000,2026-01-13T03:44:32Z
ORCL,2009-07-10,16.43,16.54,16.18,16.19,27956546,20.49,20.63,20.19,20.2,22410400,2026-01-13T03:44:32Z
ORCL,2009-07-13,16.65,16.66,16.17,16.49,33006199,20.72,20.73,20.12,20.52,26523000,2026-01-13T03:44:32Z
ORCL,2009-07-14,16.58,16.65,16.3,16.59,27459333,20.63,20.72,20.28,20.64,22065700,2026-01-13T03:44:32Z
ORCL,2009-07-15,17.28,17.3,16.69,16.73,40206323,21.51,21.53,20.77,20.82,32308800,2026-01-13T03:44:32Z
ORCL,2009-07-16,17.39,17.49,17.15,17.33,30363620,21.64,21.77,21.34,21.57,24399500,2026-01-13T03:44:32Z
ORCL,2009-07-17,17.47,17.47,17.2,17.43,26251069,21.74,21.74,21.4,21.69,21094800,2026-01-13T03:44:32Z
ORCL,2009-07-20,17.28,17.54,17.15,17.44,34942967,21.51,21.83,21.34,21.7,28079300,2026-01-13T03:44:32Z
ORCL,2009-07-21,17.62,17.68,17.22,17.66,45293712,21.93,22,21.43,21.97,36397100,2026-01-13T03:44:32Z
ORCL,2009-07-22,17.48,17.66,17.38,17.55,32542617,21.75,21.98,21.63,21.84,26150500,2026-01-13T03:44:32Z
ORCL,2009-07-23,17.84,18,17.35,17.4,41309817,22.2,22.4,21.59,21.65,33195600,2026-01-13T03:44:32Z
ORCL,2009-07-24,17.94,18.06,17.61,17.63,30642572,22.33,22.48,21.91,21.94,24623700,2026-01-13T03:44:32Z
ORCL,2009-07-27,17.66,17.93,17.48,17.92,29590980,21.98,22.31,21.75,22.3,23778600,2026-01-13T03:44:32Z
ORCL,2009-07-28,17.87,17.94,17.45,17.57,32822283,22.24,22.32,21.72,21.86,26375300,2026-01-13T03:44:32Z
ORCL,2009-07-29,17.69,17.9,17.54,17.78,26166173,22.01,22.28,21.83,22.13,21026500,2026-01-13T03:44:32Z
ORCL,2009-07-30,17.79,18.06,17.61,17.87,35916646,22.14,22.47,21.91,22.24,28861800,2026-01-13T03:44:32Z
ORCL,2009-07-31,17.78,18.02,17.73,17.81,30353089,22.13,22.42,22.07,22.16,24391100,2026-01-13T03:44:32Z
ORCL,2009-08-03,17.92,17.98,17.68,17.94,29923896,22.3,22.38,22,22.32,24046200,2026-01-13T03:44:32Z
ORCL,2009-08-04,17.59,17.9,17.42,17.87,35758865,21.89,22.28,21.68,22.24,28735000,2026-01-13T03:44:32Z
ORCL,2009-08-05,17.23,17.56,17.02,17.54,44801903,21.44,21.85,21.18,21.83,36001800,2026-01-13T03:44:32Z
ORCL,2009-08-06,17.04,17.63,16.95,17.21,34888935,21.21,21.94,21.09,21.42,28036000,2026-01-13T03:44:32Z
ORCL,2009-08-07,17.22,17.55,17.17,17.22,31809439,21.43,21.84,21.37,21.43,25561400,2026-01-13T03:44:32Z
ORCL,2009-08-10,17.08,17.2,16.9,17.04,24293392,21.25,21.41,21.03,21.21,19521600,2026-01-13T03:44:32Z
ORCL,2009-08-11,17.1,17.2,16.9,16.94,32175670,21.28,21.41,21.03,21.08,25855600,2026-01-13T03:44:32Z
ORCL,2009-08-12,17.58,17.76,17.08,17.12,42310856,21.88,22.1,21.25,21.3,34000100,2026-01-13T03:44:32Z
ORCL,2009-08-13,17.67,17.7,17.49,17.63,32032074,21.99,22.03,21.77,21.94,25740300,2026-01-13T03:44:32Z
ORCL,2009-08-14,17.65,17.74,17.41,17.59,30183330,21.96,22.08,21.66,21.89,24254700,2026-01-13T03:44:32Z
ORCL,2009-08-17,17.2,17.48,17.17,17.4,24687540,21.4,21.75,21.37,21.65,19838400,2026-01-13T03:44:32Z
ORCL,2009-08-18,17.34,17.65,17.12,17.24,20060419,21.58,21.96,21.31,21.45,16120100,2026-01-13T03:44:32Z
ORCL,2009-08-19,17.5,17.55,17.04,17.13,27697917,21.78,21.84,21.2,21.32,22257400,2026-01-13T03:44:32Z
ORCL,2009-08-20,17.63,17.72,17.36,17.45,26355377,21.94,22.05,21.61,21.72,21178600,2026-01-13T03:44:32Z
ORCL,2009-08-21,17.77,17.79,17.47,17.79,36890280,22.11,22.14,21.74,22.14,29644200,2026-01-13T03:44:32Z
ORCL,2009-08-24,17.94,18.07,17.71,17.78,27649804,22.32,22.49,22.04,22.13,22218700,2026-01-13T03:44:32Z
ORCL,2009-08-25,17.86,18.12,17.84,18.07,38080265,22.23,22.55,22.2,22.49,30600400,2026-01-13T03:44:32Z
ORCL,2009-08-26,17.84,17.89,17.68,17.82,23369647,22.2,22.26,22,22.17,18779300,2026-01-13T03:44:32Z
ORCL,2009-08-27,17.81,17.85,17.5,17.81,24903975,22.16,22.21,21.78,22.16,20012300,2026-01-13T03:44:32Z
ORCL,2009-08-28,17.81,18.17,17.76,17.92,29823095,22.16,22.61,22.1,22.3,23965200,2026-01-13T03:44:32Z
ORCL,2009-08-31,17.58,17.83,17.46,17.68,32880292,21.88,22.19,21.73,22,26421900,2026-01-13T03:44:32Z
ORCL,2009-09-01,17.63,17.93,17.41,17.49,43381231,21.94,22.31,21.67,21.77,34860200,2026-01-13T03:44:32Z
ORCL,2009-09-02,17.49,17.7,17.42,17.54,26176043,21.77,22.03,21.68,21.83,21034500,2026-01-13T03:44:32Z
ORCL,2009-09-03,17.33,17.36,17.05,17.33,35587296,21.56,21.6,21.22,21.57,28597100,2026-01-13T03:44:32Z
ORCL,2009-09-04,17.65,17.76,17.31,17.33,22190513,21.97,22.1,21.54,21.57,17831800,2026-01-13T03:44:32Z
ORCL,2009-09-08,17.58,17.77,17.49,17.77,30529058,21.88,22.12,21.77,22.12,24532500,2026-01-13T03:44:32Z
ORCL,2009-09-09,18.1,18.14,17.58,17.66,38621093,22.52,22.58,21.88,21.97,31035100,2026-01-13T03:44:32Z
ORCL,2009-09-10,18.29,18.32,18.05,18.14,29315319,22.76,22.8,22.46,22.57,23557100,2026-01-13T03:44:32Z
ORCL,2009-09-11,18.37,18.44,18.22,18.34,28125697,22.86,22.95,22.67,22.82,22601200,2026-01-13T03:44:32Z
ORCL,2009-09-14,18.26,18.43,18.16,18.3,29950783,22.72,22.93,22.6,22.78,24067800,2026-01-13T03:44:32Z
ORCL,2009-09-15,18.21,18.39,18.16,18.27,30850855,22.66,22.88,22.6,22.73,24791100,2026-01-13T03:44:32Z
ORCL,2009-09-16,17.78,18.17,17.66,18.16,107490514,22.13,22.61,21.98,22.6,86377104,2026-01-13T03:44:32Z
ORCL,2009-09-17,17.29,17.49,17.13,17.21,114681335,21.52,21.76,21.32,21.42,92155400,2026-01-13T03:44:32Z
ORCL,2009-09-18,17.37,17.57,17.33,17.45,87228159,21.62,21.87,21.57,21.72,70094400,2026-01-13T03:44:32Z
ORCL,2009-09-21,17.33,17.53,17.28,17.32,31717350,21.57,21.82,21.5,21.56,25487400,2026-01-13T03:44:32Z
ORCL,2009-09-22,17.2,17.45,17.16,17.35,42509016,21.41,21.71,21.35,21.59,34159300,2026-01-13T03:44:32Z
ORCL,2009-09-23,16.98,17.25,16.91,17.25,50620851,21.13,21.47,21.05,21.47,40677800,2026-01-13T03:44:32Z
ORCL,2009-09-24,17.01,17.16,16.92,17,35333070,21.17,21.35,21.06,21.16,28392800,2026-01-13T03:44:32Z
ORCL,2009-09-25,16.76,17.04,16.74,16.96,43734993,20.86,21.2,20.83,21.1,35144400,2026-01-13T03:44:32Z
ORCL,2009-09-28,17.01,17.15,16.74,16.77,35316520,21.17,21.34,20.83,20.87,28379500,2026-01-13T03:44:32Z
ORCL,2009-09-29,16.97,17.18,16.96,16.97,28971496,21.12,21.38,21.1,21.12,23280900,2026-01-13T03:44:32Z
ORCL,2009-09-30,16.75,17.04,16.59,17.01,55133182,20.84,21.2,20.65,21.17,44303900,2026-01-13T03:44:32Z
ORCL,2009-10-01,16.36,16.67,16.15,16.67,57150563,20.36,20.75,20.1,20.74,45924800,2026-01-13T03:44:32Z
ORCL,2009-10-02,16.34,16.59,16.26,16.27,51868565,20.34,20.64,20.24,20.25,41680500,2026-01-13T03:44:32Z
ORCL,2009-10-05,16.38,16.62,16.2,16.44,42897911,20.39,20.68,20.16,20.46,34471700,2026-01-13T03:44:32Z
ORCL,2009-10-06,16.51,16.55,16.31,16.45,46296292,20.54,20.6,20.3,20.47,37202700,2026-01-13T03:44:32Z
ORCL,2009-10-07,16.53,16.84,16.45,16.49,51960104,20.57,20.95,20.47,20.52,41754000,2026-01-13T03:44:32Z
ORCL,2009-10-08,16.71,16.92,16.55,16.59,58046092,20.8,21.06,20.59,20.65,46644500,2026-01-13T03:44:32Z
ORCL,2009-10-09,16.71,16.94,16.64,16.71,49425837,20.74,21.03,20.66,20.74,39813300,2026-01-13T03:44:32Z
ORCL,2009-10-12,16.69,16.85,16.59,16.7,40223999,20.72,20.92,20.6,20.73,32400900,2026-01-13T03:44:32Z
ORCL,2009-10-13,16.84,16.9,16.63,16.71,34577049,20.91,20.98,20.65,20.75,27852300,2026-01-13T03:44:32Z
ORCL,2009-10-14,17.07,17.32,17.01,17.05,51179126,21.19,21.5,21.12,21.17,41225400,2026-01-13T03:44:32Z
ORCL,2009-10-15,17.17,17.17,16.91,16.96,37691744,21.32,21.32,20.99,21.05,30361300,2026-01-13T03:44:32Z
ORCL,2009-10-16,17.57,17.75,17.06,17.08,80757694,21.81,22.03,21.18,21.2,65051600,2026-01-13T03:44:32Z
ORCL,2009-10-19,18.06,18.12,17.62,17.74,64179477,22.42,22.49,21.87,22.02,51697400,2026-01-13T03:44:32Z
ORCL,2009-10-20,17.87,18,17.64,17.91,44568327,22.19,22.34,21.9,22.23,35900300,2026-01-13T03:44:32Z
ORCL,2009-10-21,17.75,18.04,17.72,17.8,38816771,22.03,22.4,22,22.1,31267500,2026-01-13T03:44:32Z
ORCL,2009-10-22,17.87,17.93,17.58,17.68,33574816,22.19,22.26,21.83,21.95,27044900,2026-01-13T03:44:32Z
ORCL,2009-10-23,17.76,18.1,17.68,17.93,39202135,22.05,22.47,21.95,22.26,31577900,2026-01-13T03:44:32Z
ORCL,2009-10-26,17.71,18.03,17.6,17.83,34978888,21.99,22.38,21.85,22.13,28175900,2026-01-13T03:44:32Z
ORCL,2009-10-27,17.62,17.91,17.56,17.62,35591790,21.87,22.23,21.8,21.87,28669700,2026-01-13T03:44:32Z
ORCL,2009-10-28,17.16,17.32,16.81,17.15,37895908,21.3,21.5,20.87,21.29,30525600,2026-01-13T03:44:32Z
ORCL,2009-10-29,17.28,17.29,17.08,17.25,39989320,21.45,21.47,21.2,21.42,32212000,2026-01-13T03:44:32Z
ORCL,2009-10-30,17,17.41,16.96,17.17,46059907,21.1,21.61,21.05,21.32,37101800,2026-01-13T03:44:32Z
ORCL,2009-11-02,16.99,17.09,16.75,16.96,34644816,21.09,21.22,20.8,21.06,27906900,2026-01-13T03:44:32Z
ORCL,2009-11-03,16.83,16.96,16.63,16.92,25630818,20.89,21.06,20.65,21,20646000,2026-01-13T03:44:32Z
ORCL,2009-11-04,16.84,17.08,16.63,16.77,40220758,20.9,21.2,20.65,20.82,32398300,2026-01-13T03:44:32Z
ORCL,2009-11-05,17.17,17.34,17,17.06,27384684,21.32,21.52,21.11,21.18,22058800,2026-01-13T03:44:32Z
ORCL,2009-11-06,17.25,17.38,17,17.05,28547128,21.42,21.58,21.11,21.17,22995100,2026-01-13T03:44:32Z
