ticker,tradeDate,clsPx,hiPx,loPx,open,stockVolume,unadjClsPx,unadjHiPx,unadjLoPx,unadjOpen,unadjStockVolume,updatedAt
PEP,2006-01-03,33.32,33.41,32.86,33.41,7934057,59.76,59.92,58.93,59.92,4424100,2026-03-10T02:46:26Z
PEP,2006-01-04,33.31,33.44,33.09,33.21,6062489,59.73,59.97,59.35,59.55,3380500,2026-03-10T02:46:26Z
PEP,2006-01-05,33.11,33.39,33.01,33.24,5477122,59.38,59.88,59.19,59.61,3054100,2026-03-10T02:46:26Z
PEP,2006-01-06,33.23,33.31,33.03,33.23,5473009,59.6,59.74,59.24,59.6,3051800,2026-03-10T02:46:26Z
PEP,2006-01-09,33.07,33.24,33.01,33.24,8553846,59.3,59.61,59.2,59.61,4769700,2026-03-10T02:46:26Z
PEP,2006-01-10,32.95,33.12,32.8,33.07,5281656,59.1,59.39,58.83,59.3,2945100,2026-03-10T02:46:26Z
PEP,2006-01-11,32.82,33.18,32.66,33.05,5668841,58.86,59.5,58.57,59.28,3161000,2026-03-10T02:46:26Z
PEP,2006-01-12,32.81,32.87,32.58,32.73,5352319,58.84,58.95,58.43,58.69,2984500,2026-03-10T02:46:26Z
PEP,2006-01-13,32.73,32.98,32.68,32.9,4562688,58.7,59.14,58.61,59,2544200,2026-03-10T02:46:26Z
PEP,2006-01-17,32.58,32.7,32.42,32.45,5612713,58.43,58.64,58.14,58.2,3129700,2026-03-10T02:46:26Z
PEP,2006-01-18,32.56,32.77,32.36,32.56,5470497,58.39,58.77,58.04,58.4,3050400,2026-03-10T02:46:26Z
PEP,2006-01-19,32.53,32.59,32.3,32.53,5755634,58.33,58.45,57.92,58.34,3209400,2026-03-10T02:46:26Z
PEP,2006-01-20,31.94,32.5,31.92,32.5,7395491,57.28,58.28,57.24,58.28,4123800,2026-03-10T02:46:26Z
PEP,2006-01-23,32.06,32.25,31.91,31.93,5115773,57.5,57.83,57.22,57.26,2852600,2026-03-10T02:46:26Z
PEP,2006-01-24,32.36,32.56,32.09,32.09,8509886,58.04,58.39,57.55,57.55,4745200,2026-03-10T02:46:26Z
PEP,2006-01-25,32.14,32.45,32.01,32.4,6480164,57.64,58.19,57.41,58.1,3613400,2026-03-10T02:46:26Z
PEP,2006-01-26,32.01,32.32,31.98,32.14,6648197,57.4,57.96,57.35,57.64,3707100,2026-03-10T02:46:26Z
PEP,2006-01-27,32.45,32.5,31.23,31.84,13081007,58.2,58.28,56,57.11,7294100,2026-03-10T02:46:26Z
PEP,2006-01-30,32.14,32.51,32.1,32.35,6461155,57.64,58.3,57.57,58.01,3602800,2026-03-10T02:46:26Z
PEP,2006-01-31,31.88,32.12,31.76,31.96,9649946,57.18,57.6,56.95,57.31,5380900,2026-03-10T02:46:26Z
PEP,2006-02-01,31.93,31.95,31.67,31.68,8308322,57.27,57.3,56.8,56.81,4632800,2026-03-10T02:46:26Z
PEP,2006-02-02,32.03,32.12,31.78,31.83,6238409,57.45,57.61,57,57.08,3478600,2026-03-10T02:46:26Z
PEP,2006-02-03,31.97,32.11,31.84,31.87,6002234,57.34,57.59,57.1,57.15,3346900,2026-03-10T02:46:26Z
PEP,2006-02-06,31.66,32.11,31.66,31.92,5891397,56.77,57.58,56.77,57.24,3285100,2026-03-10T02:46:26Z
PEP,2006-02-07,31.71,31.94,31.52,31.67,8899232,56.86,57.28,56.53,56.8,4962300,2026-03-10T02:46:26Z
PEP,2006-02-08,31.94,32.18,31.76,32.17,9482613,57.28,57.71,56.95,57.7,5287600,2026-03-10T02:46:26Z
PEP,2006-02-09,32.18,32.39,31.82,31.95,9680802,57.71,58.08,57.06,57.3,5398100,2026-03-10T02:46:26Z
PEP,2006-02-10,32.3,32.42,31.95,32.11,7562106,57.93,58.15,57.3,57.59,4216700,2026-03-10T02:46:26Z
PEP,2006-02-13,32.12,32.25,31.97,32.25,5118278,57.6,57.84,57.34,57.83,2854000,2026-03-10T02:46:26Z
PEP,2006-02-14,32.31,32.39,31.96,32.12,5788095,57.95,58.09,57.32,57.6,3227500,2026-03-10T02:46:26Z
PEP,2006-02-15,32.27,32.37,31.96,32.2,4517862,57.88,58.05,57.31,57.74,2519200,2026-03-10T02:46:26Z
PEP,2006-02-16,32.73,32.73,32.11,32.15,6091893,58.7,58.7,57.58,57.65,3396900,2026-03-10T02:46:26Z
PEP,2006-02-17,32.85,32.97,32.64,32.66,7417903,58.92,59.12,58.54,58.57,4136300,2026-03-10T02:46:26Z
PEP,2006-02-21,32.81,32.95,32.74,32.74,7942127,58.84,59.1,58.72,58.72,4428600,2026-03-10T02:46:26Z
PEP,2006-02-22,32.9,32.99,32.76,32.76,7101556,59,59.17,58.75,58.75,3959900,2026-03-10T02:46:26Z
PEP,2006-02-23,33.27,33.4,32.68,32.77,10877320,59.66,59.9,58.6,58.76,6065300,2026-03-10T02:46:26Z
PEP,2006-02-24,33.2,33.29,33.04,33.16,7145496,59.54,59.7,59.25,59.47,3984400,2026-03-10T02:46:26Z
PEP,2006-02-27,33.18,33.4,33.18,33.33,6363600,59.51,59.9,59.5,59.77,3548400,2026-03-10T02:46:26Z
PEP,2006-02-28,32.96,33.14,32.89,33,8318006,59.11,59.43,58.98,59.18,4638200,2026-03-10T02:46:26Z
PEP,2006-03-01,33.04,33.16,32.88,32.92,6270151,59.25,59.47,58.97,59.04,3496300,2026-03-10T02:46:26Z
PEP,2006-03-02,33.06,33.12,32.87,32.9,7583800,59.28,59.4,58.95,59,4228800,2026-03-10T02:46:26Z
PEP,2006-03-03,33.17,33.25,32.91,32.91,6931915,59.48,59.63,59.02,59.02,3865300,2026-03-10T02:46:26Z
PEP,2006-03-06,33.28,33.28,33.08,33.08,6286305,59.68,59.69,59.32,59.32,3505300,2026-03-10T02:46:26Z
PEP,2006-03-07,33.32,33.36,33.16,33.16,7238766,59.76,59.83,59.46,59.47,4036400,2026-03-10T02:46:26Z
PEP,2006-03-08,33.5,33.56,33.36,33.36,10724639,59.82,59.93,59.56,59.57,6006300,2026-03-10T02:46:26Z
PEP,2006-03-09,33.6,33.69,33.42,33.44,8286273,60,60.15,59.68,59.7,4640700,2026-03-10T02:46:26Z
PEP,2006-03-10,33.79,33.82,33.55,33.57,6528565,60.34,60.39,59.91,59.94,3656300,2026-03-10T02:46:26Z
PEP,2006-03-13,33.88,33.91,33.55,33.6,7537769,60.49,60.55,59.9,60,4221500,2026-03-10T02:46:26Z
PEP,2006-03-14,33.84,33.88,33.66,33.75,7742930,60.43,60.5,60.1,60.26,4336400,2026-03-10T02:46:26Z
PEP,2006-03-15,33.64,33.71,33.37,33.66,6440892,60.06,60.19,59.59,60.11,3607200,2026-03-10T02:46:26Z
PEP,2006-03-16,33.55,33.72,33.44,33.72,5377944,59.9,60.2,59.7,60.2,3011900,2026-03-10T02:46:26Z
PEP,2006-03-17,33.64,33.66,33.45,33.65,7295642,60.06,60.11,59.73,60.09,4085900,2026-03-10T02:46:26Z
PEP,2006-03-20,33.52,33.68,33.32,33.58,4927624,59.86,60.13,59.5,59.95,2759700,2026-03-10T02:46:26Z
PEP,2006-03-21,33.34,33.54,33.22,33.43,5366707,59.53,59.89,59.32,59.69,3005600,2026-03-10T02:46:26Z
PEP,2006-03-22,33.5,33.55,33.24,33.24,3739508,59.82,59.9,59.35,59.35,2094300,2026-03-10T02:46:26Z
PEP,2006-03-23,33.12,33.4,33.03,33.38,5368133,59.13,59.64,58.98,59.6,3006400,2026-03-10T02:46:26Z
PEP,2006-03-24,33.23,33.34,32.95,33.04,3893969,59.34,59.54,58.84,59,2180800,2026-03-10T02:46:26Z
PEP,2006-03-27,33.04,33.14,32.96,33.12,5199217,58.99,59.17,58.85,59.14,2911800,2026-03-10T02:46:26Z
PEP,2006-03-28,32.73,32.94,32.7,32.91,6885146,58.44,58.81,58.39,58.76,3856000,2026-03-10T02:46:26Z
PEP,2006-03-29,32.71,32.94,32.56,32.81,7472954,58.41,58.81,58.13,58.59,4185200,2026-03-10T02:46:26Z
PEP,2006-03-30,32.54,32.81,32.51,32.65,7008168,58.11,58.59,58.04,58.29,3924900,2026-03-10T02:46:26Z
PEP,2006-03-31,32.37,32.76,32.34,32.71,8015224,57.79,58.5,57.74,58.4,4488900,2026-03-10T02:46:26Z
PEP,2006-04-03,32.4,32.62,32.31,32.62,9102633,57.85,58.24,57.69,58.24,5097900,2026-03-10T02:46:26Z
PEP,2006-04-04,32.38,32.44,32.27,32.44,6337149,57.81,57.92,57.62,57.92,3549100,2026-03-10T02:46:26Z
PEP,2006-04-05,32.42,32.49,32.25,32.37,6255728,57.89,58.02,57.58,57.79,3503500,2026-03-10T02:46:26Z
PEP,2006-04-06,32.49,32.64,32.23,32.36,6164130,58.02,58.28,57.55,57.78,3452200,2026-03-10T02:46:26Z
PEP,2006-04-07,32.37,32.7,32.33,32.58,7008700,57.8,58.38,57.73,58.18,3925200,2026-03-10T02:46:26Z
PEP,2006-04-10,32.53,32.68,32.35,32.35,5690420,58.09,58.35,57.76,57.76,3186900,2026-03-10T02:46:26Z
PEP,2006-04-11,32.38,32.6,32.22,32.57,5182782,57.81,58.21,57.53,58.16,2902600,2026-03-10T02:46:26Z
PEP,2006-04-12,32.42,32.48,32.37,32.39,3903960,57.88,57.99,57.79,57.84,2186400,2026-03-10T02:46:26Z
PEP,2006-04-13,32.41,32.55,32.3,32.39,4584617,57.87,58.12,57.68,57.84,2567600,2026-03-10T02:46:26Z
PEP,2006-04-17,32.14,32.37,32.1,32.28,4814253,57.39,57.8,57.31,57.64,2696200,2026-03-10T02:46:26Z
PEP,2006-04-18,32.53,32.65,32.23,32.37,5866120,58.08,58.29,57.55,57.79,3285300,2026-03-10T02:46:26Z
PEP,2006-04-19,32.53,32.85,32.45,32.58,8133075,58.08,58.65,57.95,58.18,4554900,2026-03-10T02:46:26Z
PEP,2006-04-20,32.09,32.6,32.09,32.49,11063032,57.3,58.21,57.3,58.02,6195800,2026-03-10T02:46:26Z
PEP,2006-04-21,32.03,32.26,31.97,32.17,10170424,57.2,57.61,57.09,57.45,5695900,2026-03-10T02:46:26Z
PEP,2006-04-24,32.07,32.24,31.65,32.04,10754485,57.27,57.56,56.51,57.21,6023000,2026-03-10T02:46:26Z
PEP,2006-04-25,32.2,32.39,31.93,31.95,10047907,57.5,57.84,57.01,57.05,5627300,2026-03-10T02:46:26Z
PEP,2006-04-26,32.4,32.5,32.33,32.38,7733284,57.86,58.03,57.72,57.82,4331000,2026-03-10T02:46:26Z
PEP,2006-04-27,32.53,32.66,31.89,31.89,11625106,58.08,58.31,56.95,56.95,6510600,2026-03-10T02:46:26Z
PEP,2006-04-28,32.62,32.68,32.43,32.57,8932831,58.24,58.35,57.91,58.15,5002800,2026-03-10T02:46:26Z
PEP,2006-05-01,32.58,32.89,32.47,32.62,6962637,58.17,58.72,57.98,58.25,3899400,2026-03-10T02:46:26Z
PEP,2006-05-02,32.45,32.58,32.34,32.56,5834514,57.95,58.17,57.75,58.13,3267600,2026-03-10T02:46:26Z
PEP,2006-05-03,32.73,32.73,32.31,32.34,7074059,58.45,58.45,57.69,57.75,3961800,2026-03-10T02:46:26Z
PEP,2006-05-04,32.9,33.04,32.75,32.76,7759184,58.74,58.99,58.47,58.5,4345500,2026-03-10T02:46:26Z
PEP,2006-05-05,33.14,33.22,32.93,33.03,6962825,59.18,59.31,58.8,58.98,3899500,2026-03-10T02:46:26Z
PEP,2006-05-08,32.99,33.18,32.9,33.08,6599103,58.9,59.25,58.75,59.06,3695800,2026-03-10T02:46:26Z
PEP,2006-05-09,32.88,32.94,32.72,32.82,5139042,58.71,58.82,58.42,58.6,2878100,2026-03-10T02:46:26Z
PEP,2006-05-10,32.95,33.05,32.72,32.8,5657572,58.84,59.01,58.42,58.56,3168500,2026-03-10T02:46:26Z
PEP,2006-05-11,32.68,32.94,32.58,32.88,5595787,58.35,58.81,58.17,58.7,3133900,2026-03-10T02:46:26Z
PEP,2006-05-12,32.84,32.86,32.43,32.68,8632683,58.64,58.68,57.91,58.36,4834700,2026-03-10T02:46:26Z
PEP,2006-05-15,33.44,33.52,32.77,32.86,12613586,59.71,59.85,58.51,58.67,7064200,2026-03-10T02:46:26Z
PEP,2006-05-16,33.41,33.6,33.3,33.32,7996651,59.66,60,59.45,59.5,4478500,2026-03-10T02:46:26Z
PEP,2006-05-17,33.41,33.6,33.13,33.17,9487954,59.65,60,59.16,59.22,5313700,2026-03-10T02:46:26Z
PEP,2006-05-18,32.87,33.31,32.82,33.24,7909886,58.69,59.47,58.6,59.35,4429900,2026-03-10T02:46:26Z
PEP,2006-05-19,32.82,32.99,32.54,32.87,10058457,58.6,58.91,58.1,58.69,5633200,2026-03-10T02:46:26Z
PEP,2006-05-22,33.19,33.37,32.68,32.71,9788667,59.27,59.58,58.35,58.4,5482100,2026-03-10T02:46:26Z
PEP,2006-05-23,33.45,33.68,33.35,33.41,8938894,59.73,60.13,59.55,59.65,5006200,2026-03-10T02:46:26Z
PEP,2006-05-24,33.8,33.89,33.24,33.47,9818114,60.36,60.52,59.36,59.77,5498600,2026-03-10T02:46:26Z
PEP,2006-05-25,33.92,33.95,33.66,33.77,9841151,60.56,60.62,60.11,60.3,5511500,2026-03-10T02:46:26Z
PEP,2006-05-26,33.97,34.03,33.8,33.98,7328145,60.66,60.77,60.36,60.68,4104100,2026-03-10T02:46:26Z
PEP,2006-05-30,33.84,33.97,33.72,33.72,6294299,60.42,60.65,60.21,60.21,3525100,2026-03-10T02:46:26Z
PEP,2006-05-31,33.86,33.89,33.61,33.79,7872741,60.46,60.52,60.02,60.33,4409100,2026-03-10T02:46:26Z
PEP,2006-06-01,34.22,34.27,33.79,33.81,8359851,61.1,61.19,60.34,60.37,4681900,2026-03-10T02:46:26Z
PEP,2006-06-02,33.98,34.16,33.73,34.09,7809177,60.67,61,60.22,60.87,4373500,2026-03-10T02:46:26Z
PEP,2006-06-05,33.46,33.88,33.41,33.81,7710426,59.75,60.5,59.66,60.37,4318200,2026-03-10T02:46:26Z
PEP,2006-06-06,33.89,33.89,33.46,33.62,8026479,60.52,60.52,59.75,60.04,4495200,2026-03-10T02:46:26Z
PEP,2006-06-07,33.94,34.22,33.94,34.14,7317942,60.3,60.79,60.3,60.66,4118800,2026-03-10T02:46:26Z
PEP,2006-06-08,33.84,34.06,33.7,33.86,9339140,60.13,60.52,59.87,60.16,5256400,2026-03-10T02:46:26Z
PEP,2006-06-09,33.73,33.94,33.6,33.77,5706806,59.93,60.3,59.7,60,3212000,2026-03-10T02:46:26Z
PEP,2006-06-12,33.61,33.83,33.52,33.65,7043963,59.72,60.1,59.56,59.78,3964600,2026-03-10T02:46:26Z
PEP,2006-06-13,33.2,33.68,33.16,33.46,8980412,58.99,59.84,58.92,59.45,5054500,2026-03-10T02:46:26Z
PEP,2006-06-14,33.13,33.25,32.95,33.06,7128191,58.86,59.08,58.55,58.74,4012000,2026-03-10T02:46:26Z
PEP,2006-06-15,33.25,33.25,32.99,33.2,9157717,59.08,59.08,58.62,58.99,5154300,2026-03-10T02:46:26Z
PEP,2006-06-16,33.6,33.69,33.42,33.42,11010315,59.7,59.85,59.38,59.38,6197000,2026-03-10T02:46:26Z
PEP,2006-06-19,33.38,33.81,33.27,33.73,6771600,59.31,60.08,59.11,59.93,3811300,2026-03-10T02:46:26Z
PEP,2006-06-20,33.37,33.69,33.27,33.34,7038450,59.29,59.86,59.11,59.24,3961500,2026-03-10T02:46:26Z
PEP,2006-06-21,33.55,33.74,33.38,33.45,6167329,59.61,59.94,59.31,59.43,3471200,2026-03-10T02:46:26Z
PEP,2006-06-22,33.78,33.98,33.39,33.52,7670622,60.02,60.37,59.32,59.55,4317300,2026-03-10T02:46:26Z
PEP,2006-06-23,33.48,33.79,33.46,33.56,5245757,59.49,60.03,59.45,59.63,2952500,2026-03-10T02:46:26Z
PEP,2006-06-26,33.49,33.55,33.25,33.38,5111786,59.51,59.61,59.07,59.31,2877100,2026-03-10T02:46:26Z
PEP,2006-06-27,33.27,33.54,33.01,33.04,6220646,59.11,59.59,58.65,58.71,3501200,2026-03-10T02:46:26Z
PEP,2006-06-28,33.16,33.42,33.08,33.3,5426264,58.91,59.37,58.77,59.16,3054100,2026-03-10T02:46:26Z
PEP,2006-06-29,33.49,33.54,33.25,33.41,5282524,59.5,59.59,59.07,59.36,2973200,2026-03-10T02:46:26Z
PEP,2006-06-30,33.79,34.05,33.52,33.52,9534563,60.04,60.5,59.55,59.55,5366400,2026-03-10T02:46:26Z
PEP,2006-07-03,33.92,34.18,33.88,34.11,3217280,60.27,60.73,60.2,60.6,1810800,2026-03-10T02:46:26Z
PEP,2006-07-05,33.92,34.17,33.83,33.92,6750994,60.27,60.72,60.1,60.27,3799700,2026-03-10T02:46:26Z
PEP,2006-07-06,33.97,34.15,33.81,33.83,6185457,60.36,60.67,60.07,60.11,3481400,2026-03-10T02:46:26Z
PEP,2006-07-07,34.03,34.17,33.9,33.97,4438588,60.46,60.72,60.23,60.35,2498200,2026-03-10T02:46:26Z
PEP,2006-07-10,34.3,34.34,34.11,34.14,5821225,60.95,61.02,60.61,60.65,3276400,2026-03-10T02:46:26Z
PEP,2006-07-11,34.67,34.67,34.21,34.23,7539845,61.59,61.6,60.78,60.81,4243700,2026-03-10T02:46:26Z
PEP,2006-07-12,34.39,34.9,34.36,34.63,7809730,61.1,62,61.05,61.52,4395600,2026-03-10T02:46:26Z
PEP,2006-07-13,34.94,35.09,34.67,34.87,13902996,62.07,62.34,61.6,61.95,7825100,2026-03-10T02:46:26Z
PEP,2006-07-14,34.78,34.95,34.62,34.9,8809840,61.8,62.1,61.51,62,4958500,2026-03-10T02:46:26Z
PEP,2006-07-17,35.05,35.09,34.52,34.56,10044497,62.28,62.35,61.34,61.4,5653400,2026-03-10T02:46:26Z
PEP,2006-07-18,35.58,35.6,35.05,35.06,14322629,63.21,63.25,62.28,62.3,8061300,2026-03-10T02:46:26Z
PEP,2006-07-19,35.27,35.77,35.19,35.59,10407659,62.67,63.55,62.53,63.23,5857800,2026-03-10T02:46:26Z
PEP,2006-07-20,35.17,35.51,35.17,35.45,5975984,62.48,63.09,62.48,62.99,3363500,2026-03-10T02:46:26Z
PEP,2006-07-21,35.32,35.48,35.07,35.2,7674346,62.76,63.04,62.31,62.54,4319400,2026-03-10T02:46:26Z
PEP,2006-07-24,35.66,35.68,35.3,35.31,6840705,63.35,63.4,62.71,62.73,3850200,2026-03-10T02:46:26Z
PEP,2006-07-25,35.3,35.76,35.2,35.53,8938653,62.72,63.54,62.54,63.13,5031000,2026-03-10T02:46:26Z
PEP,2006-07-26,35.81,36.01,35.36,35.39,8522542,63.63,63.98,62.82,62.87,4796800,2026-03-10T02:46:26Z
PEP,2006-07-27,35.17,35.94,35.13,35.93,7452797,62.49,63.85,62.41,63.84,4194700,2026-03-10T02:46:26Z
PEP,2006-07-28,35.53,35.65,35.31,35.45,5538742,63.13,63.34,62.73,62.98,3117400,2026-03-10T02:46:26Z
PEP,2006-07-31,35.67,35.77,35.39,35.57,6991013,63.38,63.56,62.87,63.19,3934800,2026-03-10T02:46:26Z
PEP,2006-08-01,35.55,35.87,35.37,35.57,6181542,63.17,63.73,62.85,63.2,3479200,2026-03-10T02:46:26Z
PEP,2006-08-02,35.57,35.59,35.1,35.43,7549809,63.2,63.24,62.37,62.95,4249300,2026-03-10T02:46:26Z
PEP,2006-08-03,35.37,35.68,35.36,35.58,6372018,62.84,63.39,62.83,63.21,3586400,2026-03-10T02:46:26Z
PEP,2006-08-04,35.55,35.67,35.2,35.35,5455755,63.17,63.37,62.55,62.8,3070700,2026-03-10T02:46:26Z
PEP,2006-08-07,35.55,35.59,34.9,35.52,5265302,63.16,63.24,62,63.11,2963500,2026-03-10T02:46:26Z
PEP,2006-08-08,35.81,35.91,35.64,35.73,5560949,63.62,63.81,63.33,63.49,3129900,2026-03-10T02:46:26Z
PEP,2006-08-09,35.37,35.99,35.37,35.69,5561657,62.84,63.94,62.84,63.41,3130300,2026-03-10T02:46:26Z
PEP,2006-08-10,35.57,35.73,35.35,35.35,5486328,63.2,63.48,62.81,62.81,3087900,2026-03-10T02:46:26Z
PEP,2006-08-11,35.64,35.72,35.44,35.45,3494624,63.33,63.47,62.96,62.99,1966900,2026-03-10T02:46:26Z
PEP,2006-08-14,35.99,36,35.63,35.63,7298743,63.95,63.96,63.3,63.3,4108000,2026-03-10T02:46:26Z
PEP,2006-08-15,35.79,36.02,35.7,36.02,7897491,63.59,64,63.42,63.99,4445000,2026-03-10T02:46:26Z
PEP,2006-08-16,35.62,35.78,35.53,35.71,6019159,63.29,63.58,63.13,63.45,3387800,2026-03-10T02:46:26Z
PEP,2006-08-17,35.27,35.62,35.13,35.57,8513138,62.66,63.29,62.42,63.2,4791500,2026-03-10T02:46:26Z
PEP,2006-08-18,35.46,35.52,35.07,35.24,5864940,63.01,63.1,62.31,62.62,3301000,2026-03-10T02:46:26Z
PEP,2006-08-21,35.63,35.73,35.46,35.5,4162138,63.3,63.48,63,63.07,2342600,2026-03-10T02:46:26Z
PEP,2006-08-22,35.88,35.93,35.57,35.59,5583504,63.74,63.83,63.2,63.24,3142600,2026-03-10T02:46:26Z
PEP,2006-08-23,36.06,36.1,35.63,35.71,6784392,64.07,64.14,63.31,63.45,3818500,2026-03-10T02:46:26Z
PEP,2006-08-24,36.1,36.34,35.94,36.02,7580893,64.14,64.56,63.85,64,4266800,2026-03-10T02:46:26Z
PEP,2006-08-25,36.12,36.23,35.87,36.02,4749698,64.18,64.38,63.73,64,2673300,2026-03-10T02:46:26Z
PEP,2006-08-28,36.58,36.62,35.95,35.95,8288035,65,65.07,63.87,63.87,4664800,2026-03-10T02:46:26Z
PEP,2006-08-29,37.04,37.09,36.51,36.51,11949851,65.81,65.9,64.86,64.86,6725800,2026-03-10T02:46:26Z
PEP,2006-08-30,36.94,37.14,36.84,36.86,8201313,65.64,65.99,65.45,65.49,4616000,2026-03-10T02:46:26Z
PEP,2006-08-31,36.74,36.99,36.74,36.81,4438241,65.28,65.73,65.27,65.4,2498000,2026-03-10T02:46:26Z
PEP,2006-09-01,36.82,37.01,36.69,36.99,4842618,65.41,65.75,65.19,65.72,2725600,2026-03-10T02:46:26Z
PEP,2006-09-05,36.7,36.81,36.69,36.7,4680937,65.2,65.41,65.18,65.2,2634600,2026-03-10T02:46:26Z
PEP,2006-09-06,36.71,36.81,36.63,36.71,5325957,64.93,65.1,64.78,64.93,3011500,2026-03-10T02:46:26Z
PEP,2006-09-07,36.31,36.54,36.24,36.36,6997059,64.22,64.63,64.1,64.31,3956400,2026-03-10T02:46:26Z
PEP,2006-09-08,36.6,36.77,36.36,36.77,5499277,64.73,65.03,64.3,65.03,3109500,2026-03-10T02:46:26Z
PEP,2006-09-11,36.6,36.69,36.4,36.45,4472644,64.72,64.88,64.37,64.47,2529000,2026-03-10T02:46:26Z
PEP,2006-09-12,36.87,36.87,36.47,36.72,6155768,65.2,65.2,64.49,64.94,3480700,2026-03-10T02:46:26Z
PEP,2006-09-13,36.55,36.67,36.42,36.61,11418231,64.64,64.85,64.42,64.75,6456300,2026-03-10T02:46:26Z
PEP,2006-09-14,36.5,36.68,36.47,36.55,5999423,64.55,64.87,64.5,64.64,3392300,2026-03-10T02:46:26Z
PEP,2006-09-15,36.77,36.82,36.56,36.58,10236321,65.03,65.12,64.65,64.7,5788000,2026-03-10T02:46:26Z
PEP,2006-09-18,36.46,37.02,36.38,36.69,7280913,64.48,65.47,64.34,64.89,4116900,2026-03-10T02:46:26Z
PEP,2006-09-19,36.62,36.68,36.33,36.45,4882411,64.77,64.87,64.25,64.47,2760700,2026-03-10T02:46:26Z
PEP,2006-09-20,36.82,36.97,36.62,36.77,6825332,65.12,65.39,64.76,65.03,3859300,2026-03-10T02:46:26Z
PEP,2006-09-21,36.53,37,36.42,36.82,6428476,64.61,65.44,64.41,65.12,3634900,2026-03-10T02:46:26Z
PEP,2006-09-22,36.35,36.52,36.22,36.46,6468269,64.28,64.59,64.05,64.48,3657400,2026-03-10T02:46:26Z
PEP,2006-09-25,36.79,36.99,36.43,36.55,9011787,65.07,65.42,64.43,64.64,5095600,2026-03-10T02:46:26Z
PEP,2006-09-26,37,37.03,36.78,36.93,6728944,65.43,65.49,65.04,65.32,3804800,2026-03-10T02:46:26Z
PEP,2006-09-27,37.27,37.31,36.84,36.87,7458470,65.91,65.99,65.16,65.2,4217300,2026-03-10T02:46:26Z
PEP,2006-09-28,36.92,37.24,36.87,37.19,6022765,65.3,65.87,65.2,65.77,3405500,2026-03-10T02:46:26Z
PEP,2006-09-29,36.9,36.99,36.78,36.78,5360797,65.26,65.42,65.05,65.05,3031200,2026-03-10T02:46:26Z
PEP,2006-10-02,36.37,36.92,36.28,36.86,8720679,64.33,65.3,64.17,65.19,4931000,2026-03-10T02:46:26Z
PEP,2006-10-03,36.56,36.78,36.22,36.33,9330295,64.66,65.04,64.05,64.25,5275700,2026-03-10T02:46:26Z
PEP,2006-10-04,36.7,36.87,36.44,36.65,6413432,64.91,65.2,64.45,64.81,3626400,2026-03-10T02:46:26Z
PEP,2006-10-05,36.63,36.7,36.24,36.53,7073626,64.78,64.9,64.1,64.6,3999700,2026-03-10T02:46:26Z
PEP,2006-10-06,36.43,36.63,36.28,36.51,7142961,64.42,64.78,64.17,64.56,4038900,2026-03-10T02:46:26Z
PEP,2006-10-09,36.03,36.47,35.89,36.36,7807223,63.72,64.5,63.47,64.3,4414500,2026-03-10T02:46:26Z
PEP,2006-10-10,35.85,36.1,35.7,36.03,9215693,63.41,63.84,63.14,63.72,5210900,2026-03-10T02:46:26Z
PEP,2006-10-11,36.11,36.26,35.41,35.41,10881290,63.86,64.13,62.62,62.62,6152700,2026-03-10T02:46:26Z
PEP,2006-10-12,35.54,35.91,35.15,35.91,19353479,62.85,63.5,62.16,63.5,10943200,2026-03-10T02:46:26Z
PEP,2006-10-13,35.31,35.41,35.03,35.37,11626386,62.45,62.63,61.95,62.55,6574000,2026-03-10T02:46:26Z
PEP,2006-10-16,35.44,35.52,35.2,35.21,6847091,62.68,62.82,62.26,62.27,3871600,2026-03-10T02:46:26Z
PEP,2006-10-17,35.27,35.48,35.19,35.3,6772443,62.37,62.75,62.24,62.43,3829400,2026-03-10T02:46:26Z
PEP,2006-10-18,35.73,35.76,35.26,35.42,10907128,63.19,63.25,62.36,62.65,6167300,2026-03-10T02:46:26Z
PEP,2006-10-19,35.52,35.76,35.32,35.63,6794734,62.82,63.25,62.47,63.02,3842000,2026-03-10T02:46:26Z
PEP,2006-10-20,35.52,35.73,35.3,35.61,8513744,62.81,63.19,62.42,62.97,4814000,2026-03-10T02:46:26Z
PEP,2006-10-23,35.72,35.96,35.41,35.45,8564504,63.18,63.6,62.62,62.69,4842700,2026-03-10T02:46:26Z
PEP,2006-10-24,35.74,35.89,35.45,35.59,15685354,63.2,63.48,62.7,62.95,8869100,2026-03-10T02:46:26Z
PEP,2006-10-25,35.98,36.13,35.59,35.79,10731495,63.64,63.9,62.94,63.3,6068000,2026-03-10T02:46:26Z
PEP,2006-10-26,36.09,36.18,35.85,35.88,8104348,63.82,63.98,63.4,63.46,4582500,2026-03-10T02:46:26Z
PEP,2006-10-27,35.93,36.05,35.84,35.97,5262119,63.54,63.76,63.38,63.62,2975400,2026-03-10T02:46:26Z
PEP,2006-10-30,35.92,36.08,35.81,35.98,4483424,63.53,63.8,63.33,63.64,2535100,2026-03-10T02:46:26Z
PEP,2006-10-31,35.87,36.04,35.66,36.02,6415378,63.44,63.74,63.06,63.71,3627500,2026-03-10T02:46:26Z
PEP,2006-11-01,35.82,35.99,35.78,35.83,6309267,63.35,63.65,63.28,63.37,3567500,2026-03-10T02:46:26Z
PEP,2006-11-02,35.74,35.89,35.65,35.74,6790672,63.21,63.47,63.05,63.2,3839700,2026-03-10T02:46:26Z
PEP,2006-11-03,35.76,35.86,35.6,35.68,5460368,63.24,63.42,62.96,63.1,3087500,2026-03-10T02:46:26Z
PEP,2006-11-06,35.78,35.84,35.65,35.84,5945128,63.28,63.38,63.05,63.38,3361600,2026-03-10T02:46:26Z
PEP,2006-11-07,35.85,35.93,35.67,35.77,7793243,63.4,63.54,63.09,63.26,4406600,2026-03-10T02:46:26Z
PEP,2006-11-08,35.92,36.05,35.76,35.8,6125512,63.53,63.75,63.25,63.31,3463600,2026-03-10T02:46:26Z
PEP,2006-11-09,35.45,35.91,35.36,35.85,8866579,62.69,63.5,62.54,63.4,5013500,2026-03-10T02:46:26Z
PEP,2006-11-10,35.37,35.51,35.32,35.4,5144868,62.55,62.8,62.47,62.61,2909100,2026-03-10T02:46:26Z
PEP,2006-11-13,34.72,35.31,34.58,35.31,15164548,61.41,62.44,61.16,62.44,8574600,2026-03-10T02:46:26Z
PEP,2006-11-14,35.02,35.1,34.65,34.68,13781893,61.94,62.08,61.28,61.33,7792800,2026-03-10T02:46:26Z
PEP,2006-11-15,34.63,35.04,34.58,34.97,13401655,61.24,61.97,61.15,61.85,7577800,2026-03-10T02:46:26Z
PEP,2006-11-16,34.94,35.12,34.74,34.77,11777231,61.8,62.11,61.44,61.5,6659300,2026-03-10T02:46:26Z
PEP,2006-11-17,35.22,35.27,34.93,34.94,8907779,62.28,62.38,61.78,61.8,5036800,2026-03-10T02:46:26Z
PEP,2006-11-20,35.34,35.48,35.07,35.16,8075680,62.5,62.74,62.03,62.18,4566300,2026-03-10T02:46:26Z
PEP,2006-11-21,35.37,35.57,35.28,35.3,10007110,62.56,62.9,62.4,62.43,5658400,2026-03-10T02:46:26Z
PEP,2006-11-22,35.36,35.46,35.23,35.33,6354364,62.54,62.72,62.3,62.48,3593000,2026-03-10T02:46:26Z
PEP,2006-11-24,35.25,35.47,35.06,35.08,3789628,62.34,62.73,62,62.04,2142800,2026-03-10T02:46:26Z
PEP,2006-11-27,34.77,35.21,34.73,35.09,8430995,61.5,62.27,61.42,62.05,4767200,2026-03-10T02:46:26Z
PEP,2006-11-28,34.96,35.01,34.61,34.69,10386985,61.82,61.92,61.21,61.35,5873200,2026-03-10T02:46:26Z
PEP,2006-11-29,35.32,35.35,34.86,34.95,7264459,62.47,62.52,61.65,61.82,4107600,2026-03-10T02:46:26Z
PEP,2006-11-30,35.04,35.34,35,35.28,9202422,61.97,62.5,61.9,62.4,5203400,2026-03-10T02:46:26Z
PEP,2006-12-01,35.03,35.12,34.75,35.06,9354704,61.96,62.11,61.46,62,5289500,2026-03-10T02:46:26Z
PEP,2006-12-04,35.55,35.72,35.1,35.16,10271341,62.88,63.17,62.08,62.18,5807800,2026-03-10T02:46:26Z
PEP,2006-12-05,36.28,36.28,35.57,35.57,12067654,64.17,64.17,62.9,62.9,6823500,2026-03-10T02:46:26Z
PEP,2006-12-06,36.19,36.36,36.02,36.36,8258837,63.71,64,63.4,64,4691800,2026-03-10T02:46:26Z
PEP,2006-12-07,36.03,36.31,35.92,36.16,6429221,63.42,63.91,63.23,63.65,3652400,2026-03-10T02:46:26Z
PEP,2006-12-08,35.94,36.23,35.79,35.79,5301764,63.27,63.77,63,63,3011900,2026-03-10T02:46:26Z
PEP,2006-12-11,35.65,36.01,35.52,35.91,6750639,62.76,63.38,62.52,63.21,3835000,2026-03-10T02:46:26Z
PEP,2006-12-12,35.7,35.85,35.45,35.71,7638174,62.85,63.1,62.4,62.86,4339200,2026-03-10T02:46:26Z
PEP,2006-12-13,35.65,35.97,35.5,35.84,6756976,62.76,63.31,62.49,63.09,3838600,2026-03-10T02:46:26Z
PEP,2006-12-14,35.51,35.71,35.44,35.56,7204259,62.5,62.86,62.39,62.59,4092700,2026-03-10T02:46:26Z
PEP,2006-12-15,35.72,35.99,35.25,35.49,11522203,62.87,63.35,62.05,62.47,6545700,2026-03-10T02:46:26Z
PEP,2006-12-18,35.83,35.98,35.59,35.85,5453673,63.07,63.34,62.65,63.11,3098200,2026-03-10T02:46:26Z
PEP,2006-12-19,35.95,36.1,35.65,35.68,7498580,63.28,63.54,62.75,62.8,4259900,2026-03-10T02:46:26Z
PEP,2006-12-20,35.96,36.08,35.84,35.97,6230667,63.3,63.51,63.09,63.32,3539600,2026-03-10T02:46:26Z
PEP,2006-12-21,36.01,36.07,35.81,36.01,5410544,63.39,63.5,63.04,63.38,3073700,2026-03-10T02:46:26Z
PEP,2006-12-22,35.85,36.2,35.76,35.79,5311273,63.1,63.73,62.95,63,3017300,2026-03-10T02:46:26Z
PEP,2006-12-26,35.7,35.93,35.55,35.75,4741648,62.84,63.24,62.57,62.93,2693700,2026-03-10T02:46:26Z
PEP,2006-12-27,35.73,35.88,35.56,35.83,4118863,62.89,63.15,62.59,63.07,2339900,2026-03-10T02:46:26Z
PEP,2006-12-28,35.93,35.99,35.65,35.76,4382202,63.25,63.36,62.76,62.95,2489500,2026-03-10T02:46:26Z
PEP,2006-12-29,35.53,36.02,35.53,35.85,5030150,62.55,63.4,62.55,63.1,2857600,2026-03-10T02:46:26Z
PEP,2007-01-03,35.63,35.99,35.48,35.62,10846285,62.72,63.35,62.45,62.7,6161700,2026-03-10T02:46:26Z
PEP,2007-01-04,35.88,35.93,35.51,35.62,9535227,63.15,63.25,62.5,62.7,5416900,2026-03-10T02:46:26Z
PEP,2007-01-05,35.76,35.91,35.62,35.62,7995863,62.95,63.22,62.7,62.7,4542400,2026-03-10T02:46:26Z
PEP,2007-01-08,35.84,35.94,35.71,35.79,10777633,63.09,63.27,62.86,63,6122700,2026-03-10T02:46:26Z
PEP,2007-01-09,35.99,36.06,35.8,35.82,8677801,63.35,63.47,63.01,63.05,4929800,2026-03-10T02:46:26Z
PEP,2007-01-10,36.44,36.52,35.39,35.79,11278072,64.15,64.29,62.29,63,6407000,2026-03-10T02:46:26Z
PEP,2007-01-11,36.9,36.96,36.47,36.47,12162072,64.95,65.06,64.2,64.2,6909200,2026-03-10T02:46:26Z
PEP,2007-01-12,36.76,37.07,36.69,36.8,8769846,64.7,65.25,64.59,64.78,4982100,2026-03-10T02:46:26Z
PEP,2007-01-16,36.84,36.92,36.64,36.64,6192107,64.85,64.99,64.5,64.5,3517700,2026-03-10T02:46:26Z
PEP,2007-01-17,36.93,36.93,36.68,36.74,7911368,65,65,64.56,64.67,4494400,2026-03-10T02:46:26Z
PEP,2007-01-18,36.88,37.23,36.48,36.59,7295283,64.92,65.54,64.22,64.41,4144400,2026-03-10T02:46:26Z
PEP,2007-01-19,36.82,36.93,36.74,36.93,9388776,64.82,65.01,64.67,65.01,5333700,2026-03-10T02:46:26Z
PEP,2007-01-22,36.82,37,36.66,36.72,9763693,64.81,65.13,64.54,64.63,5546700,2026-03-10T02:46:26Z
PEP,2007-01-23,36.84,36.99,36.73,36.76,6795180,64.84,65.11,64.65,64.71,3860300,2026-03-10T02:46:26Z
PEP,2007-01-24,37.04,37.04,36.64,36.78,6313396,65.2,65.2,64.5,64.74,3586600,2026-03-10T02:46:26Z
PEP,2007-01-25,36.6,36.97,36.55,36.97,6735683,64.42,65.07,64.33,65.07,3826500,2026-03-10T02:46:26Z
PEP,2007-01-26,36.61,36.82,36.59,36.61,15079921,64.45,64.81,64.4,64.45,8566800,2026-03-10T02:46:26Z
PEP,2007-01-29,36.7,36.84,36.59,36.61,7835317,64.6,64.85,64.4,64.45,4451200,2026-03-10T02:46:26Z
PEP,2007-01-30,36.98,37.05,36.59,36.74,9032844,65.09,65.21,64.4,64.68,5131500,2026-03-10T02:46:26Z
PEP,2007-01-31,37.06,37.13,36.86,36.98,7528693,65.24,65.36,64.88,65.1,4277000,2026-03-10T02:46:26Z
PEP,2007-02-01,37.14,37.15,36.74,36.93,7714917,65.38,65.39,64.68,65,4382800,2026-03-10T02:46:26Z
PEP,2007-02-02,36.95,37.1,36.72,36.73,5452975,65.04,65.3,64.64,64.65,3097800,2026-03-10T02:46:26Z
PEP,2007-02-05,36.83,36.93,36.61,36.93,6419366,64.83,65,64.44,65,3646800,2026-03-10T02:46:26Z
PEP,2007-02-06,36.58,36.89,36.56,36.84,7269565,64.39,64.94,64.36,64.84,4129800,2026-03-10T02:46:26Z
PEP,2007-02-07,36.64,36.76,36.48,36.59,7609845,64.5,64.7,64.22,64.4,4323100,2026-03-10T02:46:26Z
PEP,2007-02-08,35.97,36.42,35.68,35.93,24469739,63.31,64.11,62.8,63.25,13901100,2026-03-10T02:46:26Z
PEP,2007-02-09,36.31,36.44,35.54,35.54,12808615,63.91,64.15,62.56,62.56,7276500,2026-03-10T02:46:26Z
PEP,2007-02-12,36.2,36.36,36.11,36.35,8732898,63.72,64,63.56,63.99,4961100,2026-03-10T02:46:26Z
PEP,2007-02-13,36.25,36.44,36.02,36.24,8752947,63.81,64.14,63.41,63.79,4972500,2026-03-10T02:46:26Z
PEP,2007-02-14,35.99,36.34,35.99,36.24,12120899,63.35,63.96,63.35,63.8,6885800,2026-03-10T02:46:26Z
PEP,2007-02-15,36.4,36.65,35.93,35.94,8275933,64.08,64.52,63.25,63.26,4701500,2026-03-10T02:46:26Z
PEP,2007-02-16,36.71,36.9,36.43,36.51,11241988,64.62,64.95,64.13,64.27,6386500,2026-03-10T02:46:26Z
PEP,2007-02-20,36.7,36.79,36.49,36.6,7031769,64.61,64.76,64.23,64.42,3994700,2026-03-10T02:46:26Z
PEP,2007-02-21,36.94,37.05,36.59,36.59,10086174,65.02,65.21,64.4,64.41,5729900,2026-03-10T02:46:26Z
PEP,2007-02-22,36.73,36.93,36.49,36.88,9890456,64.66,65,64.23,64.91,5618700,2026-03-10T02:46:26Z
PEP,2007-02-23,36.69,36.74,36.49,36.6,5958522,64.58,64.68,64.23,64.43,3385000,2026-03-10T02:46:26Z
PEP,2007-02-26,36.64,36.88,36.57,36.84,7078930,64.49,64.91,64.38,64.85,4021500,2026-03-10T02:46:26Z
PEP,2007-02-27,35.65,36.93,35.51,36.58,14569411,62.76,65,62.5,64.39,8276800,2026-03-10T02:46:26Z
PEP,2007-02-28,35.88,36.05,35.51,35.55,12567827,63.15,63.46,62.51,62.57,7139700,2026-03-10T02:46:26Z
PEP,2007-03-01,36.03,36.2,35.51,35.65,15784889,63.43,63.72,62.5,62.75,8967300,2026-03-10T02:46:26Z
PEP,2007-03-02,35.75,36.16,35.7,36.02,11167887,62.93,63.66,62.84,63.41,6344400,2026-03-10T02:46:26Z
PEP,2007-03-05,35.66,35.9,35.65,35.75,12177935,62.77,63.2,62.76,62.93,6918200,2026-03-10T02:46:26Z
PEP,2007-03-06,35.94,35.97,35.73,35.77,9845209,63.26,63.32,62.89,62.96,5593000,2026-03-10T02:46:26Z
PEP,2007-03-07,35.82,36.06,35.74,36.02,7614751,62.75,63.17,62.61,63.1,4346500,2026-03-10T02:46:26Z
PEP,2007-03-08,35.99,36.1,35.72,35.96,9055170,63.05,63.24,62.57,63,5168700,2026-03-10T02:46:26Z
PEP,2007-03-09,35.89,36.05,35.74,36.05,10643484,62.88,63.15,62.62,63.15,6075300,2026-03-10T02:46:26Z
PEP,2007-03-12,36.06,36.14,35.79,35.86,6398377,63.17,63.32,62.7,62.82,3652200,2026-03-10T02:46:26Z
PEP,2007-03-13,35.48,36.36,35.4,36.24,11279059,62.16,63.7,62.01,63.49,6438100,2026-03-10T02:46:26Z
PEP,2007-03-14,35.78,35.96,35.33,35.91,9845641,62.69,63,61.89,62.91,5619900,2026-03-10T02:46:26Z
PEP,2007-03-15,35.95,36.21,35.74,35.81,10858617,62.99,63.44,62.61,62.73,6198100,2026-03-10T02:46:26Z
PEP,2007-03-16,35.72,36.4,35.55,36.4,11716348,62.57,63.77,62.28,63.77,6687700,2026-03-10T02:46:26Z
PEP,2007-03-19,35.87,36.08,35.82,35.85,9646278,62.84,63.2,62.75,62.81,5506100,2026-03-10T02:46:26Z
PEP,2007-03-20,36.19,36.25,35.77,35.78,7612632,63.4,63.51,62.66,62.69,4345300,2026-03-10T02:46:26Z
PEP,2007-03-21,36.63,36.7,36.06,36.09,8409413,64.18,64.3,63.18,63.22,4800100,2026-03-10T02:46:26Z
PEP,2007-03-22,36.59,36.72,36.25,36.4,8593199,64.11,64.33,63.5,63.77,4905000,2026-03-10T02:46:26Z
PEP,2007-03-23,36.58,36.62,36.39,36.45,5517514,64.09,64.16,63.76,63.85,3149400,2026-03-10T02:46:26Z
PEP,2007-03-26,36.47,36.55,36.14,36.54,9321456,63.89,64.04,63.32,64.02,5320700,2026-03-10T02:46:26Z
PEP,2007-03-27,35.93,36.25,35.89,36.25,11567611,62.95,63.5,62.87,63.5,6602800,2026-03-10T02:46:26Z
PEP,2007-03-28,35.9,36.15,35.77,35.82,12946708,62.89,63.33,62.67,62.75,7390000,2026-03-10T02:46:26Z
PEP,2007-03-29,36.3,36.34,35.72,35.94,8677814,63.59,63.67,62.57,62.97,4953300,2026-03-10T02:46:26Z
PEP,2007-03-30,36.28,36.53,35.9,36.5,8898550,63.56,64,62.9,63.94,5079300,2026-03-10T02:46:26Z
PEP,2007-04-02,36.18,36.36,36.03,36.05,8051662,63.39,63.7,63.12,63.15,4595900,2026-03-10T02:46:26Z
PEP,2007-04-03,36.19,36.42,36.12,36.36,9790798,63.4,63.8,63.27,63.7,5588600,2026-03-10T02:46:26Z
PEP,2007-04-04,36.38,36.44,36.15,36.22,8854410,63.73,63.84,63.34,63.45,5054100,2026-03-10T02:46:26Z
PEP,2007-04-05,36.35,36.43,36.21,36.32,7660465,63.68,63.83,63.43,63.63,4372600,2026-03-10T02:46:26Z
PEP,2007-04-09,35.95,36.39,35.94,36.3,11996142,62.99,63.75,62.96,63.6,6847400,2026-03-10T02:46:26Z
PEP,2007-04-10,36.19,36.22,35.89,35.93,11294651,63.41,63.46,62.87,62.95,6447000,2026-03-10T02:46:26Z
PEP,2007-04-11,36.08,36.2,35.96,36.1,9462150,63.21,63.42,63,63.24,5401000,2026-03-10T02:46:26Z
PEP,2007-04-12,36.62,36.71,36.33,36.47,14257680,64.16,64.31,63.65,63.9,8138300,2026-03-10T02:46:26Z
PEP,2007-04-13,36.76,36.87,36.53,36.76,8667465,64.4,64.59,64,64.4,4947400,2026-03-10T02:46:26Z
PEP,2007-04-16,36.85,36.92,36.71,36.76,11061652,64.56,64.69,64.31,64.4,6314000,2026-03-10T02:46:26Z
PEP,2007-04-17,37.56,37.68,36.78,36.92,21069518,65.8,66.01,64.44,64.68,12026500,2026-03-10T02:46:26Z
PEP,2007-04-18,37.63,37.66,37.4,37.42,10338454,65.92,65.98,65.52,65.55,5901200,2026-03-10T02:46:26Z
PEP,2007-04-19,37.69,37.69,37.42,37.61,9262945,66.03,66.03,65.55,65.89,5287300,2026-03-10T02:46:26Z
PEP,2007-04-20,38.04,38.14,37.82,37.82,14080208,66.65,66.82,66.25,66.25,8037000,2026-03-10T02:46:26Z
PEP,2007-04-23,38.01,38.22,37.99,37.99,7742810,66.59,66.96,66.55,66.56,4419600,2026-03-10T02:46:26Z
PEP,2007-04-24,37.91,38.16,37.75,37.99,8034498,66.41,66.86,66.13,66.56,4586100,2026-03-10T02:46:26Z
PEP,2007-04-25,38.23,38.38,37.84,38.11,10368076,66.98,67.24,66.3,66.77,5918100,2026-03-10T02:46:26Z
PEP,2007-04-26,37.91,38.47,37.85,38.47,11186910,66.41,67.4,66.31,67.4,6385500,2026-03-10T02:46:26Z
PEP,2007-04-27,37.84,38,37.55,37.59,7926755,66.29,66.57,65.78,65.85,4524600,2026-03-10T02:46:26Z
PEP,2007-04-30,37.72,38.08,37.71,37.78,9641547,66.09,66.72,66.07,66.19,5503400,2026-03-10T02:46:26Z
PEP,2007-05-01,37.9,37.96,37.66,37.76,7197427,66.4,66.51,65.97,66.15,4108300,2026-03-10T02:46:26Z
PEP,2007-05-02,38.26,38.3,37.96,38.13,9749452,67.02,67.1,66.51,66.8,5565000,2026-03-10T02:46:26Z
PEP,2007-05-03,38.42,38.66,38.27,38.29,9118942,67.31,67.72,67.05,67.08,5205100,2026-03-10T02:46:26Z
PEP,2007-05-04,38.48,38.59,38.37,38.49,5687271,67.42,67.6,67.22,67.43,3246300,2026-03-10T02:46:26Z
PEP,2007-05-07,38.52,38.64,38.41,38.56,4200944,67.48,67.69,67.3,67.55,2397900,2026-03-10T02:46:26Z
PEP,2007-05-08,38.33,38.59,38.3,38.36,5726161,67.15,67.6,67.1,67.2,3268500,2026-03-10T02:46:26Z
PEP,2007-05-09,38.34,38.52,38.27,38.33,5940774,67.17,67.49,67.04,67.15,3391000,2026-03-10T02:46:26Z
PEP,2007-05-10,37.87,38.34,37.85,38.25,7553429,66.35,67.17,66.32,67.01,4311500,2026-03-10T02:46:26Z
PEP,2007-05-11,38.13,38.16,37.78,37.87,6438322,66.8,66.85,66.19,66.35,3675000,2026-03-10T02:46:26Z
PEP,2007-05-14,38.12,38.24,37.93,38.08,8624722,66.79,67,66.45,66.71,4923000,2026-03-10T02:46:26Z
PEP,2007-05-15,38.5,38.58,38.19,38.27,11886287,67.45,67.59,66.9,67.04,6784700,2026-03-10T02:46:26Z
PEP,2007-05-16,39.18,39.27,38.4,38.49,15670603,68.64,68.8,67.27,67.44,8944800,2026-03-10T02:46:26Z
PEP,2007-05-17,39.09,39.22,38.89,39.07,10033984,68.49,68.71,68.13,68.45,5727400,2026-03-10T02:46:26Z
PEP,2007-05-18,39.66,39.75,39.21,39.25,14661873,69.48,69.64,68.69,68.77,8369000,2026-03-10T02:46:26Z
PEP,2007-05-21,39.4,39.62,39.04,39.1,12382946,69.03,69.41,68.39,68.5,7068200,2026-03-10T02:46:26Z
PEP,2007-05-22,39.2,39.38,39.03,39.29,11088628,68.67,69,68.37,68.83,6329400,2026-03-10T02:46:26Z
PEP,2007-05-23,39.21,39.34,39.12,39.24,7729492,68.69,68.92,68.54,68.75,4412000,2026-03-10T02:46:26Z
PEP,2007-05-24,39.07,39.42,39.03,39.24,10647850,68.45,69.06,68.37,68.74,6077800,2026-03-10T02:46:26Z
PEP,2007-05-25,39.28,39.38,39.03,39.03,7149255,68.82,69,68.38,68.38,4080800,2026-03-10T02:46:26Z
PEP,2007-05-29,39.09,39.38,39,39.19,8762785,68.48,69,68.33,68.66,5001800,2026-03-10T02:46:26Z
PEP,2007-05-30,39.14,39.25,38.85,38.93,9890142,68.57,68.76,68.06,68.2,5645300,2026-03-10T02:46:26Z
PEP,2007-05-31,39,39.33,38.96,39.11,10007348,68.33,68.91,68.26,68.51,5712200,2026-03-10T02:46:26Z
PEP,2007-06-01,39.21,39.36,39.01,39.25,8698658,68.7,68.96,68.35,68.76,4965200,2026-03-10T02:46:26Z
PEP,2007-06-04,38.99,39.21,38.81,38.81,6519086,68.31,68.7,68,68,3721100,2026-03-10T02:46:26Z
PEP,2007-06-05,38.6,39.02,38.58,38.68,10318149,67.62,68.36,67.59,67.77,5889600,2026-03-10T02:46:26Z
PEP,2007-06-06,38.49,38.74,38.46,38.58,9473600,67.06,67.5,67,67.22,5437700,2026-03-10T02:46:26Z
PEP,2007-06-07,38.08,38.55,38.05,38.43,12408371,66.35,67.16,66.29,66.96,7122200,2026-03-10T02:46:26Z
PEP,2007-06-08,38.23,38.25,37.78,38,12198938,66.61,66.64,65.83,66.21,7002000,2026-03-10T02:46:26Z
PEP,2007-06-11,37.91,38.23,37.87,38.05,8828296,66.04,66.61,65.98,66.3,5067300,2026-03-10T02:46:26Z
PEP,2007-06-12,37.9,38.25,37.75,37.86,11190196,66.03,66.64,65.77,65.96,6423000,2026-03-10T02:46:26Z
PEP,2007-06-13,38.11,38.12,37.62,37.93,9945050,66.39,66.42,65.54,66.08,5708300,2026-03-10T02:46:26Z
PEP,2007-06-14,38.39,38.51,38.08,38.15,9015928,66.89,67.09,66.35,66.47,5175000,2026-03-10T02:46:26Z
PEP,2007-06-15,38.27,38.89,38.26,38.55,13516422,66.68,67.76,66.66,67.16,7758200,2026-03-10T02:46:26Z
PEP,2007-06-18,38.22,38.4,38.19,38.28,6121597,66.59,66.9,66.54,66.69,3513700,2026-03-10T02:46:26Z
PEP,2007-06-19,37.77,38.11,37.61,38.1,11094225,65.8,66.39,65.52,66.38,6367900,2026-03-10T02:46:26Z
PEP,2007-06-20,37.61,38.12,37.61,37.95,8370274,65.52,66.42,65.52,66.12,4804400,2026-03-10T02:46:26Z
PEP,2007-06-21,37.81,37.92,37.6,37.61,7537660,65.88,66.07,65.5,65.52,4326500,2026-03-10T02:46:26Z
PEP,2007-06-22,37.23,37.87,37.14,37.64,13448110,64.86,65.98,64.71,65.58,7719000,2026-03-10T02:46:26Z
PEP,2007-06-25,37.11,37.42,36.92,37.14,10442267,64.65,65.2,64.33,64.7,5993700,2026-03-10T02:46:26Z
PEP,2007-06-26,37.11,37.42,37.03,37.32,13505779,64.66,65.2,64.51,65.02,7752100,2026-03-10T02:46:26Z
PEP,2007-06-27,37.41,37.62,36.88,37.06,9049563,65.17,65.54,64.25,64.57,5194300,2026-03-10T02:46:26Z
PEP,2007-06-28,37.45,37.72,37.14,37.41,8893466,65.25,65.71,64.7,65.18,5104700,2026-03-10T02:46:26Z
PEP,2007-06-29,37.22,37.66,36.94,37.49,12052272,64.85,65.61,64.36,65.31,6917800,2026-03-10T02:46:26Z
PEP,2007-07-02,37.48,37.88,37.31,37.53,12472840,65.3,66,65,65.38,7159200,2026-03-10T02:46:26Z
PEP,2007-07-03,37.65,37.72,37.33,37.58,6072644,65.59,65.71,65.04,65.48,3485600,2026-03-10T02:46:26Z
PEP,2007-07-05,37.83,38.18,37.7,37.73,9894175,65.91,66.51,65.68,65.74,5679100,2026-03-10T02:46:26Z
PEP,2007-07-06,38.01,38.12,37.68,37.84,6709249,66.22,66.42,65.65,65.92,3851000,2026-03-10T02:46:26Z
PEP,2007-07-09,37.91,38.14,37.88,37.91,7241499,66.05,66.44,66,66.05,4156500,2026-03-10T02:46:26Z
PEP,2007-07-10,37.81,38.2,37.79,37.91,12461157,65.87,66.55,65.84,66.05,7152500,2026-03-10T02:46:26Z
PEP,2007-07-11,37.95,38,37.58,37.64,8592918,66.11,66.21,65.47,65.58,4932200,2026-03-10T02:46:26Z
PEP,2007-07-12,38.42,38.46,37.88,38.03,9808981,66.94,67,66,66.26,5630200,2026-03-10T02:46:26Z
PEP,2007-07-13,38.37,38.46,38.03,38.46,8521672,66.85,67,66.26,67,4891300,2026-03-10T02:46:26Z
PEP,2007-07-16,38.45,38.6,38.2,38.23,7795336,66.99,67.25,66.56,66.61,4474400,2026-03-10T02:46:26Z
PEP,2007-07-17,38.11,38.6,38.03,38.53,42398611,66.4,67.25,66.25,67.13,24336100,2026-03-10T02:46:26Z
PEP,2007-07-18,37.96,38.2,37.65,38.04,13129306,66.13,66.55,65.6,66.27,7536000,2026-03-10T02:46:26Z
PEP,2007-07-19,37.58,38.18,37.45,38.01,17316002,65.47,66.52,65.25,66.22,9939100,2026-03-10T02:46:26Z
PEP,2007-07-20,37.12,37.42,36.88,37.42,20138738,64.67,65.2,64.25,65.2,11559300,2026-03-10T02:46:26Z
PEP,2007-07-23,38.22,38.38,37.17,37.32,19093560,66.59,66.87,64.75,65.02,10959400,2026-03-10T02:46:26Z
PEP,2007-07-24,38.03,38.4,37.66,37.88,14448131,66.26,66.9,65.61,66,8293000,2026-03-10T02:46:26Z
PEP,2007-07-25,39.21,39.58,38.35,38.35,19799499,68.32,68.96,66.82,66.82,11364600,2026-03-10T02:46:26Z
PEP,2007-07-26,38.37,39.17,38.11,38.72,18046142,66.84,68.25,66.4,67.45,10358200,2026-03-10T02:46:26Z
PEP,2007-07-27,37.69,38.62,37.67,38.54,15465236,65.66,67.28,65.63,67.15,8876800,2026-03-10T02:46:26Z
PEP,2007-07-30,37.83,39.55,37.38,38.33,12900897,65.9,68.9,65.13,66.78,7404900,2026-03-10T02:46:26Z
PEP,2007-07-31,37.66,38.17,37.63,37.91,12132927,65.62,66.5,65.56,66.05,6964100,2026-03-10T02:46:26Z
PEP,2007-08-01,38.13,38.31,37.37,37.37,11426468,66.43,66.74,65.1,65.11,6558600,2026-03-10T02:46:26Z
PEP,2007-08-02,38.35,38.58,38.03,38.45,9176032,66.81,67.22,66.25,66.99,5266900,2026-03-10T02:46:26Z
PEP,2007-08-03,38.15,38.8,38.13,38.35,10651870,66.47,67.59,66.43,66.81,6114000,2026-03-10T02:46:26Z
PEP,2007-08-06,39.32,39.35,38.31,38.52,13173204,68.51,68.55,66.75,67.11,7561200,2026-03-10T02:46:26Z
PEP,2007-08-07,39.7,40.08,39,39.14,15809861,69.16,69.83,67.95,68.19,9074600,2026-03-10T02:46:26Z
PEP,2007-08-08,40.14,40.28,39.32,39.42,11684484,69.94,70.17,68.51,68.67,6706700,2026-03-10T02:46:26Z
PEP,2007-08-09,39.32,40.32,39.32,39.86,14925677,68.5,70.25,68.5,69.45,8567100,2026-03-10T02:46:26Z
PEP,2007-08-10,39,39.39,38.57,38.85,13325113,67.95,68.63,67.2,67.68,7648400,2026-03-10T02:46:26Z
PEP,2007-08-13,39.08,39.42,38.57,39.06,9554280,68.08,68.67,67.2,68.05,5484000,2026-03-10T02:46:26Z
PEP,2007-08-14,38.55,39.35,38.36,39.23,8802676,67.16,68.55,66.83,68.35,5052600,2026-03-10T02:46:26Z
PEP,2007-08-15,38.65,39.33,38.34,38.41,10626771,67.34,68.52,66.8,66.91,6099600,2026-03-10T02:46:26Z
PEP,2007-08-16,39.24,39.36,38.17,38.18,16907434,68.37,68.57,66.5,66.51,9704600,2026-03-10T02:46:26Z
PEP,2007-08-17,39.82,40.08,39.19,39.99,15100249,69.38,69.82,68.28,69.68,8667300,2026-03-10T02:46:26Z
PEP,2007-08-20,39.38,39.98,39.12,39.71,8647288,68.61,69.65,68.15,69.19,4963400,2026-03-10T02:46:26Z
PEP,2007-08-21,39.29,39.5,39.09,39.21,8447448,68.45,68.82,68.1,68.31,4848700,2026-03-10T02:46:26Z
PEP,2007-08-22,39.49,39.55,38.92,39.39,12791820,68.8,68.9,67.8,68.63,7342300,2026-03-10T02:46:26Z
PEP,2007-08-23,38.98,39.62,38.71,39.54,11324199,67.91,69.02,67.44,68.88,6499900,2026-03-10T02:46:26Z
PEP,2007-08-24,39.16,39.26,38.93,39.05,6960296,68.22,68.39,67.83,68.04,3995100,2026-03-10T02:46:26Z
PEP,2007-08-27,39.09,39.26,38.89,38.98,5531514,68.1,68.39,67.75,67.91,3175000,2026-03-10T02:46:26Z
PEP,2007-08-28,38.75,39.13,38.65,39.03,8585270,67.51,68.18,67.34,68,4927800,2026-03-10T02:46:26Z
PEP,2007-08-29,39.14,39.2,38.65,38.86,6601224,68.19,68.29,67.34,67.71,3789000,2026-03-10T02:46:26Z
PEP,2007-08-30,38.95,39.18,38.81,38.86,6887309,67.86,68.26,67.61,67.71,3953200,2026-03-10T02:46:26Z
PEP,2007-08-31,39.05,39.45,38.74,39.16,10829926,68.03,68.73,67.5,68.23,6216200,2026-03-10T02:46:26Z
PEP,2007-09-04,39.38,39.55,39.13,39.23,7999534,68.61,68.9,68.17,68.34,4591600,2026-03-10T02:46:26Z
PEP,2007-09-05,39.21,39.37,38.45,39.14,7861889,67.94,68.22,66.63,67.82,4537400,2026-03-10T02:46:26Z
PEP,2007-09-06,39.57,39.85,38.85,39.04,8295585,68.56,69.05,67.32,67.64,4787700,2026-03-10T02:46:26Z
PEP,2007-09-07,39.23,39.6,39.06,39.24,9424769,67.98,68.62,67.68,68,5439400,2026-03-10T02:46:26Z
PEP,2007-09-10,39.51,39.73,39.26,39.27,8049194,68.46,68.84,68.02,68.05,4645500,2026-03-10T02:46:26Z
PEP,2007-09-11,40.32,40.39,39.83,40.02,11411290,69.87,69.99,69.02,69.34,6585900,2026-03-10T02:46:26Z
PEP,2007-09-12,40.16,40.38,40.04,40.17,9492348,69.58,69.97,69.37,69.61,5478400,2026-03-10T02:46:26Z
PEP,2007-09-13,40.33,40.68,40.17,40.33,11871165,69.88,70.48,69.6,69.87,6851300,2026-03-10T02:46:26Z
PEP,2007-09-14,40.15,40.56,40.05,40.09,8404753,69.56,70.27,69.4,69.47,4850700,2026-03-10T02:46:26Z
PEP,2007-09-17,40.28,40.43,39.89,40.03,8829588,69.8,70.06,69.12,69.36,5095900,2026-03-10T02:46:26Z
PEP,2007-09-18,40.91,41.03,40.23,40.4,10409106,70.88,71.1,69.71,70,6007500,2026-03-10T02:46:26Z
PEP,2007-09-19,41.04,41.18,40.45,40.98,12061062,71.11,71.35,70.08,71,6960900,2026-03-10T02:46:26Z
PEP,2007-09-20,40.99,41.24,40.88,40.92,9068544,71.03,71.45,70.83,70.9,5233800,2026-03-10T02:46:26Z
PEP,2007-09-21,41.23,41.55,40.99,41.35,13486183,71.44,71.99,71.03,71.65,7783400,2026-03-10T02:46:26Z
PEP,2007-09-24,41.12,41.5,40.95,41.24,14086919,71.25,71.9,70.95,71.46,8130100,2026-03-10T02:46:26Z
PEP,2007-09-25,41.1,41.4,40.83,40.89,9886015,71.22,71.73,70.75,70.85,5705600,2026-03-10T02:46:26Z
PEP,2007-09-26,41.69,41.87,41.17,41.19,11139964,72.23,72.54,71.33,71.37,6429300,2026-03-10T02:46:26Z
PEP,2007-09-27,41.91,42.04,41.69,41.73,9509675,72.62,72.85,72.23,72.3,5488400,2026-03-10T02:46:26Z
PEP,2007-09-28,42.28,42.3,41.84,41.92,11620252,73.26,73.29,72.5,72.63,6706500,2026-03-10T02:46:26Z
PEP,2007-10-01,42.71,42.85,42.42,42.44,12503937,74.01,74.24,73.5,73.54,7216500,2026-03-10T02:46:26Z
PEP,2007-10-02,42.57,42.85,42.33,42.78,10646673,73.76,74.25,73.34,74.12,6144600,2026-03-10T02:46:26Z
PEP,2007-10-03,42.4,42.53,42.25,42.48,8904288,73.47,73.7,73.2,73.6,5139000,2026-03-10T02:46:26Z
PEP,2007-10-04,42.63,42.64,42.14,42.14,7734195,73.87,73.88,73.01,73.01,4463700,2026-03-10T02:46:26Z
PEP,2007-10-05,42.56,42.82,42.27,42.79,9873191,73.74,74.19,73.24,74.14,5698200,2026-03-10T02:46:26Z
PEP,2007-10-08,42.66,42.68,42.36,42.42,4109759,73.91,73.95,73.4,73.5,2371900,2026-03-10T02:46:26Z
PEP,2007-10-09,42.25,42.53,42.09,42.36,12170737,73.21,73.69,72.93,73.4,7024200,2026-03-10T02:46:26Z
PEP,2007-10-10,42.48,42.82,42.19,42.4,9232617,73.6,74.19,73.1,73.46,5328500,2026-03-10T02:46:26Z
PEP,2007-10-11,41.42,42.77,40.87,42.59,21430052,71.77,74.1,70.82,73.8,12368100,2026-03-10T02:46:26Z
PEP,2007-10-12,41.43,41.83,41.21,41.4,9964853,71.78,72.47,71.4,71.74,5751100,2026-03-10T02:46:26Z
PEP,2007-10-15,41.18,41.54,40.86,41.35,12204186,71.35,71.97,70.79,71.65,7043500,2026-03-10T02:46:26Z
PEP,2007-10-16,41.48,41.58,41.01,41.01,9869218,71.87,72.05,71.05,71.06,5695900,2026-03-10T02:46:26Z
PEP,2007-10-17,41.62,42.01,41.33,41.57,8381015,72.11,72.79,71.61,72.02,4837000,2026-03-10T02:46:26Z
PEP,2007-10-18,41.48,41.81,41.39,41.59,5936185,71.88,72.44,71.71,72.07,3426000,2026-03-10T02:46:26Z
PEP,2007-10-19,40.63,41.47,40.6,41.32,12809592,70.4,71.85,70.35,71.6,7392900,2026-03-10T02:46:26Z
PEP,2007-10-22,41.07,41.1,40.39,40.42,9467754,71.17,71.22,69.98,70.03,5464200,2026-03-10T02:46:26Z
PEP,2007-10-23,41.28,41.31,40.81,41.13,8452393,71.53,71.58,70.71,71.27,4878200,2026-03-10T02:46:26Z
PEP,2007-10-24,41.44,41.5,40.94,41.08,8809853,71.8,71.9,70.94,71.18,5084500,2026-03-10T02:46:26Z
PEP,2007-10-25,41.54,41.77,41.34,41.55,8157146,71.98,72.37,71.62,72,4707800,2026-03-10T02:46:26Z
PEP,2007-10-26,41.75,41.82,41.27,41.82,7161712,72.34,72.46,71.5,72.46,4133300,2026-03-10T02:46:26Z
PEP,2007-10-29,42.54,42.63,41.65,41.84,10318148,73.7,73.87,72.17,72.49,5955000,2026-03-10T02:46:26Z
PEP,2007-10-30,42.62,42.89,42.19,42.3,8597417,73.84,74.32,73.1,73.3,4961900,2026-03-10T02:46:26Z
PEP,2007-10-31,42.55,42.88,42.04,42.73,8336310,73.72,74.3,72.85,74.04,4811200,2026-03-10T02:46:26Z
PEP,2007-11-01,41.78,42.65,41.78,42.41,8595175,72.39,73.9,72.39,73.49,4960600,2026-03-10T02:46:26Z
PEP,2007-11-02,42.12,42.49,41.77,42.49,8789911,72.98,73.63,72.37,73.63,5073000,2026-03-10T02:46:26Z
PEP,2007-11-05,41.99,42.45,41.91,42.45,11551992,72.76,73.56,72.62,73.56,6667100,2026-03-10T02:46:26Z
PEP,2007-11-06,42.41,42.65,41.99,42.03,8335089,73.49,73.89,72.76,72.82,4810500,2026-03-10T02:46:26Z
PEP,2007-11-07,41.75,42.32,41.66,42.04,8505757,72.34,73.32,72.19,72.85,4909000,2026-03-10T02:46:26Z
PEP,2007-11-08,42.42,42.56,41.55,41.78,11815009,73.5,73.75,72,72.4,6818900,2026-03-10T02:46:26Z
PEP,2007-11-09,42.41,42.84,42.02,42.48,11599999,73.48,74.23,72.81,73.6,6694800,2026-03-10T02:46:26Z
PEP,2007-11-12,41.88,42.53,41.84,42.25,8578884,72.57,73.69,72.5,73.2,4951200,2026-03-10T02:46:26Z
PEP,2007-11-13,42.33,42.37,41.61,42.24,9947880,73.34,73.42,72.1,73.19,5741300,2026-03-10T02:46:26Z
PEP,2007-11-14,42.74,43.26,42.05,42.65,10788738,74.06,74.96,72.86,73.9,6226600,2026-03-10T02:46:26Z
PEP,2007-11-15,42.47,43.2,42.35,42.66,9018816,73.58,74.86,73.38,73.91,5205100,2026-03-10T02:46:26Z
PEP,2007-11-16,42.79,42.93,42.22,42.83,10557089,74.15,74.39,73.16,74.21,6092900,2026-03-10T02:46:26Z
PEP,2007-11-19,43.33,43.52,42.45,42.61,13589130,75.08,75.4,73.55,73.83,7842800,2026-03-10T02:46:26Z
PEP,2007-11-20,43.19,43.62,42.69,43.28,14156754,74.84,75.58,73.97,75,8170400,2026-03-10T02:46:26Z
PEP,2007-11-21,43.31,44.03,42.95,42.95,13352420,75.04,76.29,74.42,74.42,7706200,2026-03-10T02:46:26Z
PEP,2007-11-23,43.58,43.68,43.15,43.68,3956245,75.51,75.69,74.76,75.69,2283300,2026-03-10T02:46:26Z
PEP,2007-11-26,43.11,44.1,43,43.67,10461954,74.69,76.41,74.51,75.66,6038000,2026-03-10T02:46:26Z
PEP,2007-11-27,43.82,43.94,42.96,43.38,10989056,75.92,76.13,74.44,75.16,6342200,2026-03-10T02:46:26Z
PEP,2007-11-28,44.53,44.68,43.56,43.91,11660461,77.16,77.41,75.47,76.09,6729700,2026-03-10T02:46:26Z
PEP,2007-11-29,44.17,44.48,43.91,44.48,7836764,76.54,77.07,76.09,77.07,4522900,2026-03-10T02:46:26Z
PEP,2007-11-30,44.54,44.54,43.89,44.28,12627139,77.18,77.18,76.04,76.72,7287600,2026-03-10T02:46:26Z
PEP,2007-12-03,44.2,44.73,44.08,44.73,7666109,76.58,77.51,76.37,77.51,4424400,2026-03-10T02:46:26Z
PEP,2007-12-04,44.24,44.44,44,44.02,7381948,76.65,77,76.24,76.28,4260400,2026-03-10T02:46:26Z
PEP,2007-12-05,44.23,44.54,43.86,43.97,11345659,76.27,76.79,75.62,75.81,6580200,2026-03-10T02:46:26Z
PEP,2007-12-06,44.68,44.76,44.1,44.22,6532346,77.03,77.17,76.04,76.24,3788600,2026-03-10T02:46:26Z
PEP,2007-12-07,44.66,45.09,44.61,44.76,5793005,77,77.75,76.91,77.17,3359800,2026-03-10T02:46:26Z
PEP,2007-12-10,44.82,44.99,44.61,44.87,6796839,77.28,77.57,76.91,77.37,3942000,2026-03-10T02:46:26Z
PEP,2007-12-11,44.36,45.29,44.27,44.95,9272467,76.48,78.09,76.34,77.5,5377800,2026-03-10T02:46:26Z
PEP,2007-12-12,45.29,45.57,44.77,45.1,12884160,78.09,78.57,77.2,77.76,7472500,2026-03-10T02:46:26Z
PEP,2007-12-13,45.64,45.69,44.97,45.41,8614151,78.69,78.78,77.53,78.3,4996000,2026-03-10T02:46:26Z
PEP,2007-12-14,45.5,45.82,45.45,45.58,11622208,78.46,79,78.37,78.59,6740600,2026-03-10T02:46:26Z
PEP,2007-12-17,44.87,45.75,44.77,45.75,10291125,77.37,78.89,77.2,78.89,5968600,2026-03-10T02:46:26Z
PEP,2007-12-18,44.67,45.28,44.38,45.28,12731747,77.02,78.08,76.52,78.08,7384100,2026-03-10T02:46:26Z
PEP,2007-12-19,44.54,44.88,44.26,44.77,8692784,76.79,77.39,76.32,77.19,5041600,2026-03-10T02:46:26Z
PEP,2007-12-20,44.36,44.79,44.14,44.77,7526356,76.49,77.22,76.11,77.2,4365100,2026-03-10T02:46:26Z
PEP,2007-12-21,44.86,45.17,44.52,45.13,13371082,77.35,77.88,76.77,77.82,7754900,2026-03-10T02:46:26Z
PEP,2007-12-24,45.07,45.24,44.66,44.86,2491311,77.71,78,77.01,77.35,1444900,2026-03-10T02:46:26Z
PEP,2007-12-26,44.82,45.23,44.61,45.23,5594030,77.28,77.98,76.92,77.98,3244400,2026-03-10T02:46:26Z
PEP,2007-12-27,44.48,45.16,44.42,44.66,5915252,76.7,77.86,76.59,77,3430700,2026-03-10T02:46:26Z
PEP,2007-12-28,44.68,44.84,44.41,44.66,4170005,77.03,77.32,76.57,77,2418500,2026-03-10T02:46:26Z
PEP,2007-12-31,44.02,44.62,43.93,44.62,6392503,75.9,76.93,75.75,76.93,3707500,2026-03-10T02:46:26Z
PEP,2008-01-02,43.67,44.32,43.33,44.32,8446900,75.29,76.41,74.71,76.41,4899000,2026-03-10T02:46:26Z
PEP,2008-01-03,43.95,44.56,43.67,43.72,8152574,75.78,76.84,75.29,75.39,4728300,2026-03-10T02:46:26Z
PEP,2008-01-04,43.82,44.31,43.67,43.67,9471251,75.55,76.4,75.29,75.29,5493100,2026-03-10T02:46:26Z
PEP,2008-01-07,44.84,44.91,43.9,44,13077623,77.32,77.44,75.7,75.86,7584700,2026-03-10T02:46:26Z
PEP,2008-01-08,45.2,45.81,44.76,45.15,12334484,77.94,78.99,77.17,77.85,7153700,2026-03-10T02:46:26Z
PEP,2008-01-09,45.67,46,45.23,45.24,16015664,78.74,79.32,77.98,78,9288700,2026-03-10T02:46:26Z
PEP,2008-01-10,46.15,46.28,45.37,45.67,13577799,79.57,79.79,78.22,78.74,7874800,2026-03-10T02:46:26Z
PEP,2008-01-11,45.11,45.92,44.48,45.82,13901619,77.78,79.17,76.69,79.01,8062600,2026-03-10T02:46:26Z
PEP,2008-01-14,44.61,45.46,44.45,45.38,13384018,76.92,78.39,76.65,78.25,7762400,2026-03-10T02:46:26Z
PEP,2008-01-15,43.4,44.4,43.33,44.09,16112565,74.83,76.55,74.71,76.02,9344900,2026-03-10T02:46:26Z
PEP,2008-01-16,42.65,43.41,42.5,43.12,16615873,73.54,74.85,73.28,74.35,9636800,2026-03-10T02:46:26Z
PEP,2008-01-17,41.82,42.74,41.67,42.74,17270873,72.1,73.7,71.84,73.7,10016700,2026-03-10T02:46:26Z
PEP,2008-01-18,41.45,42.43,41.15,42.07,15493566,71.46,73.16,70.95,72.54,8985900,2026-03-10T02:46:26Z
PEP,2008-01-22,40.27,40.6,39.07,39.44,24207575,69.44,70,67.37,68,14039800,2026-03-10T02:46:26Z
PEP,2008-01-23,40.89,41.13,39.27,39.73,20925179,70.5,70.92,67.71,68.51,12136100,2026-03-10T02:46:26Z
PEP,2008-01-24,40.44,40.99,40.34,40.77,14598200,69.73,70.67,69.55,70.29,8466600,2026-03-10T02:46:26Z
PEP,2008-01-25,39.97,40.88,39.84,40.52,14563031,68.92,70.48,68.7,69.87,8446200,2026-03-10T02:46:26Z
PEP,2008-01-28,40.75,40.78,39.79,39.99,11967049,70.27,70.31,68.61,68.95,6940600,2026-03-10T02:46:26Z
PEP,2008-01-29,39.8,40.93,39.61,40.75,16209312,68.63,70.57,68.3,70.26,9401000,2026-03-10T02:46:26Z
PEP,2008-01-30,39.08,39.88,38.97,39.51,14298172,67.39,68.76,67.2,68.12,8292600,2026-03-10T02:46:26Z
PEP,2008-01-31,39.47,39.72,38.45,39.03,22754027,68.05,68.49,66.3,67.3,13196800,2026-03-10T02:46:26Z
PEP,2008-02-01,39.92,40.06,39.43,39.64,13325050,68.83,69.08,67.98,68.34,7728200,2026-03-10T02:46:26Z
PEP,2008-02-04,40.15,40.22,39.75,39.93,9652995,69.22,69.34,68.53,68.85,5598500,2026-03-10T02:46:26Z
PEP,2008-02-05,39.41,39.81,39.1,39.52,14970298,67.95,68.64,67.41,68.14,8682400,2026-03-10T02:46:26Z
PEP,2008-02-06,38.7,39.66,38.46,39.66,24396871,66.73,68.38,66.32,68.38,14149600,2026-03-10T02:46:26Z
PEP,2008-02-07,40.84,40.91,39.32,39.84,26365580,70.41,70.53,67.8,68.7,15291400,2026-03-10T02:46:26Z
PEP,2008-02-08,40.49,40.92,40.31,40.82,10422333,69.81,70.56,69.5,70.38,6044700,2026-03-10T02:46:26Z
PEP,2008-02-11,41.16,41.29,40.19,40.56,11956872,70.96,71.2,69.3,69.93,6934700,2026-03-10T02:46:26Z
PEP,2008-02-12,41.74,41.9,41.16,41.36,11440466,71.96,72.24,70.96,71.31,6635200,2026-03-10T02:46:26Z
PEP,2008-02-13,41.54,42.19,41.42,41.97,11385292,71.63,72.75,71.42,72.37,6603200,2026-03-10T02:46:26Z
PEP,2008-02-14,41.51,41.84,41.29,41.64,13620385,71.57,72.14,71.2,71.79,7899500,2026-03-10T02:46:26Z
PEP,2008-02-15,41.6,41.62,41.28,41.47,10281799,71.73,71.77,71.17,71.5,5963200,2026-03-10T02:46:26Z
PEP,2008-02-19,41.26,42.05,41.23,42.05,8484487,71.14,72.5,71.09,72.5,4920800,2026-03-10T02:46:26Z
PEP,2008-02-20,41.25,41.73,40.66,41.73,10083519,71.12,71.96,70.1,71.96,5848200,2026-03-10T02:46:26Z
PEP,2008-02-21,41.22,41.57,41.08,41.47,9537117,71.08,71.68,70.83,71.5,5531300,2026-03-10T02:46:26Z
PEP,2008-02-22,41.4,41.46,40.91,41.4,8227578,71.38,71.49,70.54,71.39,4771800,2026-03-10T02:46:26Z
PEP,2008-02-25,41.52,41.72,41.16,41.37,8070846,71.59,71.93,70.96,71.33,4680900,2026-03-10T02:46:26Z
PEP,2008-02-26,41.37,41.5,41.13,41.24,8057054,71.33,71.56,70.91,71.11,4672900,2026-03-10T02:46:26Z
PEP,2008-02-27,41.29,41.6,41.18,41.18,7805148,71.2,71.72,71.01,71.01,4526800,2026-03-10T02:46:26Z
PEP,2008-02-28,41.21,41.3,40.8,41.3,8284307,71.06,71.21,70.35,71.21,4804700,2026-03-10T02:46:26Z
PEP,2008-02-29,40.34,40.99,40.22,40.84,10161289,69.56,70.67,69.35,70.42,5893300,2026-03-10T02:46:26Z
PEP,2008-03-03,40.7,40.74,40.12,40.34,8662948,70.17,70.25,69.17,69.55,5024300,2026-03-10T02:46:26Z
PEP,2008-03-04,40.62,40.81,40.2,40.2,10285086,70.04,70.36,69.32,69.32,5965100,2026-03-10T02:46:26Z
PEP,2008-03-05,40.98,41.24,40.23,41.01,11473379,70.28,70.72,69,70.33,6690100,2026-03-10T02:46:26Z
PEP,2008-03-06,40.89,41.34,40.79,40.82,10527741,70.12,70.9,69.96,70,6138700,2026-03-10T02:46:26Z
PEP,2008-03-07,40.58,41,40.4,40.72,12357267,69.59,70.31,69.29,69.84,7205500,2026-03-10T02:46:26Z
PEP,2008-03-10,40.25,40.69,40.13,40.69,8063657,69.02,69.79,68.83,69.79,4701900,2026-03-10T02:46:26Z
PEP,2008-03-11,40.79,41.07,40.22,41.07,12769038,69.95,70.43,68.98,70.43,7445600,2026-03-10T02:46:26Z
PEP,2008-03-12,40.56,41,40.47,40.8,10373898,69.56,70.32,69.4,69.97,6049000,2026-03-10T02:46:26Z
PEP,2008-03-13,40.37,40.66,39.8,40.02,11548489,69.24,69.74,68.26,68.63,6733900,2026-03-10T02:46:26Z
PEP,2008-03-14,39.91,40.67,39.67,40.67,13373243,68.45,69.75,68.03,69.75,7797900,2026-03-10T02:46:26Z
PEP,2008-03-17,40.32,40.85,39.62,39.65,16165561,69.15,70.05,67.95,68,9426100,2026-03-10T02:46:26Z
PEP,2008-03-18,40.83,41.03,40.33,41,13499967,70.02,70.36,69.17,70.32,7871800,2026-03-10T02:46:26Z
PEP,2008-03-19,40.92,41.69,40.66,40.82,10722902,70.18,71.5,69.73,70,6252500,2026-03-10T02:46:26Z
PEP,2008-03-20,41.51,41.65,40.82,40.96,12622421,71.19,71.42,70,70.25,7360100,2026-03-10T02:46:26Z
PEP,2008-03-24,41.66,41.94,41.32,41.63,7855121,71.45,71.92,70.86,71.4,4580300,2026-03-10T02:46:26Z
PEP,2008-03-25,41.71,42.1,41.51,41.69,8192796,71.54,72.21,71.19,71.5,4777200,2026-03-10T02:46:26Z
PEP,2008-03-26,41.49,41.84,41.44,41.58,6415225,71.16,71.75,71.06,71.31,3740700,2026-03-10T02:46:26Z
PEP,2008-03-27,41.51,41.92,41.37,41.66,8708666,71.19,71.9,70.94,71.44,5078000,2026-03-10T02:46:26Z
PEP,2008-03-28,41.73,41.98,41.63,41.63,6465463,71.56,72,71.4,71.4,3770000,2026-03-10T02:46:26Z
PEP,2008-03-31,42.1,42.19,41.56,41.87,11145487,72.2,72.35,71.28,71.8,6498900,2026-03-10T02:46:26Z
PEP,2008-04-01,42.06,42.08,41.42,41.92,11896986,72.13,72.17,71.04,71.89,6937100,2026-03-10T02:46:26Z
PEP,2008-04-02,41.64,41.94,41.54,41.81,8785842,71.42,71.93,71.24,71.7,5123000,2026-03-10T02:46:26Z
PEP,2008-04-03,41.63,41.92,41.44,41.44,8058679,71.4,71.9,71.06,71.06,4699000,2026-03-10T02:46:26Z
PEP,2008-04-04,41.71,42.05,41.58,41.69,7836589,71.53,72.12,71.3,71.5,4569500,2026-03-10T02:46:26Z
PEP,2008-04-07,41.9,42.02,41.49,41.93,9756512,71.86,72.06,71.15,71.91,5689000,2026-03-10T02:46:26Z
PEP,2008-04-08,41.56,41.8,41.48,41.63,9220753,71.28,71.69,71.13,71.4,5376600,2026-03-10T02:46:26Z
PEP,2008-04-09,41.38,41.59,41.18,41.51,7383161,70.97,71.33,70.62,71.18,4305100,2026-03-10T02:46:26Z
PEP,2008-04-10,41.81,42.03,41.25,41.31,10350753,71.7,72.08,70.74,70.84,6035500,2026-03-10T02:46:26Z
PEP,2008-04-11,41.63,41.88,41.46,41.8,7377661,71.4,71.83,71.11,71.69,4301900,2026-03-10T02:46:26Z
PEP,2008-04-14,41.37,41.91,41.35,41.63,8164151,70.95,71.87,70.92,71.4,4760500,2026-03-10T02:46:26Z
PEP,2008-04-15,41.53,41.67,41.27,41.55,6413679,71.22,71.46,70.78,71.25,3739800,2026-03-10T02:46:26Z
PEP,2008-04-16,41.46,41.8,41.04,41.8,13019594,71.11,71.68,70.39,71.68,7591700,2026-03-10T02:46:26Z
PEP,2008-04-17,41.27,41.56,41.03,41.27,8010153,70.77,71.28,70.37,70.77,4670700,2026-03-10T02:46:26Z
PEP,2008-04-18,41.17,41.74,40.73,41.72,13908988,70.6,71.59,69.86,71.55,8110300,2026-03-10T02:46:26Z
PEP,2008-04-21,40.76,41.27,40.72,40.87,9113745,69.9,70.77,69.83,70.09,5314200,2026-03-10T02:46:26Z
PEP,2008-04-22,40.29,40.73,40.02,40.66,12839202,69.1,69.85,68.63,69.74,7486500,2026-03-10T02:46:26Z
PEP,2008-04-23,40.34,40.8,40.11,40.29,12297776,69.19,69.97,68.79,69.1,7170800,2026-03-10T02:46:26Z
PEP,2008-04-24,39.65,40.58,39.65,40.12,17398989,68,69.59,68,68.81,10145300,2026-03-10T02:46:26Z
PEP,2008-04-25,39.43,39.85,39.19,39.83,14452282,67.62,68.35,67.21,68.3,8427100,2026-03-10T02:46:26Z
PEP,2008-04-28,39.74,40.06,39.24,39.39,14543546,68.16,68.7,67.29,67.55,8480300,2026-03-10T02:46:26Z
PEP,2008-04-29,39.77,39.94,39.52,39.77,8314722,68.2,68.5,67.78,68.21,4848300,2026-03-10T02:46:26Z
PEP,2008-04-30,39.96,40.46,39.54,39.54,11254026,68.53,69.39,67.81,67.81,6562200,2026-03-10T02:46:26Z
PEP,2008-05-01,39.94,40.09,39.67,39.92,9811047,68.5,68.75,68.03,68.46,5720800,2026-03-10T02:46:26Z
PEP,2008-05-02,40.29,40.71,40.1,40.22,12211519,69.1,69.82,68.77,68.98,7120500,2026-03-10T02:46:26Z
PEP,2008-05-05,39.98,40.65,39.84,40.4,8591357,68.57,69.72,68.32,69.29,5009600,2026-03-10T02:46:26Z
PEP,2008-05-06,39.98,40.07,39.58,39.89,9145467,68.57,68.72,67.87,68.41,5332700,2026-03-10T02:46:26Z
PEP,2008-05-07,39.66,40.3,39.56,40.09,11489662,68.01,69.12,67.84,68.75,6699600,2026-03-10T02:46:26Z
PEP,2008-05-08,39.38,39.9,39.21,39.86,10853418,67.54,68.42,67.24,68.36,6328600,2026-03-10T02:46:26Z
PEP,2008-05-09,39.36,39.6,38.96,39.26,10135872,67.51,67.91,66.81,67.33,5910200,2026-03-10T02:46:26Z
PEP,2008-05-12,39.27,39.48,39.04,39.39,8780524,67.35,67.71,66.96,67.55,5119900,2026-03-10T02:46:26Z
PEP,2008-05-13,39.21,39.46,38.98,39.3,9387797,67.25,67.68,66.85,67.39,5474000,2026-03-10T02:46:26Z
PEP,2008-05-14,39.13,39.64,39.09,39.38,10683789,67.1,67.98,67.04,67.54,6229700,2026-03-10T02:46:26Z
PEP,2008-05-15,39.69,39.85,39.14,39.27,11241329,68.07,68.34,67.12,67.35,6554800,2026-03-10T02:46:26Z
PEP,2008-05-16,39.57,39.91,39.51,39.84,12314073,67.87,68.44,67.76,68.32,7180300,2026-03-10T02:46:26Z
PEP,2008-05-19,39.67,39.72,39.36,39.7,9285759,68.03,68.12,67.5,68.08,5414500,2026-03-10T02:46:26Z
PEP,2008-05-20,39.34,39.63,39.2,39.4,10761996,67.46,67.96,67.22,67.57,6275300,2026-03-10T02:46:26Z
PEP,2008-05-21,39.23,39.77,39.16,39.22,10516757,67.27,68.21,67.16,67.26,6132300,2026-03-10T02:46:26Z
PEP,2008-05-22,39.87,40.04,39.36,39.36,10796309,68.38,68.67,67.5,67.5,6295300,2026-03-10T02:46:26Z
PEP,2008-05-23,39.8,39.87,39.58,39.68,9280446,68.26,68.38,67.88,68.05,5411400,2026-03-10T02:46:26Z
PEP,2008-05-27,40.24,40.29,39.68,39.74,10600960,69.01,69.1,68.05,68.16,6181400,2026-03-10T02:46:26Z
PEP,2008-05-28,39.61,40.23,39.53,40.23,11109295,67.93,69,67.8,69,6477800,2026-03-10T02:46:26Z
PEP,2008-05-29,40.13,40.26,39.61,39.62,8471996,68.83,69.04,67.93,67.94,4940000,2026-03-10T02:46:26Z
PEP,2008-05-30,39.83,40.17,39.67,40.17,9551909,68.3,68.9,68.03,68.9,5569700,2026-03-10T02:46:26Z
PEP,2008-06-02,39.39,39.78,39.11,39.72,12324676,67.55,68.22,67.07,68.11,7186500,2026-03-10T02:46:26Z
PEP,2008-06-03,39.1,39.51,38.91,39.51,11996446,67.05,67.75,66.73,67.75,6995100,2026-03-10T02:46:26Z
PEP,2008-06-04,39.12,39.35,38.98,39.06,9933758,66.67,67.05,66.42,66.56,5829300,2026-03-10T02:46:26Z
PEP,2008-06-05,39.49,39.52,39.01,39.28,10084749,67.29,67.35,66.47,66.93,5917900,2026-03-10T02:46:26Z
PEP,2008-06-06,38.45,39.34,38.41,39.32,16587942,65.52,67.04,65.45,67.01,9734100,2026-03-10T02:46:26Z
PEP,2008-06-09,38.36,38.68,37.96,38.68,15416232,65.37,65.92,64.69,65.92,9046500,2026-03-10T02:46:26Z
PEP,2008-06-10,39.66,40.06,38.31,38.32,17651836,67.58,68.27,65.29,65.3,10358400,2026-03-10T02:46:26Z
PEP,2008-06-11,39.6,39.93,39.45,39.65,13543567,67.49,68.05,67.22,67.56,7947600,2026-03-10T02:46:26Z
PEP,2008-06-12,39.87,40.04,39.49,39.66,11190204,67.95,68.23,67.3,67.59,6566600,2026-03-10T02:46:26Z
PEP,2008-06-13,39.63,40.02,39.16,39.89,14181430,67.54,68.2,66.73,67.98,8321900,2026-03-10T02:46:26Z
PEP,2008-06-16,38.75,39.76,38.29,39.32,17138050,66.04,67.76,65.25,67.01,10056900,2026-03-10T02:46:26Z
PEP,2008-06-17,38.65,39.06,38.46,38.88,13007440,65.87,66.57,65.54,66.25,7633000,2026-03-10T02:46:26Z
PEP,2008-06-18,38.18,38.63,38.16,38.61,15175434,65.06,65.83,65.02,65.8,8905200,2026-03-10T02:46:26Z
PEP,2008-06-19,38.67,38.87,38.11,38.14,10473614,65.89,66.23,64.95,65,6146100,2026-03-10T02:46:26Z
PEP,2008-06-20,38.19,38.79,38.09,38.58,17350020,65.08,66.11,64.91,65.75,10181300,2026-03-10T02:46:26Z
PEP,2008-06-23,37.93,38.33,37.77,38.3,9753462,64.63,65.31,64.37,65.26,5723500,2026-03-10T02:46:26Z
PEP,2008-06-24,37.57,38.01,37.15,38.01,11790906,64.02,64.78,63.31,64.78,6919100,2026-03-10T02:46:26Z
PEP,2008-06-25,38.45,38.68,37.63,37.66,15061745,65.52,65.92,64.13,64.18,8838500,2026-03-10T02:46:26Z
PEP,2008-06-26,38.01,38.54,37.95,38.29,13657422,64.77,65.67,64.68,65.25,8014400,2026-03-10T02:46:26Z
PEP,2008-06-27,37.52,38.36,37.46,38.12,16853981,63.93,65.37,63.83,64.96,9890200,2026-03-10T02:46:26Z
PEP,2008-06-30,37.32,38.01,37.2,37.74,15780215,63.59,64.77,63.4,64.32,9260100,2026-03-10T02:46:26Z
PEP,2008-07-01,37.79,37.87,37.13,37.29,16870683,64.4,64.53,63.28,63.54,9900000,2026-03-10T02:46:26Z
PEP,2008-07-02,38.59,38.72,37.82,37.86,15943466,65.76,65.99,64.45,64.51,9355900,2026-03-10T02:46:26Z
PEP,2008-07-03,39.18,39.26,38.56,38.56,9496990,66.77,66.91,65.71,65.71,5573000,2026-03-10T02:46:26Z
PEP,2008-07-07,39.09,39.32,38.78,39.15,13407228,66.62,67,66.09,66.72,7867600,2026-03-10T02:46:26Z
PEP,2008-07-08,38.63,39.2,38.49,38.97,15584231,65.83,66.8,65.59,66.41,9145100,2026-03-10T02:46:26Z
PEP,2008-07-09,38.35,38.82,38.2,38.72,10826541,65.35,66.16,65.09,65.99,6353200,2026-03-10T02:46:26Z
PEP,2008-07-10,38.49,38.58,38.01,38.44,10879037,65.59,65.74,64.77,65.5,6384000,2026-03-10T02:46:26Z
PEP,2008-07-11,37.94,38.35,37.52,38.15,15537378,64.66,65.35,63.94,65.01,9117600,2026-03-10T02:46:26Z
PEP,2008-07-14,38.09,38.45,37.74,38.23,10535139,64.91,65.52,64.31,65.15,6182200,2026-03-10T02:46:26Z
PEP,2008-07-15,38.48,38.64,37.63,37.77,14354385,65.57,65.85,64.13,64.36,8423400,2026-03-10T02:46:26Z
PEP,2008-07-16,38.78,38.81,38.17,38.59,9727913,66.09,66.13,65.05,65.77,5708500,2026-03-10T02:46:26Z
PEP,2008-07-17,38.45,39.02,37.76,39.02,17627990,65.53,66.49,64.35,66.49,10344400,2026-03-10T02:46:26Z
PEP,2008-07-18,38.38,38.58,38.03,38.4,12057932,65.41,65.74,64.81,65.44,7075800,2026-03-10T02:46:26Z
PEP,2008-07-21,37.82,38.61,37.71,38.61,8972803,64.45,65.8,64.26,65.8,5265400,2026-03-10T02:46:26Z
PEP,2008-07-22,38.84,38.94,37.63,37.92,15134707,66.19,66.36,64.12,64.62,8881300,2026-03-10T02:46:26Z
PEP,2008-07-23,39.74,39.82,38.44,39.02,15772870,67.72,67.86,65.51,66.49,9255800,2026-03-10T02:46:26Z
PEP,2008-07-24,39.55,39.91,39.28,39.82,9104023,67.4,68.02,66.94,67.85,5342400,2026-03-10T02:46:26Z
PEP,2008-07-25,39.45,39.87,39.16,39.76,15807118,67.22,67.94,66.73,67.75,9275900,2026-03-10T02:46:26Z
PEP,2008-07-28,39.15,39.49,38.9,39.44,7660302,66.71,67.3,66.29,67.21,4495200,2026-03-10T02:46:26Z
PEP,2008-07-29,39.3,39.46,39.05,39.17,13983237,66.98,67.25,66.54,66.75,8205600,2026-03-10T02:46:26Z
PEP,2008-07-30,39.26,39.69,39.06,39.66,13422762,66.91,67.63,66.57,67.59,7876700,2026-03-10T02:46:26Z
PEP,2008-07-31,39.06,39.57,38.98,39.2,12469795,66.56,67.43,66.42,66.8,7317500,2026-03-10T02:46:26Z
PEP,2008-08-01,39.1,39.55,38.94,39.21,13019395,66.63,67.4,66.36,66.82,7640000,2026-03-10T02:46:26Z
PEP,2008-08-04,39.71,39.87,39.1,39.15,16558656,67.67,67.95,66.63,66.71,9716900,2026-03-10T02:46:26Z
PEP,2008-08-05,40.21,40.37,39.65,39.88,20585463,68.52,68.79,67.57,67.96,12079900,2026-03-10T02:46:26Z
PEP,2008-08-06,40.22,40.22,39.88,40.1,8778361,68.54,68.54,67.96,68.34,5151300,2026-03-10T02:46:26Z
PEP,2008-08-07,39.87,40.2,39.79,40.17,9831688,67.95,68.5,67.8,68.45,5769400,2026-03-10T02:46:26Z
PEP,2008-08-08,40.7,40.76,39.82,39.87,14594994,69.35,69.46,67.85,67.94,8564600,2026-03-10T02:46:26Z
PEP,2008-08-11,40.65,40.77,40.35,40.7,10232153,69.27,69.48,68.76,69.35,6004400,2026-03-10T02:46:26Z
PEP,2008-08-12,40.85,40.99,40.46,40.71,9103690,69.62,69.85,68.95,69.37,5342200,2026-03-10T02:46:26Z
PEP,2008-08-13,40.92,41.15,40.61,40.7,10370699,69.74,70.13,69.21,69.35,6085700,2026-03-10T02:46:26Z
PEP,2008-08-14,41.04,41.56,40.57,40.94,9551695,69.94,70.83,69.13,69.77,5605100,2026-03-10T02:46:26Z
PEP,2008-08-15,41.19,41.33,40.94,41.2,9606731,70.2,70.43,69.77,70.2,5637400,2026-03-10T02:46:26Z
PEP,2008-08-18,40.97,41.46,40.81,41.35,7507620,69.81,70.65,69.55,70.46,4405600,2026-03-10T02:46:26Z
PEP,2008-08-19,41.14,41.37,40.62,40.66,10505142,70.1,70.49,69.23,69.29,6164600,2026-03-10T02:46:26Z
PEP,2008-08-20,40.99,41.29,40.73,41.29,6957188,69.85,70.37,69.4,70.37,4082600,2026-03-10T02:46:26Z
PEP,2008-08-21,40.72,40.88,40.28,40.79,9623620,69.39,69.66,68.65,69.51,5647300,2026-03-10T02:46:26Z
PEP,2008-08-22,41.02,41.2,40.72,40.82,5780678,69.9,70.2,69.39,69.56,3392200,2026-03-10T02:46:26Z
PEP,2008-08-25,40.52,41.02,40.34,40.84,6814563,69.05,69.9,68.75,69.6,3998900,2026-03-10T02:46:26Z
PEP,2008-08-26,40.31,40.67,40.17,40.58,7474396,68.7,69.31,68.46,69.15,4386100,2026-03-10T02:46:26Z
PEP,2008-08-27,40.61,40.61,40.06,40.36,5044153,69.2,69.21,68.26,68.78,2960000,2026-03-10T02:46:26Z
PEP,2008-08-28,40.6,40.76,40.42,40.71,5667861,69.19,69.46,68.88,69.37,3326000,2026-03-10T02:46:26Z
PEP,2008-08-29,40.19,40.77,40.16,40.6,7167486,68.48,69.48,68.43,69.18,4206000,2026-03-10T02:46:26Z
PEP,2008-09-02,40.76,41.4,40.41,40.52,10902208,69.46,70.55,68.86,69.05,6397600,2026-03-10T02:46:26Z
PEP,2008-09-03,40.85,40.92,40.43,40.71,8829508,69.19,69.3,68.48,68.95,5213200,2026-03-10T02:46:26Z
PEP,2008-09-04,40.38,41.23,40.33,40.73,10145149,68.39,69.83,68.3,68.99,5990000,2026-03-10T02:46:26Z
PEP,2008-09-05,40.69,40.83,40.23,40.23,10443075,68.92,69.15,68.14,68.14,6165900,2026-03-10T02:46:26Z
PEP,2008-09-08,41.53,41.64,40.87,40.87,11769062,70.34,70.53,69.22,69.22,6948800,2026-03-10T02:46:26Z
PEP,2008-09-09,41.92,42.15,41.31,41.31,19201780,71,71.38,69.97,69.97,11337300,2026-03-10T02:46:26Z
PEP,2008-09-10,42.41,42.51,41.58,42.07,17446941,71.83,71.99,70.42,71.26,10301200,2026-03-10T02:46:26Z
PEP,2008-09-11,42.88,42.92,41.94,42.23,13767772,72.62,72.69,71.03,71.53,8128900,2026-03-10T02:46:26Z
PEP,2008-09-12,43.19,43.22,42.55,42.74,11737901,73.15,73.2,72.06,72.39,6930400,2026-03-10T02:46:26Z
PEP,2008-09-15,42.72,43.43,42.56,42.56,15540879,72.35,73.56,72.08,72.08,9175800,2026-03-10T02:46:26Z
PEP,2008-09-16,43.09,43.22,42.16,42.21,19238682,72.98,73.2,71.41,71.49,11359100,2026-03-10T02:46:26Z
PEP,2008-09-17,42.32,43.4,42.23,42.69,22861656,71.68,73.5,71.53,72.3,13498200,2026-03-10T02:46:26Z
PEP,2008-09-18,43.24,43.85,42.23,42.5,22237346,73.23,74.27,71.53,71.98,13129600,2026-03-10T02:46:26Z
PEP,2008-09-19,43.21,44.43,42.7,43.34,24848654,73.19,75.25,72.32,73.4,14671400,2026-03-10T02:46:26Z
PEP,2008-09-22,41.97,43.21,41.81,43.05,12610290,71.08,73.19,70.81,72.92,7445500,2026-03-10T02:46:26Z
PEP,2008-09-23,41.77,42.71,41.67,42,12354562,70.75,72.33,70.57,71.14,7294500,2026-03-10T02:46:26Z
PEP,2008-09-24,41.39,41.99,41.04,41.52,15903679,70.1,71.12,69.51,70.33,9390000,2026-03-10T02:46:26Z
PEP,2008-09-25,42.1,42.51,41.5,41.57,11604244,71.3,71.99,70.29,70.41,6851500,2026-03-10T02:46:26Z
PEP,2008-09-26,42.34,42.59,41.51,41.51,10990982,71.71,72.13,70.3,70.3,6489400,2026-03-10T02:46:26Z
PEP,2008-09-29,41.13,42.68,40.63,41.82,19317304,69.66,72.28,68.81,70.83,11405500,2026-03-10T02:46:26Z
PEP,2008-09-30,42.08,42.33,41.26,41.26,18466222,71.27,71.69,69.88,69.88,10903000,2026-03-10T02:46:26Z
PEP,2008-10-01,42.3,42.61,41.72,41.72,13526583,71.64,72.17,70.66,70.66,7986500,2026-03-10T02:46:26Z
PEP,2008-10-02,41.87,42.65,41.78,42.03,18397604,70.91,72.24,70.77,71.18,10862500,2026-03-10T02:46:26Z
PEP,2008-10-03,40.74,42.27,40.54,42.26,17547706,69,71.6,68.66,71.57,10360700,2026-03-10T02:46:26Z
PEP,2008-10-06,39.35,40.9,38.23,39.95,26852670,66.64,69.27,64.75,67.67,15854600,2026-03-10T02:46:26Z
PEP,2008-10-07,38.45,40.06,38.2,39.71,21848994,65.12,67.85,64.69,67.25,12900300,2026-03-10T02:46:26Z
PEP,2008-10-08,37.56,38.84,37.06,37.84,21956062,63.61,65.78,62.77,64.09,12963500,2026-03-10T02:46:26Z
PEP,2008-10-09,35.14,38.05,35.14,37.65,26017136,59.52,64.45,59.51,63.76,15361300,2026-03-10T02:46:26Z
PEP,2008-10-10,34.13,37.07,31.42,34.06,36498201,57.8,62.78,53.21,57.68,21549600,2026-03-10T02:46:26Z
PEP,2008-10-13,36.47,36.75,34.57,35.03,22584194,61.77,62.24,58.55,59.33,13334400,2026-03-10T02:46:26Z
PEP,2008-10-14,32.12,34.66,31.45,33.23,59217504,54.4,58.7,53.26,56.28,34963800,2026-03-10T02:46:26Z
PEP,2008-10-15,30.26,32.31,29.91,31.97,38944545,51.25,54.72,50.65,54.15,22994000,2026-03-10T02:46:26Z
PEP,2008-10-16,31.34,31.44,29.91,30.52,33360798,53.08,53.25,50.66,51.69,19697200,2026-03-10T02:46:26Z
PEP,2008-10-17,31.81,32.76,30.55,30.97,24121887,53.88,55.48,51.75,52.45,14242300,2026-03-10T02:46:26Z
PEP,2008-10-20,33.51,33.51,31.8,32.18,22153859,56.76,56.76,53.85,54.5,13080300,2026-03-10T02:46:26Z
PEP,2008-10-21,32.47,33.44,32.3,33.03,15378138,55,56.63,54.7,55.95,9079700,2026-03-10T02:46:26Z
PEP,2008-10-22,31.67,32.39,30.93,31.94,15929728,53.64,54.86,52.39,54.09,9405400,2026-03-10T02:46:26Z
PEP,2008-10-23,31.58,32.25,30.15,31.82,20118046,53.48,54.62,51.06,53.9,11878300,2026-03-10T02:46:26Z
PEP,2008-10-24,30.56,31.3,29.76,29.88,17555372,51.76,53.01,50.41,50.6,10365200,2026-03-10T02:46:26Z
PEP,2008-10-27,30.4,31.75,29.95,30.81,15528534,51.49,53.77,50.72,52.18,9168500,2026-03-10T02:46:26Z
PEP,2008-10-28,32.96,33.36,30.8,31.06,21882023,55.83,56.5,52.16,52.6,12919800,2026-03-10T02:46:26Z
PEP,2008-10-29,32.47,33.94,32.01,33.03,15676396,55,57.48,54.22,55.95,9255800,2026-03-10T02:46:26Z
PEP,2008-10-30,33.7,34.06,32.96,33.25,16988997,57.08,57.68,55.82,56.31,10030800,2026-03-10T02:46:26Z
PEP,2008-10-31,33.66,34.24,33.21,33.65,15947874,57.01,57.99,56.25,57,9416100,2026-03-10T02:46:26Z
PEP,2008-11-03,33.93,34.16,33.36,33.57,9428556,57.47,57.86,56.5,56.86,5566900,2026-03-10T02:46:26Z
PEP,2008-11-04,34.45,34.97,34.09,34.53,11318186,58.34,59.23,57.74,58.49,6682600,2026-03-10T02:46:26Z
PEP,2008-11-05,33.66,34.87,33.45,34.1,14583105,57.01,59.05,56.65,57.75,8610300,2026-03-10T02:46:26Z
PEP,2008-11-06,32.39,33.89,31.94,33.34,17198642,54.85,57.4,54.1,56.46,10154600,2026-03-10T02:46:26Z
PEP,2008-11-07,32.69,33.16,32.02,32.52,16778960,55.36,56.17,54.24,55.07,9906800,2026-03-10T02:46:26Z
PEP,2008-11-10,32.24,33.29,31.74,33.29,13086725,54.61,56.39,53.75,56.38,7726800,2026-03-10T02:46:26Z
PEP,2008-11-11,32.52,33.13,31.57,32.24,12758323,55.08,56.12,53.47,54.61,7532900,2026-03-10T02:46:26Z
PEP,2008-11-12,31.35,32.51,31.25,32.51,12614039,53.1,55.06,52.92,55.06,7447700,2026-03-10T02:46:26Z
PEP,2008-11-13,32.82,32.88,30.71,31.46,18616095,55.59,55.69,52.01,53.28,10991500,2026-03-10T02:46:26Z
PEP,2008-11-14,31.6,33.14,30.77,32.34,16920895,53.52,56.13,52.11,54.77,9990600,2026-03-10T02:46:26Z
PEP,2008-11-17,31.28,32.35,31.06,31.35,14448103,52.97,54.79,52.6,53.09,8530600,2026-03-10T02:46:26Z
PEP,2008-11-18,31.38,31.81,30.18,30.71,22472978,53.14,53.88,51.11,52.02,13268700,2026-03-10T02:46:26Z
PEP,2008-11-19,30.76,32.12,30.58,31.2,19241739,52.1,54.4,51.8,52.84,11360900,2026-03-10T02:46:26Z
PEP,2008-11-20,29.69,31.85,29.52,30.62,22939403,50.29,53.95,50,51.86,13544100,2026-03-10T02:46:26Z
PEP,2008-11-21,32.23,32.34,29.37,30.08,30301957,54.59,54.78,49.74,50.94,17891200,2026-03-10T02:46:26Z
PEP,2008-11-24,32.86,33.6,31.25,32.28,24421717,55.66,56.91,52.92,54.68,14419300,2026-03-10T02:46:26Z
PEP,2008-11-25,31.88,33.57,31.08,33.06,19142502,54,56.86,52.64,56,11302300,2026-03-10T02:46:26Z
PEP,2008-11-26,32.43,32.49,31.02,31.44,13744905,54.93,55.03,52.53,53.25,8115400,2026-03-10T02:46:26Z
PEP,2008-11-28,33.48,33.54,32.48,32.75,5972423,56.7,56.81,55.01,55.47,3526300,2026-03-10T02:46:26Z
PEP,2008-12-01,31.67,33.3,31.61,33.06,13410719,53.64,56.4,53.54,55.99,7918100,2026-03-10T02:46:26Z
PEP,2008-12-02,32.15,32.38,31.36,31.74,11921994,54.45,54.84,53.11,53.76,7039100,2026-03-10T02:46:26Z
PEP,2008-12-03,32.18,32.27,31.23,31.83,17441530,54.08,54.23,52.48,53.49,10379000,2026-03-10T02:46:26Z
PEP,2008-12-04,31.14,32.44,30.84,31.93,13065905,52.33,54.51,51.82,53.66,7775200,2026-03-10T02:46:26Z
PEP,2008-12-05,31.76,32.44,30.57,31.19,16697250,53.37,54.51,51.37,52.41,9936100,2026-03-10T02:46:26Z
PEP,2008-12-08,31.9,32.43,31.46,32.37,16761090,53.6,54.5,52.86,54.39,9974100,2026-03-10T02:46:26Z
PEP,2008-12-09,31.1,31.91,30.92,31.79,12556388,52.27,53.63,51.96,53.42,7472000,2026-03-10T02:46:26Z
PEP,2008-12-10,31.54,31.82,31.11,31.31,9496457,53.01,53.47,52.27,52.62,5651100,2026-03-10T02:46:26Z
PEP,2008-12-11,31.37,32.13,31.2,31.54,9577616,52.71,54,52.43,53,5699400,2026-03-10T02:46:26Z
PEP,2008-12-12,30.96,31.15,30.36,30.68,11737027,52.03,52.34,51.01,51.55,6984400,2026-03-10T02:46:26Z
PEP,2008-12-15,31.19,31.46,30.42,31.19,10332489,52.42,52.87,51.12,52.41,6148600,2026-03-10T02:46:26Z
PEP,2008-12-16,32.26,32.38,31.25,31.48,15811291,54.21,54.42,52.51,52.91,9408900,2026-03-10T02:46:26Z
PEP,2008-12-17,32.33,32.67,31.69,32,13594600,54.33,54.91,53.26,53.77,8089800,2026-03-10T02:46:26Z
PEP,2008-12-18,32.56,32.95,32.36,32.5,17259198,54.71,55.38,54.38,54.62,10270500,2026-03-10T02:46:26Z
PEP,2008-12-19,32.19,33.02,32.03,32.63,19194224,54.09,55.49,53.83,54.84,11422000,2026-03-10T02:46:26Z
PEP,2008-12-22,31.99,32.64,31.52,32.3,9643484,53.75,54.85,52.96,54.28,5738600,2026-03-10T02:46:26Z
PEP,2008-12-23,32.24,32.87,31.93,32,10503554,54.17,55.24,53.66,53.77,6250400,2026-03-10T02:46:26Z
PEP,2008-12-24,32.46,32.63,32.18,32.28,3447631,54.54,54.84,54.07,54.25,2051600,2026-03-10T02:46:26Z
PEP,2008-12-26,32.47,32.8,32.3,32.55,4797545,54.56,55.12,54.27,54.69,2854900,2026-03-10T02:46:26Z
PEP,2008-12-29,32.18,32.77,31.79,32.62,7912448,54.07,55.07,53.42,54.81,4708500,2026-03-10T02:46:26Z
PEP,2008-12-30,32.66,32.74,32.19,32.2,8419951,54.88,55.02,54.09,54.11,5010500,2026-03-10T02:46:26Z
PEP,2008-12-31,32.59,33.07,32.5,32.75,8443152,54.77,55.57,54.61,55.03,5024300,2026-03-10T02:46:26Z
PEP,2009-01-02,33.31,33.41,32.56,32.69,8708662,55.97,56.14,54.72,54.93,5182300,2026-03-10T02:46:26Z
PEP,2009-01-05,33.09,33.27,32.79,33.22,11968095,55.6,55.9,55.1,55.82,7121900,2026-03-10T02:46:26Z
PEP,2009-01-06,33.15,33.88,32.73,33.28,13582649,55.7,56.93,55,55.93,8082700,2026-03-10T02:46:26Z
PEP,2009-01-07,32.07,32.93,31.94,32.93,12376420,53.89,55.34,53.68,55.34,7364900,2026-03-10T02:46:26Z
PEP,2009-01-08,31.69,32.18,31.42,32.02,13797102,53.25,54.07,52.8,53.8,8210300,2026-03-10T02:46:26Z
PEP,2009-01-09,31.28,32.02,31.18,31.82,11612987,52.57,53.8,52.4,53.47,6910600,2026-03-10T02:46:26Z
PEP,2009-01-12,30.58,31.34,30.39,31.34,15528632,51.39,52.66,51.07,52.66,9240700,2026-03-10T02:46:26Z
PEP,2009-01-13,31.08,31.22,30.47,30.58,15621089,52.23,52.46,51.2,51.39,9295700,2026-03-10T02:46:26Z
PEP,2009-01-14,30.41,30.9,29.95,30.88,14705556,51.1,51.92,50.33,51.9,8750900,2026-03-10T02:46:26Z
PEP,2009-01-15,30.07,30.41,29.63,30.38,14890243,50.53,51.1,49.79,51.05,8860800,2026-03-10T02:46:26Z
PEP,2009-01-16,30.57,30.76,30.21,30.24,15063815,51.37,51.69,50.76,50.81,8964100,2026-03-10T02:46:26Z
PEP,2009-01-20,30.01,31,29.95,30.69,13540492,50.43,52.09,50.33,51.58,8057600,2026-03-10T02:46:26Z
PEP,2009-01-21,30.02,30.38,29.53,30.38,15094054,50.44,51.05,49.62,51.05,8982100,2026-03-10T02:46:26Z
PEP,2009-01-22,29.96,30.09,29.3,29.65,14982997,50.35,50.56,49.24,49.82,8916000,2026-03-10T02:46:26Z
PEP,2009-01-23,30.12,30.19,29.22,29.4,13138846,50.62,50.73,49.1,49.4,7818600,2026-03-10T02:46:26Z
PEP,2009-01-26,30.6,30.71,29.75,30.22,12805804,51.42,51.6,50,50.79,7620400,2026-03-10T02:46:26Z
PEP,2009-01-27,30.73,31.11,30.58,30.68,11366120,51.64,52.28,51.39,51.56,6763700,2026-03-10T02:46:26Z
PEP,2009-01-28,30.97,31.09,30.56,30.86,9752889,52.04,52.25,51.36,51.85,5803700,2026-03-10T02:46:26Z
PEP,2009-01-29,30.75,31.18,30.6,30.86,9027931,51.68,52.4,51.42,51.85,5372300,2026-03-10T02:46:26Z
PEP,2009-01-30,29.89,30.87,29.74,30.65,12741761,50.23,51.88,49.98,51.5,7582300,2026-03-10T02:46:26Z
PEP,2009-02-02,29.83,29.99,29.19,29.61,9511240,50.13,50.4,49.05,49.76,5659900,2026-03-10T02:46:26Z
PEP,2009-02-03,30.66,30.79,29.62,30.06,8938556,51.52,51.74,49.77,50.52,5319100,2026-03-10T02:46:26Z
PEP,2009-02-04,30.64,31.08,30.35,30.67,11593837,51.49,52.23,51,51.54,6899200,2026-03-10T02:46:26Z
PEP,2009-02-05,31.15,31.34,30.11,30.27,15501394,52.35,52.67,50.59,50.86,9224500,2026-03-10T02:46:26Z
PEP,2009-02-06,31.85,31.92,31.03,31.11,11610324,53.53,53.64,52.15,52.28,6909000,2026-03-10T02:46:26Z
PEP,2009-02-09,30.6,31.69,30.22,31.69,15134230,51.43,53.26,50.78,53.26,9006000,2026-03-10T02:46:26Z
PEP,2009-02-10,29.47,30.61,29.29,30.3,18114898,49.53,51.43,49.22,50.92,10779700,2026-03-10T02:46:26Z
PEP,2009-02-11,30.12,30.3,29.5,29.84,9943972,50.61,50.92,49.58,50.14,5917400,2026-03-10T02:46:26Z
PEP,2009-02-12,30.94,31.05,29.75,30.06,17516447,52,52.17,50,50.51,10423600,2026-03-10T02:46:26Z
PEP,2009-02-13,31.28,31.81,30.4,30.98,20133928,52.57,53.46,51.08,52.07,11981200,2026-03-10T02:46:26Z
PEP,2009-02-17,30.84,31.01,30.05,30.62,20929117,51.82,52.11,50.5,51.45,12454400,2026-03-10T02:46:26Z
PEP,2009-02-18,30.66,31.11,30.43,31.11,10326938,51.53,52.27,51.13,52.27,6145300,2026-03-10T02:46:26Z
PEP,2009-02-19,31.06,31.27,30.35,30.51,11532837,52.2,52.55,51,51.27,6862900,2026-03-10T02:46:26Z
PEP,2009-02-20,30.62,30.97,30.33,30.66,16632194,51.45,52.05,50.97,51.53,9897400,2026-03-10T02:46:26Z
PEP,2009-02-23,29.85,30.86,29.77,30.62,11595201,50.16,51.85,50.03,51.46,6900000,2026-03-10T02:46:26Z
PEP,2009-02-24,30.75,30.84,29.82,30.28,13815559,51.68,51.83,50.11,50.88,8221300,2026-03-10T02:46:26Z
PEP,2009-02-25,30.18,30.86,30.06,30.66,12065540,50.72,51.85,50.52,51.52,7179900,2026-03-10T02:46:26Z
PEP,2009-02-26,29.41,30.56,29.36,30.43,12518424,49.42,51.36,49.33,51.13,7449400,2026-03-10T02:46:26Z
PEP,2009-02-27,28.65,29.53,28.65,29.25,15524098,48.14,49.63,48.14,49.15,9238000,2026-03-10T02:46:26Z
PEP,2009-03-02,27.88,28.53,27.83,28.15,14510304,46.85,47.94,46.76,47.31,8634700,2026-03-10T02:46:26Z
PEP,2009-03-03,28.84,29.19,28.14,28.41,25148245,48.47,49.05,47.28,47.75,14965100,2026-03-10T02:46:26Z
PEP,2009-03-04,28.58,29.38,28.22,29.27,17709349,47.6,48.94,47,48.75,10631600,2026-03-10T02:46:26Z
PEP,2009-03-05,27.6,28.28,27.25,28.2,19620736,45.97,47.11,45.39,46.98,11779100,2026-03-10T02:46:26Z
PEP,2009-03-06,28.28,28.37,27.6,27.66,18072997,47.1,47.25,45.98,46.07,10849900,2026-03-10T02:46:26Z
PEP,2009-03-09,27.5,28.32,27.39,27.98,13302498,45.81,47.18,45.63,46.6,7986000,2026-03-10T02:46:26Z
PEP,2009-03-10,27.98,28.02,27.53,27.68,15569868,46.6,46.67,45.85,46.1,9347200,2026-03-10T02:46:26Z
PEP,2009-03-11,28.47,28.6,27.95,28.03,13406246,47.42,47.64,46.56,46.69,8048300,2026-03-10T02:46:26Z
PEP,2009-03-12,28.99,29.06,28.26,28.38,13755214,48.29,48.41,47.07,47.28,8257800,2026-03-10T02:46:26Z
PEP,2009-03-13,29.19,29.3,28.77,29.16,13287817,48.62,48.81,47.93,48.58,7977200,2026-03-10T02:46:26Z
PEP,2009-03-16,29.25,29.89,29.21,29.36,12463300,48.73,49.78,48.66,48.91,7482200,2026-03-10T02:46:26Z
PEP,2009-03-17,29.57,29.58,28.83,29.25,11155861,49.25,49.27,48.02,48.72,6697300,2026-03-10T02:46:26Z
PEP,2009-03-18,29.7,29.96,28.94,28.94,15329491,49.47,49.91,48.21,48.21,9202900,2026-03-10T02:46:26Z
PEP,2009-03-19,29.41,29.95,29.24,29.94,17130326,48.99,49.89,48.7,49.87,10284000,2026-03-10T02:46:26Z
PEP,2009-03-20,30.03,30.26,29.56,29.56,22102053,50.02,50.41,49.24,49.24,13268700,2026-03-10T02:46:26Z
PEP,2009-03-23,31,31,30.16,30.55,12552908,51.63,51.63,50.23,50.88,7536000,2026-03-10T02:46:26Z
PEP,2009-03-24,30.94,31.19,30.69,30.72,9833133,51.53,51.96,51.12,51.17,5903200,2026-03-10T02:46:26Z
PEP,2009-03-25,31.5,31.69,31.02,31.34,14500801,52.47,52.79,51.67,52.21,8705400,2026-03-10T02:46:26Z
PEP,2009-03-26,31.91,31.94,31.22,31.8,11864804,53.16,53.2,52,52.97,7122900,2026-03-10T02:46:26Z
PEP,2009-03-27,31.45,31.88,31.29,31.6,9787155,52.39,53.1,52.12,52.64,5875600,2026-03-10T02:46:26Z
PEP,2009-03-30,31.09,31.59,30.79,31.25,12634051,51.79,52.62,51.28,52.06,7584700,2026-03-10T02:46:26Z
PEP,2009-03-31,30.91,31.52,30.91,31.37,15291219,51.48,52.5,51.48,52.26,9179900,2026-03-10T02:46:26Z
PEP,2009-04-01,31.35,31.48,30.62,30.62,11678069,52.22,52.43,51,51.01,7010800,2026-03-10T02:46:26Z
PEP,2009-04-02,31.73,32.14,31.52,31.78,12387008,52.86,53.53,52.51,52.93,7436400,2026-03-10T02:46:26Z
PEP,2009-04-03,31.63,32.04,31.37,31.82,9302761,52.69,53.37,52.25,53,5584800,2026-03-10T02:46:26Z
PEP,2009-04-06,31.62,31.84,31.37,31.54,7507104,52.67,53.04,52.25,52.54,4506800,2026-03-10T02:46:26Z
PEP,2009-04-07,31.37,31.6,31.24,31.55,9240283,52.25,52.64,52.03,52.56,5547300,2026-03-10T02:46:26Z
PEP,2009-04-08,31.39,31.54,31.13,31.37,8196208,52.28,52.53,51.85,52.26,4920500,2026-03-10T02:46:26Z
PEP,2009-04-09,31.28,31.87,31.13,31.43,11935446,52.1,53.09,51.86,52.35,7165300,2026-03-10T02:46:26Z
PEP,2009-04-13,30.91,31.79,30.79,31.23,9766333,51.49,52.95,51.29,52.02,5863100,2026-03-10T02:46:26Z
PEP,2009-04-14,30.35,30.82,30.18,30.7,12878573,50.56,51.34,50.28,51.14,7731500,2026-03-10T02:46:26Z
PEP,2009-04-15,31.24,31.28,30.16,30.16,11206516,52.04,52.1,50.24,50.24,6727700,2026-03-10T02:46:26Z
PEP,2009-04-16,31.19,31.36,30.71,31.36,10187082,51.96,52.24,51.16,52.24,6115700,2026-03-10T02:46:26Z
PEP,2009-04-17,31.3,31.5,31.04,31.22,14692185,52.13,52.47,51.7,52,8820300,2026-03-10T02:46:26Z
PEP,2009-04-20,29.93,30.97,29.73,30.81,30749964,49.86,51.59,49.52,51.32,18460400,2026-03-10T02:46:26Z
PEP,2009-04-21,29.63,30.35,29.12,30.12,23245056,49.35,50.55,48.5,50.17,13954900,2026-03-10T02:46:26Z
PEP,2009-04-22,28.8,30.14,28.74,29.93,34152615,47.98,50.2,47.88,49.86,20503100,2026-03-10T02:46:26Z
PEP,2009-04-23,28.75,29.09,28.52,29.06,20416988,47.89,48.46,47.5,48.4,12257100,2026-03-10T02:46:26Z
PEP,2009-04-24,29.13,29.37,28.77,29,18834388,48.52,48.92,47.93,48.31,11307000,2026-03-10T02:46:26Z
PEP,2009-04-27,29.48,29.72,28.92,28.98,15891714,49.11,49.5,48.17,48.28,9540400,2026-03-10T02:46:26Z
PEP,2009-04-28,30.04,30.18,29.24,29.24,19270820,50.04,50.27,48.71,48.71,11569000,2026-03-10T02:46:26Z
PEP,2009-04-29,30.29,30.75,30.11,30.11,25183607,50.45,51.22,50.16,50.16,15118700,2026-03-10T02:46:26Z
PEP,2009-04-30,29.87,30.62,29.73,30.56,18286376,49.76,51,49.52,50.91,10978000,2026-03-10T02:46:26Z
PEP,2009-05-01,29.89,29.95,29.31,29.87,12688489,49.79,49.89,48.83,49.76,7617400,2026-03-10T02:46:26Z
PEP,2009-05-04,29.48,30.12,29.34,30.12,21799548,49.1,50.17,48.87,50.17,13087100,2026-03-10T02:46:26Z
PEP,2009-05-05,29.85,29.99,29.49,29.5,19339778,49.73,49.95,49.12,49.13,11610400,2026-03-10T02:46:26Z
PEP,2009-05-06,29.85,30.2,29.53,30.2,12596072,49.72,50.3,49.19,50.3,7561900,2026-03-10T02:46:26Z
PEP,2009-05-07,29.71,30.05,29.56,29.93,22079342,49.49,50.06,49.24,49.86,13255100,2026-03-10T02:46:26Z
PEP,2009-05-08,29.87,29.98,29.47,29.95,17800315,49.75,49.94,49.09,49.88,10686200,2026-03-10T02:46:26Z
PEP,2009-05-11,29.76,30.05,29.59,29.75,13647460,49.58,50.05,49.28,49.55,8193100,2026-03-10T02:46:26Z
PEP,2009-05-12,29.58,29.9,29.31,29.85,25669832,49.27,49.8,48.82,49.72,15410600,2026-03-10T02:46:26Z
PEP,2009-05-13,29.81,29.95,29.5,29.54,18822886,49.66,49.88,49.14,49.2,11300100,2026-03-10T02:46:26Z
PEP,2009-05-14,30.54,30.71,29.72,29.84,16990424,50.87,51.16,49.51,49.7,10200000,2026-03-10T02:46:26Z
PEP,2009-05-15,30.21,30.51,30.04,30.34,13665971,50.32,50.82,50.03,50.53,8204200,2026-03-10T02:46:26Z
PEP,2009-05-18,30.72,30.75,30.23,30.39,10766266,51.17,51.23,50.35,50.62,6463400,2026-03-10T02:46:26Z
PEP,2009-05-19,30.98,31.28,30.68,30.79,12634026,51.61,52.1,51.1,51.29,7584700,2026-03-10T02:46:26Z
PEP,2009-05-20,31.25,31.52,30.94,31.14,14218655,52.06,52.5,51.54,51.87,8536000,2026-03-10T02:46:26Z
PEP,2009-05-21,30.91,31.14,30.61,31,10156280,51.49,51.87,50.99,51.64,6097200,2026-03-10T02:46:26Z
PEP,2009-05-22,30.96,31.19,30.74,30.96,7605198,51.57,51.95,51.2,51.58,4565700,2026-03-10T02:46:26Z
PEP,2009-05-26,30.79,31.03,30.56,30.62,14716842,51.28,51.69,50.91,51.01,8835100,2026-03-10T02:46:26Z
PEP,2009-05-27,30.02,30.92,29.91,30.84,14677232,50.01,51.5,49.82,51.38,8811300,2026-03-10T02:46:26Z
PEP,2009-05-28,30.63,30.8,30.11,30.17,13259673,51.02,51.3,50.16,50.25,7960300,2026-03-10T02:46:26Z
PEP,2009-05-29,31.25,31.3,30.53,30.65,15560230,52.05,52.14,50.85,51.06,9341400,2026-03-10T02:46:26Z
PEP,2009-06-01,31.9,32.05,31.37,31.38,13762895,53.13,53.39,52.25,52.27,8262400,2026-03-10T02:46:26Z
PEP,2009-06-02,33.24,33.46,31.91,32.19,22833646,55.37,55.73,53.15,53.62,13707900,2026-03-10T02:46:26Z
PEP,2009-06-03,32.85,33.23,32.62,33.23,19026460,54.27,54.9,53.89,54.9,11515900,2026-03-10T02:46:26Z
PEP,2009-06-04,33.18,33.23,32.56,32.85,20822223,54.82,54.9,53.8,54.27,12602800,2026-03-10T02:46:26Z
PEP,2009-06-05,33.22,33.59,32.99,33.51,17173038,54.88,55.49,54.5,55.37,10394100,2026-03-10T02:46:26Z
PEP,2009-06-08,32.77,33.28,32.41,33.1,11312208,54.15,54.99,53.55,54.68,6846800,2026-03-10T02:46:26Z
PEP,2009-06-09,32.37,32.89,32.21,32.81,13336624,53.48,54.34,53.21,54.21,8072100,2026-03-10T02:46:26Z
PEP,2009-06-10,32.3,32.75,32.07,32.52,10394927,53.36,54.11,52.99,53.73,6291600,2026-03-10T02:46:26Z
PEP,2009-06-11,32.06,32.67,32.04,32.19,14568174,52.97,53.98,52.93,53.19,8817500,2026-03-10T02:46:26Z
PEP,2009-06-12,32.47,32.59,31.84,31.99,9844230,53.65,53.85,52.6,52.85,5958300,2026-03-10T02:46:26Z
PEP,2009-06-15,32.01,32.41,31.95,32.35,10061177,52.88,53.54,52.78,53.45,6089600,2026-03-10T02:46:26Z
PEP,2009-06-16,31.68,32.26,31.59,32.12,10702545,52.34,53.3,52.2,53.06,6477800,2026-03-10T02:46:26Z
PEP,2009-06-17,32.06,32.58,31.54,31.66,15522479,52.97,53.83,52.11,52.31,9395100,2026-03-10T02:46:26Z
PEP,2009-06-18,32.98,33.13,32.01,32.16,11642972,54.49,54.73,52.88,53.13,7047000,2026-03-10T02:46:26Z
PEP,2009-06-19,32.63,33.32,32.5,33.13,15749181,53.91,55.05,53.69,54.74,9532300,2026-03-10T02:46:26Z
PEP,2009-06-22,32.38,32.62,32.19,32.47,8780072,53.49,53.89,53.18,53.64,5314200,2026-03-10T02:46:26Z
PEP,2009-06-23,32.08,32.59,31.96,32.53,10786483,53.01,53.84,52.8,53.75,6528600,2026-03-10T02:46:26Z
PEP,2009-06-24,32.11,32.58,31.9,32.28,7816841,53.05,53.83,52.7,53.33,4731200,2026-03-10T02:46:26Z
PEP,2009-06-25,32.68,32.91,31.81,32.01,13300601,53.99,54.38,52.56,52.89,8050300,2026-03-10T02:46:26Z
PEP,2009-06-26,33.11,33.23,32.38,32.51,14599564,54.7,54.9,53.5,53.72,8836500,2026-03-10T02:46:26Z
PEP,2009-06-29,33.19,33.59,33.05,33.49,10521313,54.84,55.5,54.61,55.33,6368100,2026-03-10T02:46:26Z
PEP,2009-06-30,33.27,33.56,33.12,33.22,14564523,54.96,55.45,54.72,54.88,8815300,2026-03-10T02:46:26Z
PEP,2009-07-01,34.21,34.31,33.36,33.36,16051327,56.52,56.69,55.12,55.12,9715200,2026-03-10T02:46:26Z
PEP,2009-07-02,34.11,34.39,33.76,33.91,13489614,56.35,56.82,55.77,56.03,8164700,2026-03-10T02:46:26Z
PEP,2009-07-06,34.58,34.6,33.94,34.06,14682164,57.13,57.17,56.08,56.27,8886500,2026-03-10T02:46:26Z
PEP,2009-07-07,33.89,34.78,33.85,34.54,19749291,56,57.46,55.92,57.07,11953400,2026-03-10T02:46:26Z
PEP,2009-07-08,33.2,33.97,33,33.97,19982720,54.85,56.13,54.52,56.13,12094700,2026-03-10T02:46:26Z
PEP,2009-07-09,33.1,33.49,32.93,33.36,12000670,54.68,55.34,54.4,55.11,7263500,2026-03-10T02:46:26Z
PEP,2009-07-10,33.11,33.22,32.87,32.9,9823598,54.71,54.88,54.3,54.35,5945800,2026-03-10T02:46:26Z
PEP,2009-07-13,33.69,33.81,33.06,33.14,14587668,55.67,55.86,54.62,54.75,8829300,2026-03-10T02:46:26Z
PEP,2009-07-14,33.95,33.97,33.52,33.67,7550173,56.09,56.12,55.38,55.63,4569800,2026-03-10T02:46:26Z
PEP,2009-07-15,34.67,34.69,34.08,34.22,12682186,57.28,57.31,56.3,56.54,7676000,2026-03-10T02:46:26Z
PEP,2009-07-16,34.66,34.92,34.4,34.5,10412605,57.26,57.7,56.83,57,6302300,2026-03-10T02:46:26Z
PEP,2009-07-17,34.29,34.66,34.17,34.46,10224075,56.66,57.26,56.46,56.93,6188200,2026-03-10T02:46:26Z
PEP,2009-07-20,33.94,34.43,33.51,34.41,12935336,56.08,56.89,55.36,56.85,7829200,2026-03-10T02:46:26Z
PEP,2009-07-21,34.14,34.31,33.56,34.19,10037057,56.4,56.69,55.45,56.49,6075000,2026-03-10T02:46:26Z
PEP,2009-07-22,33.83,34.14,33.51,34.03,12392095,55.89,56.4,55.37,56.22,7500400,2026-03-10T02:46:26Z
PEP,2009-07-23,34.2,34.4,33.66,33.9,14642174,56.5,56.84,55.62,56.01,8862300,2026-03-10T02:46:26Z
PEP,2009-07-24,34.14,34.35,33.73,34.24,11138225,56.41,56.76,55.72,56.57,6741500,2026-03-10T02:46:26Z
PEP,2009-07-27,34.1,34.33,33.88,34.08,9625161,56.34,56.72,55.97,56.3,5825700,2026-03-10T02:46:26Z
PEP,2009-07-28,33.88,34.29,33.71,33.92,11815288,55.97,56.66,55.7,56.05,7151300,2026-03-10T02:46:26Z
PEP,2009-07-29,34.09,34.14,33.74,33.76,8914706,56.33,56.4,55.75,55.77,5395700,2026-03-10T02:46:26Z
PEP,2009-07-30,34.26,34.88,34.22,34.34,11100226,56.6,57.63,56.54,56.73,6718500,2026-03-10T02:46:26Z
PEP,2009-07-31,34.35,34.68,34.19,34.29,9917916,56.75,57.3,56.48,56.65,6002900,2026-03-10T02:46:26Z
PEP,2009-08-03,34.02,34.49,33.87,34.49,10728483,56.2,56.98,55.96,56.98,6493500,2026-03-10T02:46:26Z
PEP,2009-08-04,35.75,36.1,34.8,35.12,46018445,59.06,59.64,57.5,58.02,27853000,2026-03-10T02:46:26Z
PEP,2009-08-05,35.34,36.01,35.28,35.82,16676200,58.39,59.5,58.29,59.18,10093400,2026-03-10T02:46:26Z
PEP,2009-08-06,35,35.59,34.92,35.47,12475036,57.83,58.81,57.69,58.61,7550600,2026-03-10T02:46:26Z
PEP,2009-08-07,34.95,35.23,34.83,35.17,11349374,57.74,58.21,57.55,58.1,6869300,2026-03-10T02:46:26Z
PEP,2009-08-10,34.75,34.98,34.46,34.98,13428347,57.41,57.79,56.94,57.79,8127600,2026-03-10T02:46:26Z
PEP,2009-08-11,34.45,34.83,34.43,34.6,11210435,56.91,57.55,56.89,57.17,6785200,2026-03-10T02:46:26Z
PEP,2009-08-12,34.31,34.83,34.1,34.37,11418609,56.68,57.55,56.34,56.78,6911200,2026-03-10T02:46:26Z
PEP,2009-08-13,34.19,34.45,33.91,34.41,11874448,56.49,56.91,56.03,56.85,7187100,2026-03-10T02:46:26Z
PEP,2009-08-14,34.23,34.54,33.94,34.2,10565740,56.56,57.06,56.08,56.5,6395000,2026-03-10T02:46:26Z
PEP,2009-08-17,34,34.37,33.81,34.14,9519410,56.18,56.78,55.86,56.4,5761700,2026-03-10T02:46:26Z
PEP,2009-08-18,34.04,34.35,33.85,34.03,16076785,56.24,56.76,55.92,56.22,9730600,2026-03-10T02:46:26Z
PEP,2009-08-19,34.17,34.32,33.89,34.03,9656877,56.45,56.71,56,56.22,5844900,2026-03-10T02:46:26Z
PEP,2009-08-20,34.4,34.6,34.02,34.08,10018720,56.84,57.16,56.2,56.3,6063900,2026-03-10T02:46:26Z
PEP,2009-08-21,34.8,34.94,34.38,34.54,14687944,57.49,57.73,56.8,57.07,8890000,2026-03-10T02:46:26Z
PEP,2009-08-24,34.77,34.97,34.54,34.92,9400777,57.45,57.78,57.06,57.69,5689900,2026-03-10T02:46:26Z
PEP,2009-08-25,34.68,34.98,34.54,34.71,9620038,57.29,57.8,57.07,57.35,5822600,2026-03-10T02:46:26Z
PEP,2009-08-26,35.03,35.22,34.58,34.71,12220750,57.88,58.19,57.13,57.35,7396700,2026-03-10T02:46:26Z
PEP,2009-08-27,34.96,35.17,34.8,34.86,9672239,57.76,58.1,57.5,57.59,5854200,2026-03-10T02:46:26Z
PEP,2009-08-28,34.35,35.1,34.26,35.08,10910567,56.76,58,56.61,57.96,6603700,2026-03-10T02:46:26Z
PEP,2009-08-31,34.3,34.49,34.12,34.23,9124391,56.67,56.98,56.38,56.56,5522600,2026-03-10T02:46:26Z
PEP,2009-09-01,34.05,34.68,33.85,34.26,13160031,56.25,57.3,55.93,56.6,7965200,2026-03-10T02:46:26Z
PEP,2009-09-02,34.38,34.55,33.98,34.16,14591441,56.35,56.62,55.69,55.99,8902800,2026-03-10T02:46:26Z
PEP,2009-09-03,34.56,34.66,34.17,34.5,12816905,56.64,56.8,56,56.54,7820100,2026-03-10T02:46:26Z
PEP,2009-09-04,35.11,35.2,34.37,34.44,14491287,57.54,57.7,56.33,56.45,8841700,2026-03-10T02:46:26Z
PEP,2009-09-08,35.56,35.6,34.98,35.18,21357428,58.28,58.34,57.33,57.66,13031000,2026-03-10T02:46:26Z
PEP,2009-09-09,35.41,35.6,35.3,35.6,16545068,58.04,58.34,57.86,58.34,10094800,2026-03-10T02:46:26Z
PEP,2009-09-10,35.3,35.42,35.11,35.34,12458323,57.86,58.05,57.54,57.92,7601300,2026-03-10T02:46:26Z
PEP,2009-09-11,35.88,35.95,35.23,35.42,13431683,58.81,58.92,57.74,58.05,8195200,2026-03-10T02:46:26Z
PEP,2009-09-14,35.82,35.93,35.52,35.69,9750580,58.7,58.89,58.21,58.49,5949200,2026-03-10T02:46:26Z
PEP,2009-09-15,35.56,35.84,35.33,35.84,10390092,58.29,58.74,57.91,58.74,6339400,2026-03-10T02:46:26Z
PEP,2009-09-16,35.6,35.67,35.19,35.6,9411628,58.34,58.47,57.67,58.34,5742400,2026-03-10T02:46:26Z
PEP,2009-09-17,35.88,35.99,35.52,35.6,11529331,58.8,58.99,58.22,58.35,7034500,2026-03-10T02:46:26Z
PEP,2009-09-18,36.52,36.61,35.97,36.02,24003560,59.86,60,58.96,59.04,14645500,2026-03-10T02:46:26Z
PEP,2009-09-21,36.01,36.4,35.88,36.32,12760209,59.02,59.66,58.81,59.52,7785500,2026-03-10T02:46:26Z
PEP,2009-09-22,35.74,36.12,35.57,36.06,11148456,58.58,59.2,58.3,59.1,6802100,2026-03-10T02:46:26Z
PEP,2009-09-23,35.67,36.05,35.6,35.81,10035425,58.47,59.08,58.34,58.69,6123000,2026-03-10T02:46:26Z
PEP,2009-09-24,35.72,35.89,35.53,35.74,10092301,58.54,58.82,58.24,58.57,6157700,2026-03-10T02:46:26Z
PEP,2009-09-25,35.8,36.08,35.58,35.69,11078149,58.68,59.13,58.32,58.5,6759200,2026-03-10T02:46:26Z
PEP,2009-09-28,36.02,36.3,35.77,35.97,6696507,59.03,59.49,58.62,58.95,4085800,2026-03-10T02:46:26Z
PEP,2009-09-29,35.7,36.19,35.39,36.06,11615232,58.51,59.31,58,59.1,7086900,2026-03-10T02:46:26Z
PEP,2009-09-30,35.79,35.91,35.39,35.84,14584075,58.66,58.86,58.01,58.74,8898300,2026-03-10T02:46:26Z
PEP,2009-10-01,35.67,35.99,35.55,35.81,14334120,58.46,58.99,58.27,58.7,8745800,2026-03-10T02:46:26Z
PEP,2009-10-02,37.16,37.37,35.96,36.07,28732193,60.9,61.24,58.93,59.12,17530600,2026-03-10T02:46:26Z
PEP,2009-10-05,37.13,37.37,36.69,37.12,12935268,60.85,61.24,60.14,60.83,7892300,2026-03-10T02:46:26Z
PEP,2009-10-06,37.14,37.38,36.87,37.25,13322887,60.87,61.27,60.42,61.05,8128800,2026-03-10T02:46:26Z
PEP,2009-10-07,37.32,37.45,36.88,37.13,10557922,61.17,61.38,60.45,60.85,6441800,2026-03-10T02:46:26Z
PEP,2009-10-08,36.85,37.37,36.49,37.37,28294861,60.39,61.24,59.8,61.24,17263800,2026-03-10T02:46:26Z
PEP,2009-10-09,36.97,37.03,36.49,36.84,10424024,60.59,60.7,59.81,60.38,6360100,2026-03-10T02:46:26Z
PEP,2009-10-12,37.17,37.44,36.76,36.87,10125743,60.92,61.36,60.25,60.43,6178100,2026-03-10T02:46:26Z
PEP,2009-10-13,36.97,37.22,36.93,37.15,12295402,60.6,61,60.52,60.88,7501900,2026-03-10T02:46:26Z
PEP,2009-10-14,37.6,37.63,37.03,37.18,13869650,61.62,61.68,60.7,60.94,8462400,2026-03-10T02:46:26Z
PEP,2009-10-15,38.24,38.29,37.46,37.57,17239520,62.68,62.75,61.39,61.57,10518500,2026-03-10T02:46:26Z
PEP,2009-10-16,38.01,38.24,37.9,38.12,10798047,62.29,62.68,62.11,62.47,6588300,2026-03-10T02:46:26Z
PEP,2009-10-19,37.86,38.18,37.77,38,9108094,62.05,62.57,61.9,62.28,5557200,2026-03-10T02:46:26Z
PEP,2009-10-20,37.57,37.86,37.29,37.83,13223401,61.58,62.05,61.12,62,8068100,2026-03-10T02:46:26Z
PEP,2009-10-21,37.73,38.04,37.36,37.45,12201972,61.84,62.34,61.23,61.38,7444900,2026-03-10T02:46:26Z
PEP,2009-10-22,37.52,37.77,37.14,37.77,8896345,61.5,61.9,60.87,61.9,5428000,2026-03-10T02:46:26Z
PEP,2009-10-23,37.24,37.63,36.96,37.47,10661663,61.03,61.67,60.58,61.41,6505100,2026-03-10T02:46:26Z
PEP,2009-10-26,36.9,37.52,36.74,37.3,8379894,60.47,61.5,60.21,61.14,5112900,2026-03-10T02:46:26Z
PEP,2009-10-27,37.22,37.43,36.67,37,11903510,61,61.35,60.1,60.64,7262800,2026-03-10T02:46:26Z
PEP,2009-10-28,37.21,37.54,37.07,37.15,10361239,60.99,61.52,60.75,60.88,6321800,2026-03-10T02:46:26Z
PEP,2009-10-29,37.46,37.5,36.96,37.23,8596736,61.39,61.46,60.57,61.01,5245200,2026-03-10T02:46:26Z
PEP,2009-10-30,36.94,37.61,36.74,37.43,12774143,60.55,61.64,60.21,61.35,7794000,2026-03-10T02:46:26Z
PEP,2009-11-02,36.97,37.26,36.71,37.09,10847862,60.6,61.07,60.16,60.79,6618700,2026-03-10T02:46:26Z
PEP,2009-11-03,36.64,36.85,36.38,36.78,9484244,60.06,60.39,59.62,60.29,5786700,2026-03-10T02:46:26Z
PEP,2009-11-04,36.84,37.19,36.48,36.71,9099564,60.38,60.96,59.79,60.16,5552000,2026-03-10T02:46:26Z
PEP,2009-11-05,37.36,37.47,36.87,36.88,9147262,61.23,61.41,60.42,60.44,5581100,2026-03-10T02:46:26Z
PEP,2009-11-06,37.68,37.68,37.09,37.21,7917700,61.76,61.76,60.79,60.99,4830900,2026-03-10T02:46:26Z
PEP,2009-11-09,38,38.02,37.48,37.71,11345791,62.28,62.32,61.43,61.81,6922500,2026-03-10T02:46:26Z
PEP,2009-11-10,37.88,38.4,37.79,37.93,11627031,62.08,62.94,61.93,62.17,7094100,2026-03-10T02:46:26Z
PEP,2009-11-11,38.19,38.24,37.88,38.04,7726600,62.6,62.68,62.08,62.34,4714300,2026-03-10T02:46:26Z
PEP,2009-11-12,37.38,38.29,37.28,38.13,13890119,61.27,62.75,61.1,62.49,8474900,2026-03-10T02:46:26Z
PEP,2009-11-13,37.79,37.91,37.43,37.6,10507608,61.94,62.13,61.35,61.63,6411100,2026-03-10T02:46:26Z
PEP,2009-11-16,38.09,38.13,37.79,37.96,8140271,62.43,62.49,61.94,62.21,4966700,2026-03-10T02:46:26Z
PEP,2009-11-17,38.19,38.21,37.85,38.09,7149682,62.6,62.63,62.03,62.42,4362300,2026-03-10T02:46:26Z
PEP,2009-11-18,38.01,38.14,37.71,38.1,6477550,62.3,62.51,61.81,62.44,3952200,2026-03-10T02:46:26Z
PEP,2009-11-19,37.76,37.89,37.43,37.89,7195737,61.88,62.1,61.35,62.1,4390400,2026-03-10T02:46:26Z
PEP,2009-11-20,37.88,38.02,37.48,37.63,8711300,62.08,62.31,61.43,61.67,5315100,2026-03-10T02:46:26Z
PEP,2009-11-23,38.13,38.43,37.99,38.11,8210912,62.49,62.99,62.26,62.46,5009800,2026-03-10T02:46:26Z
PEP,2009-11-24,38.13,38.23,37.91,38.21,6791073,62.5,62.65,62.13,62.62,4143500,2026-03-10T02:46:26Z
PEP,2009-11-25,38.55,38.6,38.13,38.15,7658579,63.19,63.27,62.49,62.53,4672800,2026-03-10T02:46:26Z
PEP,2009-11-27,38.01,38.16,37.68,37.98,5598568,62.3,62.55,61.75,62.24,3415900,2026-03-10T02:46:26Z
PEP,2009-11-30,37.96,38.34,37.92,38.22,11887635,62.22,62.83,62.15,62.64,7253100,2026-03-10T02:46:26Z
PEP,2009-12-01,38.97,39.01,38.13,38.24,11288731,63.87,63.93,62.49,62.68,6887700,2026-03-10T02:46:26Z
PEP,2009-12-02,39.11,39.17,38.82,39.02,10085306,63.65,63.74,63.17,63.5,6197100,2026-03-10T02:46:26Z
PEP,2009-12-03,38.56,39.07,38.51,39.07,10425770,62.76,63.59,62.67,63.58,6406300,2026-03-10T02:46:26Z
PEP,2009-12-04,39.23,39.33,38.76,38.82,14495296,63.85,64,63.08,63.18,8906900,2026-03-10T02:46:26Z
PEP,2009-12-07,39.47,39.62,39.06,39.14,10187019,64.23,64.48,63.57,63.7,6259600,2026-03-10T02:46:26Z
PEP,2009-12-08,39.01,39.38,38.8,39.38,10029984,63.48,64.09,63.14,64.09,6163100,2026-03-10T02:46:26Z
PEP,2009-12-09,37.97,38.34,37.34,38.15,32914672,61.8,62.39,60.76,62.08,20225000,2026-03-10T02:46:26Z
PEP,2009-12-10,38,38.48,37.89,38.19,13853285,61.84,62.63,61.67,62.15,8512400,2026-03-10T02:46:26Z
PEP,2009-12-11,37.65,38.33,37.59,38.01,13425419,61.27,62.38,61.18,61.85,8249500,2026-03-10T02:46:26Z
PEP,2009-12-14,37.47,37.96,37.4,37.91,12105418,60.98,61.77,60.86,61.7,7438400,2026-03-10T02:46:26Z
PEP,2009-12-15,37.48,37.72,37.11,37.49,12461188,60.99,61.39,60.4,61.01,7657000,2026-03-10T02:46:26Z
