ticker,tradeDate,clsPx,hiPx,loPx,open,stockVolume,unadjClsPx,unadjHiPx,unadjLoPx,unadjOpen,unadjStockVolume,updatedAt
PFE,2006-01-03,9.46,9.52,9.39,9.41,95635476,23.78,23.92,23.6,23.65,38052300,2026-01-27T03:44:51Z
PFE,2006-01-04,9.77,9.78,9.53,9.54,110512188,24.55,24.57,23.95,23.97,43971700,2026-01-27T03:44:51Z
PFE,2006-01-05,9.78,9.85,9.72,9.77,107066080,24.58,24.75,24.44,24.55,42600800,2026-01-27T03:44:51Z
PFE,2006-01-06,9.89,9.93,9.8,9.83,71687664,24.85,24.95,24.63,24.7,28523900,2026-01-27T03:44:51Z
PFE,2006-01-09,9.89,9.94,9.76,9.94,70572784,24.85,24.99,24.52,24.98,28080300,2026-01-27T03:44:51Z
PFE,2006-01-10,9.72,9.84,9.68,9.84,71954054,24.44,24.74,24.32,24.73,28630000,2026-01-27T03:44:51Z
PFE,2006-01-11,9.85,9.88,9.77,9.79,71461296,24.75,24.83,24.55,24.6,28433800,2026-01-27T03:44:51Z
PFE,2006-01-12,9.78,9.89,9.74,9.86,67908526,24.58,24.85,24.47,24.77,27020300,2026-01-27T03:44:51Z
PFE,2006-01-13,9.82,9.86,9.72,9.82,52705232,24.67,24.79,24.44,24.69,20971000,2026-01-27T03:44:51Z
PFE,2006-01-17,9.66,9.76,9.58,9.75,80810268,24.28,24.53,24.07,24.51,32153700,2026-01-27T03:44:51Z
PFE,2006-01-18,9.55,9.64,9.49,9.62,84306107,24,24.23,23.85,24.19,33544700,2026-01-27T03:44:51Z
PFE,2006-01-19,9.94,9.99,9.8,9.91,144802525,24.97,25.12,24.63,24.91,57615400,2026-01-27T03:44:51Z
PFE,2006-01-20,9.83,9.97,9.8,9.94,129857494,24.71,25.07,24.62,24.97,51669200,2026-01-27T03:44:51Z
PFE,2006-01-23,9.9,9.94,9.85,9.87,72429688,24.89,24.99,24.75,24.8,28819100,2026-01-27T03:44:51Z
PFE,2006-01-24,9.78,9.96,9.75,9.95,73875310,24.59,25.03,24.5,25,29394200,2026-01-27T03:44:51Z
PFE,2006-01-25,9.88,9.9,9.66,9.84,66273403,24.83,24.87,24.29,24.72,26369500,2026-01-27T03:44:51Z
PFE,2006-01-26,9.97,10.08,9.86,9.93,103695163,25.05,25.34,24.79,24.95,41259500,2026-01-27T03:44:51Z
PFE,2006-01-27,10.34,10.38,10.09,10.13,153374975,25.99,26.08,25.35,25.45,61026600,2026-01-27T03:44:51Z
PFE,2006-01-30,10.32,10.48,10.25,10.4,82513249,25.94,26.34,25.76,26.15,32831300,2026-01-27T03:44:51Z
PFE,2006-01-31,10.22,10.37,10.15,10.35,78828690,25.68,26.07,25.51,26.02,31365100,2026-01-27T03:44:51Z
PFE,2006-02-01,10.37,10.39,10.22,10.25,71320264,26.05,26.12,25.68,25.75,28377800,2026-01-27T03:44:51Z
PFE,2006-02-02,10.26,10.4,10.17,10.38,62031496,25.78,26.13,25.55,26.1,24681700,2026-01-27T03:44:51Z
PFE,2006-02-03,10.06,10.26,10.05,10.26,69122344,25.28,25.78,25.27,25.78,27503200,2026-01-27T03:44:51Z
PFE,2006-02-06,9.98,10.07,9.93,10.03,54724452,25.09,25.32,24.95,25.21,21774400,2026-01-27T03:44:51Z
PFE,2006-02-07,10.02,10.23,9.96,9.97,72241614,25.18,25.7,25.04,25.05,28744300,2026-01-27T03:44:51Z
PFE,2006-02-08,10.59,10.61,10.28,10.3,154411143,26.37,26.4,25.6,25.65,62030300,2026-01-27T03:44:51Z
PFE,2006-02-09,10.58,10.78,10.54,10.59,115320426,26.34,26.84,26.24,26.37,46326500,2026-01-27T03:44:51Z
PFE,2006-02-10,10.32,10.48,10.18,10.45,144035718,25.68,26.08,25.35,26,57862200,2026-01-27T03:44:51Z
PFE,2006-02-13,10.28,10.31,10.12,10.2,62026519,25.58,25.66,25.19,25.4,24917300,2026-01-27T03:44:51Z
PFE,2006-02-14,10.24,10.3,10.22,10.26,78655222,25.5,25.64,25.44,25.53,31597500,2026-01-27T03:44:51Z
PFE,2006-02-15,10.29,10.3,10.13,10.23,69757629,25.61,25.65,25.22,25.47,28022900,2026-01-27T03:44:51Z
PFE,2006-02-16,10.37,10.39,10.19,10.28,56315557,25.81,25.86,25.37,25.6,22623100,2026-01-27T03:44:51Z
PFE,2006-02-17,10.37,10.37,10.22,10.36,62362403,25.82,25.82,25.45,25.8,25052200,2026-01-27T03:44:51Z
PFE,2006-02-21,10.3,10.4,10.28,10.32,52039729,25.64,25.88,25.59,25.7,20905400,2026-01-27T03:44:51Z
PFE,2006-02-22,10.52,10.55,10.32,10.32,72596159,26.19,26.26,25.68,25.69,29163200,2026-01-27T03:44:51Z
PFE,2006-02-23,10.5,10.59,10.46,10.53,54477290,26.14,26.35,26.04,26.22,21884700,2026-01-27T03:44:51Z
PFE,2006-02-24,10.59,10.64,10.48,10.49,47926719,26.37,26.48,26.08,26.11,19253200,2026-01-27T03:44:51Z
PFE,2006-02-27,10.69,10.75,10.59,10.61,77515335,26.6,26.75,26.36,26.4,31139600,2026-01-27T03:44:51Z
PFE,2006-02-28,10.52,10.69,10.5,10.69,73782565,26.19,26.6,26.14,26.6,29639800,2026-01-27T03:44:51Z
PFE,2006-03-01,10.55,10.56,10.37,10.48,66954882,26.26,26.3,25.82,26.1,26897200,2026-01-27T03:44:51Z
PFE,2006-03-02,10.47,10.55,10.4,10.45,49703883,26.06,26.27,25.9,26,19967000,2026-01-27T03:44:51Z
PFE,2006-03-03,10.58,10.63,10.4,10.4,72721083,26.34,26.45,25.88,25.88,29213500,2026-01-27T03:44:51Z
PFE,2006-03-06,10.44,10.61,10.42,10.51,52388906,25.98,26.4,25.94,26.16,21045700,2026-01-27T03:44:51Z
PFE,2006-03-07,10.52,10.55,10.37,10.46,56884400,26.19,26.27,25.82,26.04,22851500,2026-01-27T03:44:51Z
PFE,2006-03-08,10.51,10.54,10.44,10.48,64187321,26.17,26.24,25.99,26.1,25785300,2026-01-27T03:44:51Z
PFE,2006-03-09,10.52,10.61,10.5,10.54,46688201,26.19,26.4,26.13,26.25,18755500,2026-01-27T03:44:51Z
PFE,2006-03-10,10.48,10.6,10.41,10.58,56645940,26.08,26.38,25.91,26.34,22755900,2026-01-27T03:44:51Z
PFE,2006-03-13,10.43,10.46,10.39,10.45,63694418,25.97,26.04,25.87,26,25587400,2026-01-27T03:44:51Z
PFE,2006-03-14,10.43,10.45,10.35,10.4,58511717,25.97,26,25.77,25.9,23505400,2026-01-27T03:44:51Z
PFE,2006-03-15,10.42,10.46,10.38,10.44,45789507,25.95,26.04,25.85,25.99,18394500,2026-01-27T03:44:51Z
PFE,2006-03-16,10.46,10.51,10.39,10.42,56779879,26.05,26.15,25.87,25.93,22809600,2026-01-27T03:44:51Z
PFE,2006-03-17,10.6,10.64,10.48,10.53,79968810,26.39,26.48,26.09,26.2,32125100,2026-01-27T03:44:51Z
PFE,2006-03-20,10.63,10.69,10.56,10.6,45389195,26.47,26.6,26.3,26.39,18233700,2026-01-27T03:44:51Z
PFE,2006-03-21,10.57,10.66,10.5,10.65,63518341,26.31,26.53,26.14,26.5,25516700,2026-01-27T03:44:51Z
PFE,2006-03-22,10.61,10.65,10.54,10.59,56282777,26.4,26.52,26.24,26.35,22609900,2026-01-27T03:44:51Z
PFE,2006-03-23,10.51,10.63,10.43,10.61,45050760,26.16,26.47,25.96,26.4,18097800,2026-01-27T03:44:51Z
PFE,2006-03-24,10.45,10.54,10.38,10.54,44424032,26.02,26.24,25.85,26.24,17846100,2026-01-27T03:44:51Z
PFE,2006-03-27,10.37,10.45,10.32,10.45,53034665,25.81,26.02,25.69,26,21305100,2026-01-27T03:44:51Z
PFE,2006-03-28,10.18,10.37,10.16,10.34,60508824,25.35,25.81,25.3,25.73,24307600,2026-01-27T03:44:51Z
PFE,2006-03-29,10.14,10.26,10.09,10.21,69372041,25.24,25.55,25.11,25.42,27868100,2026-01-27T03:44:51Z
PFE,2006-03-30,10.12,10.22,10.12,10.14,58056119,25.2,25.43,25.2,25.24,23322200,2026-01-27T03:44:51Z
PFE,2006-03-31,10.01,10.19,9.97,10.14,60702003,24.92,25.37,24.83,25.24,24385300,2026-01-27T03:44:51Z
PFE,2006-04-03,10.09,10.16,10.05,10.08,50794866,25.12,25.29,25.03,25.09,20405300,2026-01-27T03:44:51Z
PFE,2006-04-04,10.08,10.14,10.05,10.13,54253555,25.1,25.24,25.01,25.23,21794800,2026-01-27T03:44:51Z
PFE,2006-04-05,10.11,10.18,10.05,10.06,42795944,25.17,25.34,25.03,25.04,17192000,2026-01-27T03:44:51Z
PFE,2006-04-06,10.08,10.09,10.01,10.05,61310092,25.09,25.11,24.91,25.02,24629600,2026-01-27T03:44:51Z
PFE,2006-04-07,9.92,10.1,9.9,10.08,52028106,24.69,25.13,24.65,25.1,20900800,2026-01-27T03:44:51Z
PFE,2006-04-10,9.9,9.97,9.85,9.92,45073672,24.65,24.81,24.51,24.7,18107000,2026-01-27T03:44:51Z
PFE,2006-04-11,9.78,9.95,9.71,9.9,58780136,24.35,24.76,24.18,24.65,23613200,2026-01-27T03:44:51Z
PFE,2006-04-12,9.81,9.85,9.76,9.77,44252471,24.42,24.53,24.29,24.32,17777100,2026-01-27T03:44:51Z
PFE,2006-04-13,9.84,9.89,9.74,9.74,45569236,24.5,24.61,24.25,24.25,18306000,2026-01-27T03:44:51Z
PFE,2006-04-17,9.82,9.86,9.78,9.81,42942012,24.44,24.55,24.34,24.42,17250600,2026-01-27T03:44:51Z
PFE,2006-04-18,10.01,10.02,9.81,9.81,63789822,24.93,24.93,24.42,24.42,25625700,2026-01-27T03:44:51Z
PFE,2006-04-19,9.97,10.07,9.89,10.07,81786736,24.82,25.07,24.62,25.07,32855400,2026-01-27T03:44:51Z
PFE,2006-04-20,10.02,10.04,9.93,9.93,62126200,24.95,24.99,24.71,24.73,24957300,2026-01-27T03:44:51Z
PFE,2006-04-21,9.99,10.07,9.94,10.01,62142643,24.87,25.07,24.75,24.91,24964000,2026-01-27T03:44:51Z
PFE,2006-04-24,9.96,9.98,9.86,9.93,56764136,24.79,24.84,24.54,24.72,22803200,2026-01-27T03:44:51Z
PFE,2006-04-25,9.93,9.99,9.91,9.92,73405740,24.72,24.88,24.68,24.7,29488500,2026-01-27T03:44:51Z
PFE,2006-04-26,10.03,10.06,9.9,9.9,76953471,24.97,25.05,24.65,24.65,30913600,2026-01-27T03:44:51Z
PFE,2006-04-27,9.99,10.13,9.99,10.03,59385401,24.86,25.23,24.86,24.97,23856400,2026-01-27T03:44:51Z
PFE,2006-04-28,10.18,10.22,9.99,10,68544291,25.33,25.44,24.86,24.9,27535700,2026-01-27T03:44:51Z
PFE,2006-05-01,10.09,10.28,10.04,10.24,65881009,25.12,25.59,24.99,25.5,26465700,2026-01-27T03:44:51Z
PFE,2006-05-02,10.12,10.2,10.05,10.06,57367625,25.18,25.39,25.01,25.05,23045700,2026-01-27T03:44:51Z
PFE,2006-05-03,10.11,10.28,10.09,10.15,62230608,25.17,25.6,25.11,25.27,24999300,2026-01-27T03:44:51Z
PFE,2006-05-04,10.13,10.22,10.11,10.16,66233549,25.22,25.45,25.17,25.3,26607400,2026-01-27T03:44:51Z
PFE,2006-05-05,10.21,10.27,10.15,10.18,50047073,25.41,25.57,25.27,25.33,20104900,2026-01-27T03:44:51Z
PFE,2006-05-08,10.26,10.32,10.2,10.2,51444433,25.54,25.7,25.38,25.4,20666200,2026-01-27T03:44:51Z
PFE,2006-05-09,10.25,10.33,10.22,10.24,41303303,25.51,25.72,25.43,25.5,16592400,2026-01-27T03:44:51Z
PFE,2006-05-10,10.15,10.26,10.09,10.26,70607447,25.04,25.3,24.87,25.29,28633800,2026-01-27T03:44:51Z
PFE,2006-05-11,10.06,10.3,10.02,10.25,71595708,24.81,25.39,24.7,25.27,29034500,2026-01-27T03:44:51Z
PFE,2006-05-12,9.94,10.08,9.9,10.02,69772082,24.5,24.86,24.42,24.7,28295000,2026-01-27T03:44:51Z
PFE,2006-05-15,10.09,10.11,9.94,9.94,61283778,24.89,24.93,24.52,24.52,24852800,2026-01-27T03:44:51Z
PFE,2006-05-16,10.1,10.14,9.98,10.02,55771874,24.9,25.01,24.6,24.7,22617400,2026-01-27T03:44:51Z
PFE,2006-05-17,9.84,10.12,9.79,10.02,76050669,24.27,24.95,24.15,24.71,30841100,2026-01-27T03:44:51Z
PFE,2006-05-18,9.69,9.88,9.67,9.82,78889621,23.89,24.35,23.85,24.21,31992400,2026-01-27T03:44:51Z
PFE,2006-05-19,9.66,9.77,9.57,9.73,85321011,23.82,24.1,23.6,24,34600500,2026-01-27T03:44:51Z
PFE,2006-05-22,9.62,9.79,9.61,9.64,69962813,23.72,24.14,23.7,23.78,28372400,2026-01-27T03:44:51Z
PFE,2006-05-23,9.73,9.79,9.62,9.62,73281349,23.99,24.13,23.72,23.72,29718200,2026-01-27T03:44:51Z
PFE,2006-05-24,9.67,9.73,9.58,9.73,61995093,23.84,24,23.63,23.99,25141300,2026-01-27T03:44:51Z
PFE,2006-05-25,9.67,9.69,9.57,9.67,58922720,23.85,23.9,23.6,23.85,23895200,2026-01-27T03:44:51Z
PFE,2006-05-26,9.73,9.77,9.64,9.75,56779302,24,24.1,23.77,24.04,23025900,2026-01-27T03:44:51Z
PFE,2006-05-30,9.56,9.73,9.55,9.69,59742167,23.58,24,23.54,23.9,24227500,2026-01-27T03:44:51Z
PFE,2006-05-31,9.6,9.65,9.54,9.6,58914262,23.66,23.8,23.52,23.66,23891900,2026-01-27T03:44:51Z
PFE,2006-06-01,9.69,9.79,9.62,9.66,61805183,23.9,24.15,23.72,23.83,25064200,2026-01-27T03:44:51Z
PFE,2006-06-02,9.81,9.81,9.68,9.73,53246407,24.19,24.2,23.87,24,21593300,2026-01-27T03:44:51Z
PFE,2006-06-05,9.71,9.9,9.67,9.85,63162295,23.94,24.41,23.85,24.3,25614500,2026-01-27T03:44:51Z
PFE,2006-06-06,9.67,9.86,9.6,9.75,65415498,23.84,24.32,23.66,24.04,26528400,2026-01-27T03:44:51Z
PFE,2006-06-07,9.7,9.81,9.69,9.74,66295186,23.91,24.18,23.89,24.02,26884900,2026-01-27T03:44:51Z
PFE,2006-06-08,9.68,9.69,9.46,9.61,85299856,23.86,23.89,23.32,23.7,34592200,2026-01-27T03:44:51Z
PFE,2006-06-09,9.54,9.64,9.51,9.59,75122056,23.53,23.77,23.46,23.65,30464500,2026-01-27T03:44:51Z
PFE,2006-06-12,9.44,9.6,9.41,9.55,49503554,23.29,23.66,23.21,23.55,20075400,2026-01-27T03:44:51Z
PFE,2006-06-13,9.34,9.53,9.34,9.41,76298191,23.04,23.5,23.03,23.2,30941500,2026-01-27T03:44:51Z
PFE,2006-06-14,9.37,9.4,9.31,9.33,71675304,23.11,23.19,22.97,23.01,29066800,2026-01-27T03:44:51Z
PFE,2006-06-15,9.54,9.59,9.39,9.46,66267055,23.53,23.64,23.15,23.34,26873500,2026-01-27T03:44:51Z
PFE,2006-06-16,9.5,9.59,9.43,9.49,76390321,23.43,23.65,23.24,23.4,30979000,2026-01-27T03:44:51Z
PFE,2006-06-19,9.35,9.57,9.28,9.53,68592622,23.06,23.6,22.89,23.5,27816600,2026-01-27T03:44:51Z
PFE,2006-06-20,9.31,9.41,9.26,9.4,117595139,22.95,23.2,22.84,23.17,47688800,2026-01-27T03:44:51Z
PFE,2006-06-21,9.2,9.41,9.18,9.32,97015926,22.69,23.21,22.64,22.98,39343400,2026-01-27T03:44:51Z
PFE,2006-06-22,9.19,9.32,9.18,9.23,57451806,22.65,22.99,22.63,22.75,23298800,2026-01-27T03:44:51Z
PFE,2006-06-23,9.18,9.25,9.13,9.21,54867840,22.64,22.8,22.51,22.7,22250800,2026-01-27T03:44:51Z
PFE,2006-06-26,9.33,9.51,9.3,9.51,77055660,23.01,23.45,22.94,23.45,31248900,2026-01-27T03:44:51Z
PFE,2006-06-27,9.25,9.37,9.21,9.34,53050895,22.8,23.11,22.71,23.03,21514000,2026-01-27T03:44:51Z
PFE,2006-06-28,9.29,9.33,9.25,9.3,48774571,22.9,23.01,22.82,22.93,19779900,2026-01-27T03:44:51Z
PFE,2006-06-29,9.42,9.45,9.28,9.33,64434867,23.24,23.3,22.88,23,26130500,2026-01-27T03:44:51Z
PFE,2006-06-30,9.52,9.65,9.44,9.45,77492740,23.47,23.8,23.28,23.3,31426000,2026-01-27T03:44:51Z
PFE,2006-07-03,9.56,9.62,9.49,9.55,38908663,23.58,23.72,23.4,23.54,15778800,2026-01-27T03:44:51Z
PFE,2006-07-05,9.6,9.61,9.5,9.54,74071542,23.68,23.69,23.43,23.53,30038700,2026-01-27T03:44:51Z
PFE,2006-07-06,9.6,9.7,9.57,9.64,49824391,23.68,23.93,23.6,23.77,20205600,2026-01-27T03:44:51Z
PFE,2006-07-07,9.6,9.69,9.57,9.65,43085167,23.68,23.9,23.6,23.8,17472600,2026-01-27T03:44:51Z
PFE,2006-07-10,9.68,9.72,9.64,9.67,35055742,23.87,23.96,23.76,23.85,14216300,2026-01-27T03:44:51Z
PFE,2006-07-11,9.53,9.66,9.42,9.64,67948637,23.49,23.83,23.22,23.77,27555500,2026-01-27T03:44:51Z
PFE,2006-07-12,9.4,9.52,9.38,9.49,41537234,23.18,23.48,23.12,23.41,16844800,2026-01-27T03:44:51Z
PFE,2006-07-13,9.27,9.4,9.21,9.39,63021340,22.87,23.18,22.71,23.15,25557400,2026-01-27T03:44:51Z
PFE,2006-07-14,9.09,9.28,8.99,9.28,69993175,22.42,22.87,22.16,22.87,28384700,2026-01-27T03:44:51Z
PFE,2006-07-17,9.09,9.19,9.04,9.08,58174758,22.41,22.66,22.28,22.4,23591800,2026-01-27T03:44:51Z
PFE,2006-07-18,9.16,9.23,9.06,9.15,66024742,22.58,22.76,22.33,22.56,26775400,2026-01-27T03:44:51Z
PFE,2006-07-19,9.45,9.49,9.19,9.2,82902273,23.3,23.39,22.65,22.69,33619900,2026-01-27T03:44:51Z
PFE,2006-07-20,9.62,9.68,9.53,9.59,82575168,23.71,23.86,23.5,23.64,33487000,2026-01-27T03:44:51Z
PFE,2006-07-21,9.66,9.75,9.61,9.65,91548678,23.83,24.04,23.69,23.8,37126200,2026-01-27T03:44:51Z
PFE,2006-07-24,10.05,10.11,9.66,9.74,116933334,24.79,24.94,23.81,24.01,47420500,2026-01-27T03:44:51Z
PFE,2006-07-25,10.12,10.19,10.02,10.02,73445358,24.96,25.13,24.7,24.7,29784800,2026-01-27T03:44:51Z
PFE,2006-07-26,10.18,10.24,10.09,10.1,70119365,25.11,25.26,24.88,24.9,28435900,2026-01-27T03:44:51Z
PFE,2006-07-27,10.4,10.41,10.19,10.22,88616037,25.65,25.67,25.13,25.2,35937000,2026-01-27T03:44:51Z
PFE,2006-07-28,10.59,10.67,10.41,10.42,115796873,26.11,26.3,25.67,25.7,46959600,2026-01-27T03:44:51Z
PFE,2006-07-31,10.54,10.81,10.51,10.73,128216244,25.99,26.66,25.91,26.45,51996400,2026-01-27T03:44:51Z
PFE,2006-08-01,10.54,10.66,10.52,10.56,82477359,25.99,26.29,25.93,26.04,33447600,2026-01-27T03:44:51Z
PFE,2006-08-02,10.39,10.73,10.27,10.63,150084487,25.61,26.46,25.32,26.21,60864800,2026-01-27T03:44:51Z
PFE,2006-08-03,10.35,10.43,10.31,10.37,70032905,25.51,25.71,25.42,25.58,28400800,2026-01-27T03:44:51Z
PFE,2006-08-04,10.54,10.56,10.43,10.49,78092392,25.98,26.03,25.73,25.88,31669200,2026-01-27T03:44:51Z
PFE,2006-08-07,10.56,10.59,10.52,10.53,67937819,26.05,26.11,25.94,25.96,27551200,2026-01-27T03:44:51Z
PFE,2006-08-08,10.61,10.64,10.53,10.56,86338014,26.16,26.25,25.97,26.04,35013100,2026-01-27T03:44:51Z
PFE,2006-08-09,10.7,10.76,10.65,10.7,84595049,26.15,26.3,26.01,26.13,34623800,2026-01-27T03:44:51Z
PFE,2006-08-10,10.63,10.66,10.48,10.62,57586584,25.97,26.04,25.61,25.95,23569700,2026-01-27T03:44:51Z
PFE,2006-08-11,10.57,10.6,10.45,10.57,39815902,25.82,25.89,25.53,25.83,16296300,2026-01-27T03:44:51Z
PFE,2006-08-14,10.67,10.76,10.58,10.59,54707333,26.08,26.29,25.85,25.88,22391200,2026-01-27T03:44:51Z
PFE,2006-08-15,10.81,10.84,10.7,10.71,53714020,26.4,26.49,26.13,26.17,21984700,2026-01-27T03:44:51Z
PFE,2006-08-16,10.95,10.97,10.79,10.8,71934131,26.75,26.81,26.35,26.38,29441900,2026-01-27T03:44:51Z
PFE,2006-08-17,11.05,11.1,10.93,10.96,74123439,27,27.12,26.7,26.77,30337900,2026-01-27T03:44:51Z
PFE,2006-08-18,11.07,11.08,10.91,11.05,64849096,27.05,27.08,26.66,26.99,26542100,2026-01-27T03:44:51Z
PFE,2006-08-21,10.9,11.2,10.88,10.96,59013824,26.64,27.37,26.59,26.78,24153800,2026-01-27T03:44:51Z
PFE,2006-08-22,11.04,11.09,10.9,10.9,60527010,26.98,27.09,26.64,26.64,24773000,2026-01-27T03:44:51Z
PFE,2006-08-23,11.11,11.11,10.99,11,51806197,27.14,27.15,26.86,26.88,21203700,2026-01-27T03:44:51Z
PFE,2006-08-24,11.15,11.19,11.05,11.13,54346842,27.24,27.35,27.01,27.2,22243700,2026-01-27T03:44:51Z
PFE,2006-08-25,11.14,11.19,11.05,11.1,40036038,27.23,27.35,27,27.12,16386400,2026-01-27T03:44:51Z
PFE,2006-08-28,11.27,11.36,11.09,11.11,69503201,27.54,27.75,27.1,27.15,28447100,2026-01-27T03:44:51Z
PFE,2006-08-29,11.3,11.36,11.25,11.25,51867154,27.6,27.75,27.49,27.49,21228700,2026-01-27T03:44:51Z
PFE,2006-08-30,11.35,11.41,11.3,11.3,63022125,27.73,27.88,27.6,27.6,25794300,2026-01-27T03:44:51Z
PFE,2006-08-31,11.28,11.39,11.26,11.35,56288370,27.56,27.83,27.51,27.73,23038200,2026-01-27T03:44:51Z
PFE,2006-09-01,11.44,11.45,11.29,11.37,57434074,27.96,27.97,27.58,27.79,23507300,2026-01-27T03:44:51Z
PFE,2006-09-05,11.39,11.41,11.31,11.41,49288914,27.84,27.89,27.64,27.87,20173400,2026-01-27T03:44:51Z
PFE,2006-09-06,11.35,11.46,11.33,11.41,73104031,27.72,28,27.68,27.89,29920700,2026-01-27T03:44:51Z
PFE,2006-09-07,11.23,11.34,11.18,11.32,64282843,27.45,27.7,27.32,27.65,26310300,2026-01-27T03:44:51Z
PFE,2006-09-08,11.29,11.36,11.21,11.21,44000139,27.59,27.75,27.4,27.4,18008800,2026-01-27T03:44:51Z
PFE,2006-09-11,11.41,11.41,11.26,11.26,49806026,27.88,27.89,27.5,27.5,20385100,2026-01-27T03:44:51Z
PFE,2006-09-12,11.56,11.6,11.42,11.45,91923178,28.25,28.33,27.91,27.97,37623100,2026-01-27T03:44:51Z
PFE,2006-09-13,11.54,11.6,11.5,11.51,53922331,28.19,28.33,28.09,28.13,22069900,2026-01-27T03:44:51Z
PFE,2006-09-14,11.54,11.55,11.38,11.48,50501994,28.2,28.23,27.81,28.06,20670000,2026-01-27T03:44:51Z
PFE,2006-09-15,11.48,11.6,11.46,11.55,67380785,28.04,28.33,28.01,28.23,27578300,2026-01-27T03:44:51Z
PFE,2006-09-18,11.53,11.55,11.44,11.45,51770898,28.16,28.22,27.95,27.98,21189300,2026-01-27T03:44:51Z
PFE,2006-09-19,11.54,11.55,11.38,11.52,52098412,28.2,28.21,27.8,28.15,21323400,2026-01-27T03:44:51Z
PFE,2006-09-20,11.65,11.67,11.53,11.53,66666831,28.47,28.51,28.16,28.16,27286100,2026-01-27T03:44:51Z
PFE,2006-09-21,11.55,11.66,11.5,11.65,66504998,28.21,28.49,28.1,28.47,27219900,2026-01-27T03:44:51Z
PFE,2006-09-22,11.53,11.56,11.47,11.55,47361797,28.16,28.24,28.03,28.21,19384700,2026-01-27T03:44:51Z
PFE,2006-09-25,11.6,11.66,11.51,11.58,62243487,28.35,28.49,28.12,28.29,25475700,2026-01-27T03:44:51Z
PFE,2006-09-26,11.62,11.63,11.55,11.57,62913532,28.4,28.41,28.22,28.27,25749800,2026-01-27T03:44:51Z
PFE,2006-09-27,11.63,11.66,11.55,11.56,58382465,28.41,28.5,28.21,28.25,23895300,2026-01-27T03:44:51Z
PFE,2006-09-28,11.58,11.64,11.51,11.6,50440303,28.3,28.44,28.13,28.34,20644700,2026-01-27T03:44:51Z
PFE,2006-09-29,11.61,11.7,11.56,11.62,58554880,28.36,28.58,28.25,28.39,23966000,2026-01-27T03:44:51Z
PFE,2006-10-02,11.59,11.71,11.54,11.54,53998877,28.31,28.6,28.2,28.2,22101200,2026-01-27T03:44:51Z
PFE,2006-10-03,11.63,11.7,11.56,11.58,49504386,28.41,28.59,28.25,28.29,20261600,2026-01-27T03:44:51Z
PFE,2006-10-04,11.6,11.64,11.47,11.63,67255655,28.33,28.43,28.03,28.41,27527100,2026-01-27T03:44:51Z
PFE,2006-10-05,11.46,11.56,11.36,11.55,70754640,27.99,28.25,27.75,28.23,28959100,2026-01-27T03:44:51Z
PFE,2006-10-06,11.42,11.44,11.29,11.41,66379532,27.9,27.95,27.59,27.87,27168500,2026-01-27T03:44:51Z
PFE,2006-10-09,11.32,11.39,11.24,11.37,50880895,27.65,27.83,27.46,27.78,20825100,2026-01-27T03:44:51Z
PFE,2006-10-10,11.28,11.3,11.16,11.26,73100699,27.56,27.6,27.27,27.5,29919300,2026-01-27T03:44:51Z
PFE,2006-10-11,11.17,11.26,11.13,11.23,79183637,27.29,27.5,27.2,27.43,32409000,2026-01-27T03:44:51Z
PFE,2006-10-12,11.32,11.35,11.16,11.17,65068107,27.65,27.74,27.27,27.29,26631800,2026-01-27T03:44:51Z
PFE,2006-10-13,11.29,11.32,11.2,11.27,59916990,27.59,27.66,27.37,27.54,24523400,2026-01-27T03:44:51Z
PFE,2006-10-16,11.32,11.35,11.21,11.3,48802636,27.66,27.74,27.38,27.6,19974500,2026-01-27T03:44:51Z
PFE,2006-10-17,11.35,11.41,11.23,11.24,61070243,27.72,27.88,27.44,27.46,24995400,2026-01-27T03:44:51Z
PFE,2006-10-18,11.5,11.55,11.35,11.41,77559092,28.1,28.22,27.73,27.87,31744300,2026-01-27T03:44:51Z
PFE,2006-10-19,11.33,11.66,11.3,11.63,123015626,27.68,28.5,27.6,28.42,50349300,2026-01-27T03:44:51Z
PFE,2006-10-20,11.33,11.36,11.05,11.36,118892164,27.68,27.76,27,27.76,48661600,2026-01-27T03:44:51Z
PFE,2006-10-23,11.35,11.37,11.25,11.28,76880040,27.73,27.78,27.49,27.55,31466200,2026-01-27T03:44:51Z
PFE,2006-10-24,11.16,11.18,11.05,11.15,124379901,27.26,27.32,27,27.25,50907700,2026-01-27T03:44:51Z
PFE,2006-10-25,11.23,11.23,11.07,11.12,88264265,27.43,27.45,27.06,27.17,36125600,2026-01-27T03:44:51Z
PFE,2006-10-26,11.17,11.23,11.08,11.16,100386813,27.28,27.45,27.07,27.28,41087200,2026-01-27T03:44:51Z
PFE,2006-10-27,11.14,11.25,11.11,11.12,96909051,27.22,27.49,27.14,27.16,39664000,2026-01-27T03:44:51Z
PFE,2006-10-30,11.13,11.21,11.1,11.1,82606376,27.2,27.4,27.11,27.12,33810000,2026-01-27T03:44:51Z
PFE,2006-10-31,10.91,11.07,10.8,11.03,197051319,26.65,27.06,26.38,26.94,80651296,2026-01-27T03:44:51Z
PFE,2006-11-01,10.86,11,10.85,10.93,96626210,26.54,26.88,26.52,26.7,39548300,2026-01-27T03:44:51Z
PFE,2006-11-02,10.92,10.93,10.82,10.85,70524005,26.69,26.7,26.43,26.51,28864900,2026-01-27T03:44:51Z
PFE,2006-11-03,10.87,10.95,10.83,10.92,66673196,26.55,26.76,26.46,26.68,27288800,2026-01-27T03:44:51Z
PFE,2006-11-06,11.05,11.09,10.87,10.88,79772315,26.99,27.09,26.55,26.57,32649900,2026-01-27T03:44:51Z
PFE,2006-11-07,11.17,11.24,11.05,11.05,110979004,27.29,27.47,27,27,45422500,2026-01-27T03:44:51Z
PFE,2006-11-08,10.99,11.04,10.91,11.02,128507381,26.62,26.73,26.43,26.69,53063600,2026-01-27T03:44:51Z
PFE,2006-11-09,10.67,10.97,10.32,10.9,201176835,25.84,26.57,25,26.41,83070304,2026-01-27T03:44:51Z
PFE,2006-11-10,10.62,10.77,10.49,10.66,113954707,25.71,26.07,25.4,25.82,47054300,2026-01-27T03:44:51Z
PFE,2006-11-13,10.69,10.74,10.56,10.57,99685877,25.89,26.02,25.57,25.61,41162300,2026-01-27T03:44:51Z
PFE,2006-11-14,10.84,10.88,10.6,10.76,102547966,26.25,26.36,25.67,26.05,42344300,2026-01-27T03:44:51Z
PFE,2006-11-15,10.95,11.05,10.81,10.86,96192444,26.53,26.75,26.17,26.3,39719900,2026-01-27T03:44:51Z
PFE,2006-11-16,11.05,11.13,10.91,10.91,80009250,26.76,26.95,26.43,26.43,33037600,2026-01-27T03:44:51Z
PFE,2006-11-17,11.24,11.25,11.02,11.03,116029974,27.21,27.24,26.69,26.7,47911300,2026-01-27T03:44:51Z
PFE,2006-11-20,11.17,11.27,11.16,11.21,82921278,27.05,27.3,27.02,27.15,34239900,2026-01-27T03:44:51Z
PFE,2006-11-21,11.13,11.21,11.1,11.14,69671814,26.95,27.15,26.87,26.97,28768900,2026-01-27T03:44:51Z
PFE,2006-11-22,11.19,11.27,11.13,11.15,47075663,27.1,27.29,26.95,27,19438600,2026-01-27T03:44:51Z
PFE,2006-11-24,11.1,11.17,11.09,11.11,27178430,26.89,27.05,26.86,26.91,11222600,2026-01-27T03:44:51Z
PFE,2006-11-27,11.14,11.22,11.05,11.1,94473824,26.97,27.17,26.77,26.89,39010300,2026-01-27T03:44:51Z
PFE,2006-11-28,11.17,11.18,11.07,11.15,76534577,27.05,27.08,26.82,27,31602700,2026-01-27T03:44:51Z
PFE,2006-11-29,11.18,11.34,11.11,11.27,103477391,27.07,27.46,26.9,27.29,42728100,2026-01-27T03:44:51Z
PFE,2006-11-30,11.35,11.51,11.3,11.31,143738128,27.49,27.88,27.36,27.4,59352500,2026-01-27T03:44:51Z
PFE,2006-12-01,11.5,11.5,11.36,11.4,97301243,27.86,27.86,27.5,27.61,40177800,2026-01-27T03:44:51Z
PFE,2006-12-04,10.28,11.48,9.7,9.77,700699456,24.9,27.8,23.5,23.65,289332608,2026-01-27T03:44:51Z
PFE,2006-12-05,10.25,10.38,10.15,10.32,287208181,24.82,25.13,24.58,24.99,118594304,2026-01-27T03:44:51Z
PFE,2006-12-06,10.24,10.32,10.18,10.28,119210961,24.8,24.99,24.65,24.9,49225000,2026-01-27T03:44:51Z
PFE,2006-12-07,10.27,10.31,10.21,10.31,123238060,24.86,24.98,24.72,24.98,50887500,2026-01-27T03:44:51Z
PFE,2006-12-08,10.39,10.4,10.24,10.27,105853150,25.17,25.19,24.8,24.87,43708900,2026-01-27T03:44:51Z
PFE,2006-12-11,10.38,10.57,10.31,10.43,135946818,25.15,25.6,24.96,25.27,56135500,2026-01-27T03:44:51Z
PFE,2006-12-12,10.39,10.42,10.31,10.34,102453223,25.17,25.23,24.96,25.05,42305000,2026-01-27T03:44:51Z
PFE,2006-12-13,10.48,10.51,10.4,10.41,97979662,25.39,25.45,25.19,25.22,40458000,2026-01-27T03:44:51Z
PFE,2006-12-14,10.55,10.6,10.49,10.53,89406838,25.56,25.67,25.4,25.49,36918100,2026-01-27T03:44:51Z
PFE,2006-12-15,10.59,10.65,10.55,10.55,120774119,25.64,25.8,25.54,25.56,49870200,2026-01-27T03:44:51Z
PFE,2006-12-18,10.67,10.71,10.56,10.59,88830370,25.83,25.95,25.57,25.65,36680100,2026-01-27T03:44:51Z
PFE,2006-12-19,10.82,10.84,10.63,10.67,117929918,26.2,26.24,25.75,25.85,48695600,2026-01-27T03:44:51Z
PFE,2006-12-20,10.82,10.96,10.79,10.8,111665732,26.21,26.55,26.13,26.16,46109300,2026-01-27T03:44:51Z
PFE,2006-12-21,10.76,10.88,10.74,10.84,81965420,26.07,26.34,26,26.24,33845400,2026-01-27T03:44:51Z
PFE,2006-12-22,10.72,10.79,10.7,10.74,49443161,25.97,26.12,25.91,26,20416200,2026-01-27T03:44:51Z
PFE,2006-12-26,10.71,10.73,10.65,10.65,43166858,25.93,25.99,25.8,25.8,17824600,2026-01-27T03:44:51Z
PFE,2006-12-27,10.8,10.83,10.66,10.71,59774057,26.15,26.23,25.82,25.95,24682000,2026-01-27T03:44:51Z
PFE,2006-12-28,10.76,10.82,10.67,10.74,58156135,26.07,26.2,25.85,26.02,24014000,2026-01-27T03:44:51Z
PFE,2006-12-29,10.69,10.81,10.66,10.77,67214504,25.9,26.17,25.82,26.08,27754400,2026-01-27T03:44:51Z
PFE,2007-01-03,10.86,10.91,10.73,10.8,98433061,26.29,26.42,25.98,26.15,40645100,2026-01-27T03:44:51Z
PFE,2007-01-04,10.89,10.97,10.86,10.89,78120677,26.38,26.57,26.29,26.38,32257800,2026-01-27T03:44:51Z
PFE,2007-01-05,10.86,11,10.81,10.96,75936470,26.3,26.63,26.17,26.55,31355700,2026-01-27T03:44:51Z
PFE,2007-01-08,10.8,10.91,10.69,10.86,104677539,26.16,26.42,25.89,26.29,43223500,2026-01-27T03:44:51Z
PFE,2007-01-09,10.81,10.88,10.75,10.84,75851637,26.17,26.34,26.04,26.24,31320900,2026-01-27T03:44:51Z
PFE,2007-01-10,10.82,10.84,10.74,10.78,83624224,26.2,26.26,26,26.1,34530100,2026-01-27T03:44:51Z
PFE,2007-01-11,10.93,10.95,10.64,10.64,89788998,26.46,26.51,25.78,25.78,37075800,2026-01-27T03:44:51Z
PFE,2007-01-12,11,11.07,10.89,10.89,72168623,26.64,26.81,26.38,26.38,29799900,2026-01-27T03:44:51Z
PFE,2007-01-16,11.05,11.07,10.95,11,75520713,26.77,26.82,26.51,26.64,31184100,2026-01-27T03:44:51Z
PFE,2007-01-17,11.1,11.16,11.01,11.03,88175996,26.89,27.02,26.67,26.7,36409900,2026-01-27T03:44:51Z
PFE,2007-01-18,11.22,11.26,11.08,11.08,93430159,27.17,27.27,26.84,26.84,38579400,2026-01-27T03:44:51Z
PFE,2007-01-19,11.24,11.32,11.2,11.24,81774786,27.22,27.41,27.12,27.22,33766500,2026-01-27T03:44:51Z
PFE,2007-01-22,11.13,11.27,11.01,11.24,116168452,26.95,27.3,26.66,27.23,47968300,2026-01-27T03:44:51Z
PFE,2007-01-23,10.89,11.01,10.74,10.99,124471579,26.37,26.67,26.02,26.62,51396800,2026-01-27T03:44:51Z
PFE,2007-01-24,11.07,11.08,10.85,10.88,91875198,26.82,26.84,26.27,26.34,37937400,2026-01-27T03:44:51Z
PFE,2007-01-25,10.88,11.1,10.86,11.07,84953766,26.36,26.89,26.29,26.82,35079200,2026-01-27T03:44:51Z
PFE,2007-01-26,10.86,10.88,10.74,10.87,80078466,26.29,26.35,26,26.33,33066100,2026-01-27T03:44:51Z
PFE,2007-01-29,10.76,10.9,10.74,10.84,81713611,26.06,26.4,26,26.24,33741200,2026-01-27T03:44:51Z
PFE,2007-01-30,10.78,10.8,10.74,10.74,63935836,26.1,26.16,26,26.02,26400600,2026-01-27T03:44:51Z
PFE,2007-01-31,10.84,10.86,10.74,10.74,83993378,26.24,26.31,26,26.01,34682800,2026-01-27T03:44:51Z
PFE,2007-02-01,10.99,11.02,10.86,10.9,74384404,26.62,26.69,26.31,26.39,30715000,2026-01-27T03:44:51Z
PFE,2007-02-02,11.07,11.1,10.99,11.01,85554480,26.8,26.87,26.61,26.67,35327300,2026-01-27T03:44:51Z
PFE,2007-02-05,11.1,11.15,11.01,11.04,93139737,26.88,27,26.66,26.73,38459300,2026-01-27T03:44:51Z
PFE,2007-02-06,11.08,11.12,11.03,11.05,58024505,26.83,26.94,26.72,26.77,23959600,2026-01-27T03:44:51Z
PFE,2007-02-07,11.07,11.14,10.98,11.09,64440419,26.52,26.68,26.31,26.56,26899500,2026-01-27T03:44:51Z
PFE,2007-02-08,11.04,11.07,10.99,11,51152777,26.44,26.52,26.33,26.35,21352800,2026-01-27T03:44:51Z
PFE,2007-02-09,11.01,11.08,10.99,11.02,57396665,26.38,26.55,26.34,26.41,23959300,2026-01-27T03:44:51Z
PFE,2007-02-12,10.95,11.05,10.91,11.03,52493180,26.22,26.47,26.14,26.42,21912400,2026-01-27T03:44:51Z
PFE,2007-02-13,11.02,11.02,10.94,10.96,57362035,26.39,26.41,26.21,26.25,23944900,2026-01-27T03:44:51Z
PFE,2007-02-14,11.1,11.14,10.97,10.99,70720375,26.58,26.68,26.29,26.32,29521100,2026-01-27T03:44:51Z
PFE,2007-02-15,11.07,11.1,11,11.1,70592632,26.53,26.58,26.35,26.58,29467700,2026-01-27T03:44:51Z
PFE,2007-02-16,10.98,11.06,10.92,11.03,73343181,26.3,26.5,26.16,26.42,30615900,2026-01-27T03:44:51Z
PFE,2007-02-20,10.98,11,10.9,10.93,62659562,26.3,26.36,26.11,26.19,26156200,2026-01-27T03:44:51Z
PFE,2007-02-21,10.88,10.98,10.87,10.94,64790390,26.07,26.3,26.04,26.2,27045700,2026-01-27T03:44:51Z
PFE,2007-02-22,10.8,10.89,10.77,10.89,86840937,25.87,26.09,25.81,26.09,36250300,2026-01-27T03:44:51Z
PFE,2007-02-23,10.69,10.82,10.67,10.81,91128444,25.62,25.92,25.56,25.9,38039900,2026-01-27T03:44:51Z
PFE,2007-02-26,10.79,10.82,10.7,10.73,77379379,25.84,25.92,25.62,25.71,32300800,2026-01-27T03:44:51Z
PFE,2007-02-27,10.49,10.81,10.44,10.66,115897016,25.14,25.9,25,25.55,48379400,2026-01-27T03:44:51Z
PFE,2007-02-28,10.42,10.64,10.41,10.57,137797332,24.96,25.48,24.94,25.33,57521000,2026-01-27T03:44:51Z
PFE,2007-03-01,10.45,10.53,10.25,10.37,129999820,25.04,25.22,24.55,24.85,54266100,2026-01-27T03:44:51Z
PFE,2007-03-02,10.35,10.5,10.32,10.43,94863998,24.79,25.16,24.72,24.98,39599500,2026-01-27T03:44:51Z
PFE,2007-03-05,10.31,10.46,10.27,10.34,90927600,24.7,25.05,24.61,24.78,37956200,2026-01-27T03:44:51Z
PFE,2007-03-06,10.52,10.54,10.35,10.42,97801463,25.19,25.26,24.79,24.97,40825800,2026-01-27T03:44:51Z
PFE,2007-03-07,10.55,10.64,10.52,10.58,108243805,25.27,25.49,25.21,25.35,45184400,2026-01-27T03:44:51Z
PFE,2007-03-08,10.61,10.65,10.56,10.62,72360164,25.41,25.52,25.31,25.43,30205600,2026-01-27T03:44:51Z
PFE,2007-03-09,10.61,10.66,10.59,10.59,61696927,25.41,25.55,25.38,25.38,25754400,2026-01-27T03:44:51Z
PFE,2007-03-12,10.59,10.64,10.52,10.61,58938042,25.38,25.5,25.2,25.41,24602800,2026-01-27T03:44:51Z
PFE,2007-03-13,10.41,10.6,10.38,10.58,79663162,24.94,25.4,24.86,25.34,33254100,2026-01-27T03:44:51Z
PFE,2007-03-14,10.38,10.47,10.29,10.4,119248177,24.86,25.08,24.65,24.92,49778200,2026-01-27T03:44:51Z
PFE,2007-03-15,10.43,10.45,10.32,10.34,91482994,24.99,25.03,24.73,24.78,38188200,2026-01-27T03:44:51Z
PFE,2007-03-16,10.43,10.48,10.39,10.46,119066445,24.99,25.1,24.9,25.07,49702500,2026-01-27T03:44:51Z
PFE,2007-03-19,10.59,10.59,10.41,10.46,66256630,25.36,25.36,24.95,25.05,27657700,2026-01-27T03:44:51Z
PFE,2007-03-20,10.66,10.69,10.52,10.53,60839837,25.54,25.61,25.2,25.23,25396700,2026-01-27T03:44:51Z
PFE,2007-03-21,10.79,10.79,10.54,10.63,71377066,25.85,25.86,25.26,25.47,29795300,2026-01-27T03:44:51Z
PFE,2007-03-22,10.77,10.84,10.67,10.72,102597272,25.79,25.96,25.57,25.67,42827500,2026-01-27T03:44:51Z
PFE,2007-03-23,10.71,10.77,10.64,10.7,71013519,25.66,25.79,25.5,25.62,29643300,2026-01-27T03:44:51Z
PFE,2007-03-26,10.72,10.74,10.58,10.66,68519772,25.67,25.74,25.35,25.53,28602400,2026-01-27T03:44:51Z
PFE,2007-03-27,10.64,10.73,10.6,10.64,85124535,25.49,25.7,25.39,25.5,35533900,2026-01-27T03:44:51Z
PFE,2007-03-28,10.51,10.65,10.49,10.62,83626064,25.18,25.51,25.12,25.45,34908400,2026-01-27T03:44:51Z
PFE,2007-03-29,10.61,10.63,10.5,10.51,67921857,25.41,25.46,25.16,25.18,28352900,2026-01-27T03:44:51Z
PFE,2007-03-30,10.54,10.62,10.44,10.58,72350959,25.26,25.44,25.02,25.35,30201800,2026-01-27T03:44:51Z
PFE,2007-04-02,10.58,10.69,10.53,10.53,72425187,25.34,25.61,25.23,25.23,30232800,2026-01-27T03:44:51Z
PFE,2007-04-03,10.72,10.76,10.6,10.62,75293075,25.67,25.77,25.4,25.45,31429800,2026-01-27T03:44:51Z
PFE,2007-04-04,10.77,10.81,10.66,10.66,66868593,25.81,25.89,25.53,25.55,27913300,2026-01-27T03:44:51Z
PFE,2007-04-05,10.79,10.82,10.72,10.74,52611162,25.84,25.92,25.69,25.74,21961700,2026-01-27T03:44:51Z
PFE,2007-04-09,10.85,10.86,10.79,10.82,52349756,26,26.01,25.86,25.93,21852600,2026-01-27T03:44:51Z
PFE,2007-04-10,10.85,10.92,10.81,10.84,66247980,26,26.16,25.89,25.96,27654200,2026-01-27T03:44:51Z
PFE,2007-04-11,10.87,10.89,10.76,10.83,83784361,26.04,26.09,25.77,25.94,34974500,2026-01-27T03:44:51Z
PFE,2007-04-12,11.05,11.07,10.83,10.84,110072761,26.46,26.51,25.94,25.97,45948100,2026-01-27T03:44:51Z
PFE,2007-04-13,11.13,11.26,11.12,11.19,105840589,26.67,26.98,26.63,26.8,44181600,2026-01-27T03:44:51Z
PFE,2007-04-16,11.25,11.26,11.15,11.21,82383361,26.94,26.97,26.7,26.85,34389700,2026-01-27T03:44:51Z
PFE,2007-04-17,11.23,11.25,11.2,11.25,80752223,26.9,26.95,26.82,26.94,33708800,2026-01-27T03:44:51Z
PFE,2007-04-18,11.18,11.21,11.07,11.19,70100316,26.78,26.86,26.53,26.81,29262300,2026-01-27T03:44:51Z
PFE,2007-04-19,11.3,11.37,11.09,11.11,111811345,27.07,27.24,26.56,26.62,46673700,2026-01-27T03:44:51Z
PFE,2007-04-20,11.26,11.33,11.13,11.29,151053749,26.97,27.14,26.67,27.05,63055000,2026-01-27T03:44:51Z
PFE,2007-04-23,11,11.17,10.96,11.11,116467128,26.35,26.75,26.26,26.61,48617400,2026-01-27T03:44:51Z
PFE,2007-04-24,10.92,11.05,10.88,11.05,96680898,26.15,26.47,26.06,26.47,40357900,2026-01-27T03:44:51Z
PFE,2007-04-25,10.99,11.04,10.85,10.93,129669638,26.32,26.45,25.98,26.18,54128700,2026-01-27T03:44:51Z
PFE,2007-04-26,11.15,11.17,10.99,11.03,109476585,26.72,26.75,26.34,26.42,45699100,2026-01-27T03:44:51Z
PFE,2007-04-27,11.11,11.17,11.03,11.11,65581740,26.61,26.75,26.43,26.61,27376000,2026-01-27T03:44:51Z
PFE,2007-04-30,11.05,11.18,11.03,11.08,84949986,26.46,26.78,26.43,26.55,35461000,2026-01-27T03:44:51Z
PFE,2007-05-01,11.1,11.15,10.97,11,87577205,26.59,26.7,26.28,26.36,36557800,2026-01-27T03:44:51Z
PFE,2007-05-02,11.1,11.17,11.01,11.1,80827477,26.6,26.76,26.37,26.6,33740000,2026-01-27T03:44:51Z
PFE,2007-05-03,11.22,11.26,11.1,11.1,106478403,26.87,26.97,26.59,26.59,44447500,2026-01-27T03:44:51Z
PFE,2007-05-04,11.3,11.37,11.19,11.19,100102644,27.08,27.24,26.81,26.81,41786200,2026-01-27T03:44:51Z
PFE,2007-05-07,11.43,11.44,11.25,11.32,140023135,27.38,27.4,26.94,27.13,58450200,2026-01-27T03:44:51Z
PFE,2007-05-08,11.42,11.44,11.35,11.39,79898762,27.35,27.4,27.19,27.28,33352400,2026-01-27T03:44:51Z
PFE,2007-05-09,11.46,11.51,11.4,11.44,82193668,27.16,27.27,27.01,27.12,34678100,2026-01-27T03:44:51Z
PFE,2007-05-10,11.31,11.43,11.29,11.43,72477152,26.8,27.1,26.76,27.09,30578600,2026-01-27T03:44:51Z
PFE,2007-05-11,11.41,11.43,11.29,11.3,55275286,27.04,27.09,26.75,26.79,23321100,2026-01-27T03:44:51Z
PFE,2007-05-14,11.49,11.54,11.39,11.39,60809282,27.23,27.36,27,27,25655800,2026-01-27T03:44:51Z
PFE,2007-05-15,11.43,11.53,11.42,11.47,82306621,27.1,27.32,27.07,27.19,34725800,2026-01-27T03:44:51Z
PFE,2007-05-16,11.53,11.55,11.44,11.46,80594061,27.32,27.38,27.11,27.15,34003200,2026-01-27T03:44:51Z
PFE,2007-05-17,11.54,11.55,11.48,11.52,57217466,27.36,27.38,27.22,27.3,24140500,2026-01-27T03:44:51Z
PFE,2007-05-18,11.58,11.59,11.52,11.54,77441189,27.44,27.48,27.31,27.35,32672900,2026-01-27T03:44:51Z
PFE,2007-05-21,11.57,11.61,11.56,11.57,101008904,27.42,27.52,27.39,27.42,42616400,2026-01-27T03:44:51Z
PFE,2007-05-22,11.55,11.64,11.49,11.53,77249928,27.37,27.6,27.23,27.33,32592300,2026-01-27T03:44:51Z
PFE,2007-05-23,11.53,11.62,11.5,11.55,80248991,27.34,27.54,27.26,27.37,33857500,2026-01-27T03:44:51Z
PFE,2007-05-24,11.51,11.59,11.47,11.51,74688885,27.28,27.48,27.18,27.29,31511700,2026-01-27T03:44:51Z
PFE,2007-05-25,11.62,11.62,11.49,11.51,63684416,27.53,27.55,27.24,27.28,26868900,2026-01-27T03:44:51Z
PFE,2007-05-29,11.63,11.65,11.57,11.61,62890642,27.56,27.61,27.43,27.52,26534100,2026-01-27T03:44:51Z
PFE,2007-05-30,11.56,11.63,11.43,11.57,91995636,27.41,27.56,27.1,27.43,38813700,2026-01-27T03:44:51Z
PFE,2007-05-31,11.6,11.66,11.54,11.54,81959223,27.49,27.63,27.34,27.35,34579100,2026-01-27T03:44:51Z
PFE,2007-06-01,11.68,11.69,11.58,11.64,84089995,27.68,27.7,27.44,27.6,35478200,2026-01-27T03:44:51Z
PFE,2007-06-04,11.61,11.7,11.58,11.62,67262341,27.52,27.73,27.45,27.55,28378500,2026-01-27T03:44:51Z
PFE,2007-06-05,11.51,11.62,11.45,11.59,96818930,27.28,27.54,27.13,27.46,40848500,2026-01-27T03:44:51Z
PFE,2007-06-06,11.3,11.53,11.26,11.47,123874799,26.79,27.33,26.68,27.19,52263700,2026-01-27T03:44:51Z
PFE,2007-06-07,11.09,11.3,11.07,11.29,122271649,26.29,26.79,26.24,26.75,51587100,2026-01-27T03:44:51Z
PFE,2007-06-08,11.19,11.2,11.03,11.06,69737245,26.52,26.55,26.15,26.21,29422700,2026-01-27T03:44:51Z
PFE,2007-06-11,11.13,11.2,11.1,11.18,65062845,26.37,26.54,26.31,26.5,27450500,2026-01-27T03:44:51Z
PFE,2007-06-12,11.02,11.15,11,11.06,82062101,26.11,26.42,26.08,26.22,34622600,2026-01-27T03:44:51Z
PFE,2007-06-13,11.12,11.13,10.95,11.05,101889533,26.35,26.38,25.95,26.2,42988100,2026-01-27T03:44:51Z
PFE,2007-06-14,11.13,11.24,11.07,11.08,85853476,26.39,26.64,26.25,26.26,36222100,2026-01-27T03:44:51Z
PFE,2007-06-15,11.17,11.25,11.13,11.19,127872479,26.47,26.67,26.37,26.51,53950400,2026-01-27T03:44:51Z
PFE,2007-06-18,11.08,11.19,11.02,11.18,86703060,26.26,26.53,26.13,26.5,36580700,2026-01-27T03:44:51Z
PFE,2007-06-19,11.06,11.17,11.01,11.07,116717950,26.21,26.47,26.1,26.25,49244200,2026-01-27T03:44:51Z
PFE,2007-06-20,10.85,11.13,10.84,11.13,140223445,25.71,26.38,25.68,26.38,59161100,2026-01-27T03:44:51Z
PFE,2007-06-21,10.94,10.96,10.74,10.86,124404058,25.92,25.97,25.46,25.74,52486800,2026-01-27T03:44:51Z
PFE,2007-06-22,10.71,10.92,10.71,10.87,147802941,25.38,25.88,25.38,25.77,62359100,2026-01-27T03:44:51Z
PFE,2007-06-25,10.72,10.86,10.68,10.76,83922342,25.4,25.75,25.31,25.5,35407300,2026-01-27T03:44:51Z
PFE,2007-06-26,10.8,10.86,10.7,10.75,95691941,25.59,25.74,25.36,25.48,40373100,2026-01-27T03:44:51Z
PFE,2007-06-27,10.8,10.86,10.71,10.77,77187190,25.61,25.75,25.38,25.52,32565700,2026-01-27T03:44:51Z
PFE,2007-06-28,10.81,10.9,10.76,10.77,80365158,25.63,25.83,25.5,25.53,33906700,2026-01-27T03:44:51Z
PFE,2007-06-29,10.79,10.88,10.7,10.87,105108804,25.57,25.78,25.36,25.77,44346300,2026-01-27T03:44:51Z
PFE,2007-07-02,10.86,10.86,10.78,10.84,78574189,25.73,25.75,25.54,25.7,33151100,2026-01-27T03:44:51Z
PFE,2007-07-03,10.89,10.95,10.87,10.88,40917623,25.81,25.96,25.77,25.79,17263400,2026-01-27T03:44:51Z
PFE,2007-07-05,10.93,11.01,10.86,10.89,68314054,25.9,26.1,25.73,25.81,28822200,2026-01-27T03:44:51Z
PFE,2007-07-06,10.94,10.95,10.84,10.91,62834397,25.92,25.95,25.7,25.87,26510200,2026-01-27T03:44:51Z
PFE,2007-07-09,10.92,10.96,10.87,10.93,58610766,25.88,25.98,25.77,25.91,24728400,2026-01-27T03:44:51Z
PFE,2007-07-10,10.79,10.92,10.77,10.87,103023463,25.58,25.89,25.53,25.77,43466400,2026-01-27T03:44:51Z
PFE,2007-07-11,10.74,10.85,10.71,10.76,104043392,25.45,25.72,25.38,25.51,43896500,2026-01-27T03:44:51Z
PFE,2007-07-12,10.96,10.97,10.71,10.78,125956226,25.98,26,25.38,25.55,53141600,2026-01-27T03:44:51Z
PFE,2007-07-13,10.93,11.01,10.88,10.96,71561335,25.91,26.09,25.78,25.97,30192200,2026-01-27T03:44:51Z
PFE,2007-07-16,11,11.01,10.89,10.89,54272318,26.08,26.1,25.81,25.81,22897800,2026-01-27T03:44:51Z
PFE,2007-07-17,10.95,11.03,10.94,10.99,83456114,25.96,26.15,25.92,26.04,35210700,2026-01-27T03:44:51Z
PFE,2007-07-18,10.6,10.67,10.43,10.62,268537952,25.13,25.3,24.72,25.18,113297800,2026-01-27T03:44:51Z
PFE,2007-07-19,10.54,10.65,10.52,10.64,123050060,24.99,25.24,24.93,25.22,51915900,2026-01-27T03:44:51Z
PFE,2007-07-20,10.51,10.61,10.5,10.58,114553513,24.9,25.14,24.88,25.07,48331000,2026-01-27T03:44:51Z
PFE,2007-07-23,10.56,10.67,10.51,10.53,95050149,25.03,25.3,24.9,24.96,40102200,2026-01-27T03:44:51Z
PFE,2007-07-24,10.5,10.61,10.5,10.53,101195426,24.89,25.14,24.88,24.96,42695200,2026-01-27T03:44:51Z
PFE,2007-07-25,10.45,10.59,10.43,10.52,107596239,24.78,25.1,24.72,24.93,45395800,2026-01-27T03:44:51Z
PFE,2007-07-26,10.19,10.44,10.17,10.44,157678581,24.15,24.75,24.1,24.74,66526000,2026-01-27T03:44:51Z
PFE,2007-07-27,10.04,10.25,10.04,10.22,126168158,23.79,24.3,23.79,24.22,53231400,2026-01-27T03:44:51Z
PFE,2007-07-30,10.02,10.15,9.93,10.15,120402729,23.76,24.05,23.54,24.05,50798700,2026-01-27T03:44:51Z
PFE,2007-07-31,9.92,10.09,9.91,10.09,147920309,23.51,23.92,23.5,23.92,62408400,2026-01-27T03:44:51Z
PFE,2007-08-01,9.97,10,9.86,9.92,135953611,23.63,23.71,23.37,23.51,57360000,2026-01-27T03:44:51Z
PFE,2007-08-02,10.06,10.11,9.94,10,94520663,23.85,23.95,23.55,23.7,39879000,2026-01-27T03:44:51Z
PFE,2007-08-03,9.92,10.11,9.91,10.1,130683513,23.51,23.95,23.49,23.94,55136100,2026-01-27T03:44:51Z
PFE,2007-08-06,10.17,10.19,9.94,10,123844080,24.11,24.14,23.55,23.7,52250800,2026-01-27T03:44:51Z
PFE,2007-08-07,10.27,10.39,10.11,10.18,122687648,24.35,24.63,23.95,24.13,51762600,2026-01-27T03:44:51Z
PFE,2007-08-08,10.51,10.51,10.32,10.38,120822803,24.61,24.62,24.18,24.32,51590500,2026-01-27T03:44:51Z
PFE,2007-08-09,10.31,10.52,10.31,10.36,127614407,24.14,24.64,24.14,24.25,54490400,2026-01-27T03:44:51Z
PFE,2007-08-10,10.24,10.29,10.14,10.25,116799613,23.99,24.09,23.75,24,49872800,2026-01-27T03:44:51Z
PFE,2007-08-13,10.2,10.33,10.16,10.33,107346561,23.89,24.2,23.79,24.2,45836400,2026-01-27T03:44:51Z
PFE,2007-08-14,10.07,10.24,10.05,10.18,89072614,23.58,23.99,23.53,23.83,38033400,2026-01-27T03:44:51Z
PFE,2007-08-15,10.05,10.23,10.03,10.08,123930462,23.53,23.95,23.48,23.61,52917200,2026-01-27T03:44:51Z
PFE,2007-08-16,9.99,10.06,9.88,9.97,154889124,23.39,23.57,23.13,23.36,66136800,2026-01-27T03:44:51Z
PFE,2007-08-17,10.22,10.25,10.07,10.15,112888865,23.94,24,23.58,23.78,48202700,2026-01-27T03:44:51Z
PFE,2007-08-20,10.32,10.4,10.19,10.21,99560610,24.17,24.35,23.86,23.92,42511600,2026-01-27T03:44:51Z
PFE,2007-08-21,10.35,10.46,10.26,10.31,87950945,24.24,24.5,24.02,24.14,37554400,2026-01-27T03:44:51Z
PFE,2007-08-22,10.53,10.53,10.4,10.4,95696908,24.65,24.67,24.35,24.35,40862000,2026-01-27T03:44:51Z
PFE,2007-08-23,10.51,10.62,10.44,10.56,78269895,24.62,24.88,24.46,24.74,33420800,2026-01-27T03:44:51Z
PFE,2007-08-24,10.56,10.6,10.46,10.5,74931721,24.74,24.83,24.5,24.59,31995300,2026-01-27T03:44:51Z
PFE,2007-08-27,10.57,10.61,10.53,10.56,63350502,24.76,24.85,24.66,24.73,27050100,2026-01-27T03:44:51Z
PFE,2007-08-28,10.45,10.59,10.4,10.53,112659420,24.47,24.79,24.35,24.66,48104700,2026-01-27T03:44:51Z
PFE,2007-08-29,10.53,10.57,10.36,10.48,87147001,24.67,24.75,24.27,24.55,37211100,2026-01-27T03:44:51Z
PFE,2007-08-30,10.48,10.56,10.42,10.42,65280791,24.55,24.73,24.4,24.41,27874500,2026-01-27T03:44:51Z
PFE,2007-08-31,10.61,10.68,10.53,10.54,81906311,24.84,25,24.65,24.68,34973400,2026-01-27T03:44:51Z
PFE,2007-09-04,10.71,10.75,10.54,10.58,67942471,25.08,25.17,24.69,24.78,29011000,2026-01-27T03:44:51Z
PFE,2007-09-05,10.55,10.65,10.47,10.63,94957969,24.71,24.94,24.52,24.9,40546400,2026-01-27T03:44:51Z
PFE,2007-09-06,10.51,10.61,10.47,10.59,71660677,24.62,24.84,24.52,24.8,30598700,2026-01-27T03:44:51Z
PFE,2007-09-07,10.35,10.51,10.29,10.5,84476866,24.25,24.61,24.11,24.59,36071100,2026-01-27T03:44:51Z
PFE,2007-09-10,10.23,10.44,10.21,10.4,85518234,23.96,24.45,23.9,24.35,36515500,2026-01-27T03:44:51Z
PFE,2007-09-11,10.33,10.39,10.22,10.27,71740708,24.19,24.33,23.93,24.05,30632600,2026-01-27T03:44:51Z
PFE,2007-09-12,10.33,10.37,10.27,10.29,65928870,24.19,24.29,24.06,24.11,28151000,2026-01-27T03:44:51Z
PFE,2007-09-13,10.35,10.52,10.29,10.38,73875970,24.23,24.64,24.1,24.31,31544400,2026-01-27T03:44:51Z
PFE,2007-09-14,10.37,10.4,10.24,10.33,82161075,24.29,24.35,23.98,24.2,35082000,2026-01-27T03:44:51Z
PFE,2007-09-17,10.3,10.35,10.18,10.32,95369156,24.13,24.23,23.85,24.16,40721800,2026-01-27T03:44:51Z
PFE,2007-09-18,10.48,10.52,10.23,10.32,95282434,24.54,24.63,23.96,24.17,40684900,2026-01-27T03:44:51Z
PFE,2007-09-19,10.62,10.71,10.49,10.53,103650504,24.88,25.07,24.56,24.65,44258100,2026-01-27T03:44:51Z
PFE,2007-09-20,10.47,10.65,10.44,10.64,90491373,24.52,24.95,24.45,24.92,38639300,2026-01-27T03:44:51Z
PFE,2007-09-21,10.5,10.6,10.47,10.59,126408395,24.59,24.83,24.52,24.81,53975200,2026-01-27T03:44:51Z
PFE,2007-09-24,10.43,10.55,10.38,10.53,94021632,24.42,24.72,24.31,24.66,40146700,2026-01-27T03:44:51Z
PFE,2007-09-25,10.35,10.48,10.31,10.4,92429010,24.24,24.54,24.15,24.35,39466500,2026-01-27T03:44:51Z
PFE,2007-09-26,10.5,10.54,10.38,10.41,76844736,24.58,24.68,24.31,24.39,32812200,2026-01-27T03:44:51Z
PFE,2007-09-27,10.57,10.59,10.5,10.53,70221137,24.75,24.81,24.6,24.67,29984000,2026-01-27T03:44:51Z
PFE,2007-09-28,10.43,10.58,10.4,10.57,96881342,24.43,24.78,24.35,24.76,41367500,2026-01-27T03:44:51Z
PFE,2007-10-01,10.61,10.64,10.44,10.44,73916973,24.85,24.92,24.45,24.45,31562100,2026-01-27T03:44:51Z
PFE,2007-10-02,10.65,10.7,10.54,10.63,84830472,24.94,25.05,24.69,24.89,36222000,2026-01-27T03:44:51Z
PFE,2007-10-03,10.71,10.77,10.59,10.62,75448203,25.08,25.22,24.79,24.86,32215900,2026-01-27T03:44:51Z
PFE,2007-10-04,10.8,10.9,10.73,10.73,73185661,25.3,25.52,25.12,25.13,31249700,2026-01-27T03:44:51Z
PFE,2007-10-05,10.92,10.95,10.85,10.89,113485735,25.58,25.65,25.42,25.5,48457700,2026-01-27T03:44:51Z
PFE,2007-10-08,10.87,10.96,10.83,10.91,55967521,25.45,25.67,25.36,25.56,23897800,2026-01-27T03:44:51Z
PFE,2007-10-09,10.91,10.97,10.82,10.86,73509879,25.54,25.69,25.34,25.43,31388200,2026-01-27T03:44:51Z
PFE,2007-10-10,10.91,10.98,10.81,10.91,68635558,25.54,25.71,25.31,25.55,29306900,2026-01-27T03:44:51Z
PFE,2007-10-11,10.87,10.95,10.82,10.92,73550902,25.45,25.64,25.35,25.57,31405800,2026-01-27T03:44:51Z
PFE,2007-10-12,10.79,10.87,10.74,10.86,79459698,25.26,25.45,25.16,25.43,33928600,2026-01-27T03:44:51Z
PFE,2007-10-15,10.67,10.82,10.62,10.78,99610531,25,25.34,24.86,25.25,42532900,2026-01-27T03:44:51Z
PFE,2007-10-16,10.52,10.67,10.47,10.64,103896449,24.63,24.98,24.53,24.91,44362900,2026-01-27T03:44:51Z
PFE,2007-10-17,10.48,10.62,10.43,10.57,76495703,24.55,24.86,24.43,24.75,32663200,2026-01-27T03:44:51Z
PFE,2007-10-18,10.48,10.64,10.47,10.48,100912509,24.54,24.91,24.52,24.55,43088900,2026-01-27T03:44:51Z
PFE,2007-10-19,10.28,10.48,9.97,10.47,108990768,24.07,24.55,23.36,24.53,46538200,2026-01-27T03:44:51Z
PFE,2007-10-22,10.26,10.31,10.19,10.23,89438925,24.02,24.15,23.87,23.95,38189900,2026-01-27T03:44:51Z
PFE,2007-10-23,10.27,10.34,10.21,10.32,75879092,24.05,24.21,23.92,24.16,32399900,2026-01-27T03:44:51Z
PFE,2007-10-24,10.24,10.27,10.08,10.26,105573306,23.98,24.05,23.61,24.03,45079100,2026-01-27T03:44:51Z
PFE,2007-10-25,10.37,10.4,10.24,10.33,108345736,24.29,24.35,23.99,24.19,46262600,2026-01-27T03:44:51Z
PFE,2007-10-26,10.38,10.38,10.3,10.38,64620255,24.31,24.32,24.12,24.31,27592400,2026-01-27T03:44:51Z
PFE,2007-10-29,10.47,10.49,10.34,10.37,82652634,24.51,24.57,24.22,24.29,35292100,2026-01-27T03:44:51Z
PFE,2007-10-30,10.44,10.57,10.4,10.46,72773881,24.45,24.75,24.35,24.49,31074000,2026-01-27T03:44:51Z
PFE,2007-10-31,10.51,10.52,10.43,10.49,73689719,24.61,24.63,24.42,24.56,31465000,2026-01-27T03:44:51Z
PFE,2007-11-01,10.23,10.5,10.21,10.49,103678346,23.95,24.6,23.91,24.58,44270000,2026-01-27T03:44:51Z
PFE,2007-11-02,10.11,10.3,10.08,10.26,95026139,23.67,24.13,23.6,24.03,40575400,2026-01-27T03:44:51Z
PFE,2007-11-05,10.11,10.21,10.04,10.08,76629773,23.67,23.92,23.52,23.6,32720300,2026-01-27T03:44:51Z
PFE,2007-11-06,10.22,10.24,10.1,10.12,81093000,23.93,23.99,23.65,23.69,34626000,2026-01-27T03:44:51Z
PFE,2007-11-07,10.08,10.3,10.07,10.21,90227913,23.32,23.83,23.29,23.63,38999200,2026-01-27T03:44:51Z
PFE,2007-11-08,9.99,10.12,9.94,10.12,139846175,23.11,23.42,22.99,23.42,60445500,2026-01-27T03:44:51Z
PFE,2007-11-09,9.87,10.02,9.86,9.99,112247083,22.83,23.18,22.8,23.11,48516500,2026-01-27T03:44:51Z
PFE,2007-11-12,9.95,10.05,9.86,9.87,78055013,23.02,23.25,22.8,22.83,33737600,2026-01-27T03:44:51Z
PFE,2007-11-13,10.18,10.18,10,10.02,87732369,23.55,23.56,23.13,23.17,37920500,2026-01-27T03:44:51Z
PFE,2007-11-14,10.21,10.36,10.18,10.24,98249533,23.61,23.96,23.55,23.7,42466600,2026-01-27T03:44:51Z
PFE,2007-11-15,10.07,10.32,10.04,10.18,82650850,23.29,23.87,23.22,23.56,35724400,2026-01-27T03:44:51Z
PFE,2007-11-16,10.11,10.16,9.96,10.15,89481857,23.39,23.51,23.05,23.49,38676900,2026-01-27T03:44:51Z
PFE,2007-11-19,9.82,10.11,9.78,10.09,135109920,22.71,23.4,22.63,23.35,58398900,2026-01-27T03:44:51Z
PFE,2007-11-20,9.82,9.88,9.69,9.88,129563193,22.72,22.85,22.42,22.85,56001300,2026-01-27T03:44:51Z
PFE,2007-11-21,9.66,9.83,9.63,9.72,102176680,22.35,22.74,22.29,22.5,44164100,2026-01-27T03:44:51Z
PFE,2007-11-23,9.93,10.02,9.84,9.88,89397741,22.98,23.18,22.76,22.85,38640600,2026-01-27T03:44:51Z
PFE,2007-11-26,9.64,9.94,9.61,9.92,97329033,22.3,23,22.24,22.95,42068400,2026-01-27T03:44:51Z
PFE,2007-11-27,9.89,9.94,9.66,9.76,131221181,22.88,23,22.35,22.59,56717600,2026-01-27T03:44:51Z
PFE,2007-11-28,10.13,10.16,9.88,9.9,111716133,23.44,23.5,22.87,22.9,48287200,2026-01-27T03:44:51Z
PFE,2007-11-29,10.2,10.23,10.04,10.11,81286113,23.6,23.67,23.24,23.38,35134200,2026-01-27T03:44:51Z
PFE,2007-11-30,10.27,10.36,10.21,10.3,102196135,23.76,23.97,23.62,23.84,44172300,2026-01-27T03:44:51Z
PFE,2007-12-03,10.18,10.29,10.11,10.21,79343760,23.55,23.81,23.4,23.62,34294700,2026-01-27T03:44:51Z
PFE,2007-12-04,10.14,10.26,10.09,10.1,68501533,23.47,23.73,23.34,23.36,29608600,2026-01-27T03:44:51Z
PFE,2007-12-05,10.36,10.42,10.17,10.18,106858361,23.98,24.1,23.53,23.56,46187500,2026-01-27T03:44:51Z
PFE,2007-12-06,10.45,10.46,10.3,10.36,66323484,24.17,24.2,23.82,23.97,28667000,2026-01-27T03:44:51Z
PFE,2007-12-07,10.55,10.59,10.39,10.45,85645470,24.4,24.5,24.05,24.17,37018500,2026-01-27T03:44:51Z
PFE,2007-12-10,10.53,10.57,10.45,10.54,57815451,24.37,24.45,24.17,24.39,24989700,2026-01-27T03:44:51Z
PFE,2007-12-11,10.3,10.55,10.27,10.53,101719329,23.83,24.4,23.77,24.36,43966400,2026-01-27T03:44:51Z
PFE,2007-12-12,10.29,10.46,10.18,10.38,100431444,23.81,24.2,23.56,24.02,43409500,2026-01-27T03:44:51Z
PFE,2007-12-13,10.22,10.3,10.13,10.22,83820555,23.64,23.83,23.44,23.65,36229700,2026-01-27T03:44:51Z
PFE,2007-12-14,9.98,10.14,9.95,10.11,101625193,23.1,23.47,23.03,23.39,43925400,2026-01-27T03:44:51Z
PFE,2007-12-17,9.93,10.08,9.91,9.94,101640101,22.97,23.33,22.92,23,43931800,2026-01-27T03:44:51Z
PFE,2007-12-18,10.1,10.18,9.93,10.01,101599536,23.37,23.56,22.98,23.16,43914300,2026-01-27T03:44:51Z
PFE,2007-12-19,10.06,10.15,9.95,10.08,81631710,23.27,23.48,23.01,23.33,35283700,2026-01-27T03:44:51Z
PFE,2007-12-20,10.04,10.07,9.96,9.98,76679626,23.22,23.3,23.05,23.1,33143300,2026-01-27T03:44:51Z
PFE,2007-12-21,10.04,10.13,10,10.1,142612387,23.24,23.43,23.13,23.37,61641200,2026-01-27T03:44:51Z
PFE,2007-12-24,10.08,10.4,9.99,10,49541109,23.33,24.06,23.12,23.13,21413100,2026-01-27T03:44:51Z
PFE,2007-12-26,10.03,10.05,9.98,10.04,49607793,23.2,23.26,23.09,23.24,21441900,2026-01-27T03:44:51Z
PFE,2007-12-27,9.91,10.06,9.9,10.05,83345077,22.92,23.28,22.9,23.25,36024200,2026-01-27T03:44:51Z
PFE,2007-12-28,9.9,9.98,9.86,9.96,56348980,22.9,23.1,22.82,23.05,24355800,2026-01-27T03:44:51Z
PFE,2007-12-31,9.82,9.91,9.81,9.91,71485925,22.73,22.93,22.69,22.93,30898400,2026-01-27T03:44:51Z
PFE,2008-01-02,9.9,9.95,9.81,9.84,106387687,22.91,23.03,22.7,22.76,45984000,2026-01-27T03:44:51Z
PFE,2008-01-03,10.02,10.09,9.9,9.93,105202926,23.18,23.35,22.91,22.98,45471900,2026-01-27T03:44:51Z
PFE,2008-01-04,9.87,10.03,9.83,10.02,97226125,22.83,23.2,22.74,23.18,42024000,2026-01-27T03:44:51Z
PFE,2008-01-07,10.04,10.09,9.9,9.91,111323630,23.23,23.34,22.9,22.92,48117400,2026-01-27T03:44:51Z
PFE,2008-01-08,10.14,10.34,10.07,10.07,120080014,23.47,23.92,23.3,23.3,51902500,2026-01-27T03:44:51Z
PFE,2008-01-09,10.34,10.38,10.16,10.16,139221848,23.92,24.01,23.5,23.5,60176200,2026-01-27T03:44:51Z
PFE,2008-01-10,10.41,10.46,10.21,10.37,126421793,24.08,24.21,23.61,23.98,54643300,2026-01-27T03:44:51Z
PFE,2008-01-11,10.38,10.43,10.27,10.35,104589332,24.02,24.14,23.76,23.95,45206800,2026-01-27T03:44:51Z
PFE,2008-01-14,10.36,10.48,10.29,10.48,81357465,23.97,24.24,23.8,24.24,35165300,2026-01-27T03:44:51Z
PFE,2008-01-15,10.2,10.33,10.17,10.29,77949979,23.59,23.9,23.52,23.81,33692300,2026-01-27T03:44:51Z
PFE,2008-01-16,10.11,10.29,10.09,10.14,127039783,23.4,23.81,23.35,23.47,54910500,2026-01-27T03:44:51Z
PFE,2008-01-17,9.92,10.11,9.89,10.11,123341055,22.96,23.4,22.88,23.4,53311700,2026-01-27T03:44:51Z
PFE,2008-01-18,9.73,9.95,9.71,9.93,124974119,22.5,23.03,22.46,22.97,54017700,2026-01-27T03:44:51Z
PFE,2008-01-22,9.61,9.98,9.32,9.37,164775473,22.23,23.1,21.56,21.68,71221104,2026-01-27T03:44:51Z
PFE,2008-01-23,9.88,9.9,9.52,9.7,230634106,22.86,22.9,22.02,22.44,99687200,2026-01-27T03:44:51Z
PFE,2008-01-24,9.96,9.97,9.78,9.91,135878365,23.05,23.06,22.63,22.94,58730700,2026-01-27T03:44:51Z
PFE,2008-01-25,9.77,10.05,9.68,10.02,139472333,22.61,23.25,22.4,23.17,60284000,2026-01-27T03:44:51Z
PFE,2008-01-28,9.94,9.95,9.75,9.81,87849004,22.99,23.01,22.56,22.69,37971100,2026-01-27T03:44:51Z
PFE,2008-01-29,10.02,10.05,9.91,10,80708117,23.18,23.25,22.93,23.14,34884500,2026-01-27T03:44:51Z
PFE,2008-01-30,9.98,10.15,9.92,10,94778138,23.1,23.48,22.96,23.13,40965900,2026-01-27T03:44:51Z
PFE,2008-01-31,10.1,10.17,9.84,9.95,122008103,23.36,23.52,22.76,23.03,52735600,2026-01-27T03:44:51Z
PFE,2008-02-01,10.2,10.28,9.99,10.11,120523862,23.59,23.79,23.12,23.4,52094000,2026-01-27T03:44:51Z
PFE,2008-02-04,10.21,10.28,10.16,10.18,68471608,23.63,23.78,23.5,23.55,29595500,2026-01-27T03:44:51Z
PFE,2008-02-05,9.92,10.18,9.92,10.16,91021222,22.96,23.55,22.96,23.5,39342100,2026-01-27T03:44:51Z
PFE,2008-02-06,9.9,10.1,9.9,10.04,96600364,22.59,23.03,22.58,22.9,42343800,2026-01-27T03:44:51Z
PFE,2008-02-07,9.94,10.04,9.84,9.91,75366140,22.67,22.9,22.45,22.6,33036100,2026-01-27T03:44:51Z
PFE,2008-02-08,9.78,9.94,9.72,9.93,69080954,22.3,22.67,22.18,22.65,30281000,2026-01-27T03:44:51Z
PFE,2008-02-11,9.73,9.82,9.66,9.81,71233411,22.2,22.41,22.03,22.37,31224300,2026-01-27T03:44:51Z
PFE,2008-02-12,9.94,9.96,9.75,9.78,98420003,22.68,22.73,22.25,22.3,43141200,2026-01-27T03:44:51Z
PFE,2008-02-13,9.97,10.03,9.91,9.95,116675328,22.74,22.88,22.62,22.7,51143200,2026-01-27T03:44:51Z
PFE,2008-02-14,9.84,10.01,9.78,9.96,102009743,22.45,22.84,22.31,22.73,44714800,2026-01-27T03:44:51Z
PFE,2008-02-15,9.79,9.91,9.78,9.83,128604015,22.33,22.62,22.31,22.43,56372100,2026-01-27T03:44:51Z
PFE,2008-02-19,9.81,9.94,9.79,9.86,78487884,22.37,22.67,22.33,22.5,34404500,2026-01-27T03:44:51Z
PFE,2008-02-20,9.85,9.88,9.72,9.79,76885292,22.47,22.55,22.17,22.33,33701900,2026-01-27T03:44:51Z
PFE,2008-02-21,9.82,9.94,9.78,9.94,90409418,22.4,22.67,22.31,22.67,39630000,2026-01-27T03:44:51Z
PFE,2008-02-22,9.86,9.9,9.71,9.86,74506695,22.5,22.59,22.16,22.5,32659100,2026-01-27T03:44:51Z
PFE,2008-02-25,9.99,10,9.86,9.86,88097920,22.78,22.82,22.5,22.5,38616900,2026-01-27T03:44:51Z
PFE,2008-02-26,10.01,10.05,9.92,9.92,107524319,22.83,22.92,22.63,22.64,47132200,2026-01-27T03:44:51Z
PFE,2008-02-27,9.97,10.03,9.91,9.99,60126137,22.75,22.88,22.6,22.79,26355600,2026-01-27T03:44:51Z
PFE,2008-02-28,9.88,9.99,9.83,9.97,60897271,22.55,22.8,22.43,22.75,26693800,2026-01-27T03:44:51Z
PFE,2008-02-29,9.77,9.94,9.73,9.93,107744846,22.28,22.67,22.2,22.65,47228800,2026-01-27T03:44:51Z
PFE,2008-03-03,9.75,9.83,9.7,9.81,74715703,22.25,22.42,22.12,22.37,32751000,2026-01-27T03:44:51Z
PFE,2008-03-04,9.75,9.77,9.66,9.71,82224830,22.24,22.28,22.05,22.15,36042500,2026-01-27T03:44:51Z
PFE,2008-03-05,9.67,9.84,9.56,9.83,106718955,22.05,22.44,21.8,22.42,46779200,2026-01-27T03:44:51Z
PFE,2008-03-06,9.46,9.65,9.46,9.63,78759307,21.59,22.02,21.57,21.98,34523500,2026-01-27T03:44:51Z
PFE,2008-03-07,9.36,9.49,9.29,9.42,96568909,21.35,21.66,21.2,21.49,42330200,2026-01-27T03:44:51Z
PFE,2008-03-10,9.27,9.39,9.27,9.37,78367400,21.15,21.42,21.14,21.37,34351600,2026-01-27T03:44:51Z
PFE,2008-03-11,9.52,9.63,9.3,9.35,84943128,21.72,21.98,21.22,21.34,37233800,2026-01-27T03:44:51Z
PFE,2008-03-12,9.33,9.56,9.28,9.54,94899371,21.28,21.8,21.16,21.77,41598300,2026-01-27T03:44:51Z
PFE,2008-03-13,9.3,9.37,9.11,9.28,100484685,21.21,21.37,20.79,21.16,44046500,2026-01-27T03:44:51Z
PFE,2008-03-14,9.05,9.35,8.99,9.35,107062991,20.64,21.32,20.5,21.32,46929800,2026-01-27T03:44:51Z
PFE,2008-03-17,9.02,9.14,8.85,8.93,106243239,20.57,20.85,20.19,20.38,46570900,2026-01-27T03:44:51Z
PFE,2008-03-18,9.21,9.24,9.07,9.13,107696548,21,21.09,20.69,20.83,47207500,2026-01-27T03:44:51Z
PFE,2008-03-19,9.03,9.23,9.01,9.14,104589677,20.61,21.05,20.55,20.85,45845900,2026-01-27T03:44:51Z
PFE,2008-03-20,9.03,9.07,8.98,9.05,124959675,20.59,20.7,20.48,20.64,54774700,2026-01-27T03:44:51Z
PFE,2008-03-24,9.03,9.13,8.98,9.13,81506484,20.61,20.82,20.48,20.82,35727600,2026-01-27T03:44:51Z
PFE,2008-03-25,9.11,9.12,9.05,9.06,100528420,20.78,20.81,20.65,20.68,44065600,2026-01-27T03:44:51Z
PFE,2008-03-26,9.07,9.1,9.03,9.08,72364700,20.69,20.75,20.59,20.72,31720500,2026-01-27T03:44:51Z
PFE,2008-03-27,9.01,9.16,9.01,9.1,78924318,20.56,20.89,20.55,20.76,34595800,2026-01-27T03:44:51Z
PFE,2008-03-28,8.99,9.08,8.97,9.06,71183775,20.5,20.72,20.47,20.68,31202800,2026-01-27T03:44:51Z
PFE,2008-03-31,9.17,9.19,8.98,9.07,120484205,20.93,20.97,20.48,20.69,52813300,2026-01-27T03:44:51Z
PFE,2008-04-01,9.37,9.37,9.13,9.23,85558546,21.38,21.38,20.84,21.05,37503700,2026-01-27T03:44:51Z
PFE,2008-04-02,9.43,9.47,9.28,9.3,72711767,21.51,21.6,21.18,21.21,31872500,2026-01-27T03:44:51Z
PFE,2008-04-03,9.35,9.41,9.18,9.38,81989106,21.34,21.46,20.93,21.41,35939200,2026-01-27T03:44:51Z
PFE,2008-04-04,9.36,9.41,9.31,9.35,67937377,21.35,21.46,21.24,21.33,29779800,2026-01-27T03:44:51Z
PFE,2008-04-07,9.42,9.46,9.33,9.39,58368430,21.48,21.57,21.28,21.43,25585100,2026-01-27T03:44:51Z
PFE,2008-04-08,9.21,9.39,9.16,9.36,87131830,21,21.42,20.9,21.35,38193200,2026-01-27T03:44:51Z
PFE,2008-04-09,9.16,9.24,9.08,9.21,85311606,20.89,21.08,20.72,21,37395400,2026-01-27T03:44:51Z
PFE,2008-04-10,9.17,9.25,9.12,9.14,82781839,20.92,21.1,20.8,20.86,36286700,2026-01-27T03:44:51Z
PFE,2008-04-11,8.96,9.16,8.96,9.14,68913274,20.45,20.9,20.44,20.86,30207600,2026-01-27T03:44:51Z
PFE,2008-04-14,9.01,9.04,8.96,9,84458820,20.56,20.63,20.45,20.54,37021800,2026-01-27T03:44:51Z
PFE,2008-04-15,9.08,9.17,9.02,9.02,76261293,20.71,20.92,20.57,20.57,33428300,2026-01-27T03:44:51Z
PFE,2008-04-16,9.25,9.25,9.09,9.13,87863748,21.1,21.1,20.74,20.83,38514300,2026-01-27T03:44:51Z
PFE,2008-04-17,8.94,9,8.86,8.99,176826710,20.4,20.54,20.22,20.5,77509904,2026-01-27T03:44:51Z
PFE,2008-04-18,8.97,9.03,8.9,9.01,129139069,20.47,20.61,20.3,20.56,56606700,2026-01-27T03:44:51Z
PFE,2008-04-21,8.85,8.98,8.82,8.93,114722638,20.2,20.49,20.13,20.36,50287700,2026-01-27T03:44:51Z
PFE,2008-04-22,8.67,8.87,8.68,8.87,151688362,19.79,20.24,19.79,20.23,66490700,2026-01-27T03:44:51Z
PFE,2008-04-23,8.71,8.77,8.68,8.71,121744293,19.88,20,19.81,19.88,53365400,2026-01-27T03:44:51Z
PFE,2008-04-24,8.78,8.84,8.71,8.74,89235868,20.04,20.16,19.88,19.95,39115500,2026-01-27T03:44:51Z
PFE,2008-04-25,8.96,8.96,8.84,8.84,125451501,20.43,20.45,20.16,20.17,54990500,2026-01-27T03:44:51Z
PFE,2008-04-28,8.87,8.99,8.85,8.98,128751673,20.23,20.5,20.2,20.49,56436900,2026-01-27T03:44:51Z
PFE,2008-04-29,8.87,8.9,8.77,8.88,113404454,20.24,20.3,20,20.26,49709700,2026-01-27T03:44:51Z
PFE,2008-04-30,8.81,8.92,8.78,8.9,100406508,20.11,20.34,20.02,20.3,44012100,2026-01-27T03:44:51Z
PFE,2008-05-01,8.96,8.96,8.81,8.84,110610343,20.44,20.45,20.1,20.17,48485100,2026-01-27T03:44:51Z
PFE,2008-05-02,9.03,9.05,8.93,8.98,110970330,20.61,20.65,20.36,20.48,48642800,2026-01-27T03:44:51Z
PFE,2008-05-05,8.99,9.03,8.96,9.03,79296990,20.52,20.6,20.45,20.6,34758900,2026-01-27T03:44:51Z
PFE,2008-05-06,8.95,9.02,8.88,8.99,93592218,20.42,20.58,20.26,20.52,41025200,2026-01-27T03:44:51Z
PFE,2008-05-07,8.87,9.04,8.85,9.02,122454763,19.92,20.3,19.88,20.26,54531100,2026-01-27T03:44:51Z
PFE,2008-05-08,8.89,8.92,8.85,8.9,105045162,19.97,20.04,19.88,19.98,46778500,2026-01-27T03:44:51Z
PFE,2008-05-09,8.81,8.88,8.77,8.87,79316075,19.79,19.93,19.7,19.91,35321100,2026-01-27T03:44:51Z
PFE,2008-05-12,8.87,8.89,8.81,8.84,81339237,19.91,19.97,19.78,19.85,36221900,2026-01-27T03:44:51Z
PFE,2008-05-13,8.89,8.93,8.84,8.88,86800001,19.97,20.05,19.86,19.93,38653600,2026-01-27T03:44:51Z
PFE,2008-05-14,8.93,8.95,8.89,8.91,93052159,20.06,20.1,19.97,20,41437900,2026-01-27T03:44:51Z
PFE,2008-05-15,8.94,8.95,8.88,8.93,80995467,20.08,20.1,19.93,20.06,36068800,2026-01-27T03:44:51Z
PFE,2008-05-16,8.92,8.96,8.88,8.96,104621875,20.03,20.13,19.95,20.12,46589900,2026-01-27T03:44:51Z
PFE,2008-05-19,9.01,9.04,8.88,8.93,136126063,20.23,20.29,19.94,20.05,60619500,2026-01-27T03:44:51Z
PFE,2008-05-20,8.93,9.02,8.91,8.99,137944731,20.05,20.25,20.01,20.18,61429100,2026-01-27T03:44:51Z
PFE,2008-05-21,8.91,8.98,8.87,8.96,136023902,20.01,20.17,19.92,20.11,60573800,2026-01-27T03:44:51Z
PFE,2008-05-22,8.81,8.88,8.73,8.8,143073332,19.78,19.93,19.61,19.77,63713200,2026-01-27T03:44:51Z
PFE,2008-05-23,8.7,8.79,8.69,8.79,94049000,19.53,19.73,19.52,19.73,41881900,2026-01-27T03:44:51Z
PFE,2008-05-27,8.61,8.73,8.57,8.72,105437652,19.33,19.6,19.25,19.58,46953300,2026-01-27T03:44:51Z
PFE,2008-05-28,8.59,8.67,8.53,8.65,97636498,19.3,19.47,19.16,19.42,43479100,2026-01-27T03:44:51Z
PFE,2008-05-29,8.64,8.7,8.6,8.61,100636708,19.4,19.54,19.31,19.34,44815500,2026-01-27T03:44:51Z
PFE,2008-05-30,8.62,8.68,8.59,8.67,83359566,19.36,19.5,19.29,19.47,37121700,2026-01-27T03:44:51Z
PFE,2008-06-02,8.54,8.67,8.47,8.65,120106975,19.18,19.46,19.03,19.43,53485800,2026-01-27T03:44:51Z
PFE,2008-06-03,8.47,8.55,8.43,8.51,119994857,19.01,19.2,18.93,19.11,53435900,2026-01-27T03:44:51Z
PFE,2008-06-04,8.37,8.52,8.32,8.47,135940483,18.8,19.13,18.69,19.01,60536900,2026-01-27T03:44:51Z
PFE,2008-06-05,8.31,8.35,8.22,8.35,186589957,18.67,18.76,18.45,18.74,83092000,2026-01-27T03:44:51Z
PFE,2008-06-06,8,8.28,7.99,8.26,215021258,17.96,18.6,17.95,18.55,95752704,2026-01-27T03:44:51Z
PFE,2008-06-09,8.02,8.09,8,8.05,128543241,18.02,18.17,17.96,18.08,57242400,2026-01-27T03:44:51Z
PFE,2008-06-10,7.99,8.03,7.89,7.98,128372394,17.94,18.02,17.71,17.92,57166500,2026-01-27T03:44:51Z
PFE,2008-06-11,7.82,7.99,7.79,7.98,133589774,17.55,17.94,17.5,17.92,59489700,2026-01-27T03:44:51Z
PFE,2008-06-12,7.9,8,7.84,7.85,108690697,17.73,17.96,17.6,17.62,48402000,2026-01-27T03:44:51Z
PFE,2008-06-13,8.01,8.01,7.86,7.92,108632084,17.99,17.99,17.65,17.78,48376000,2026-01-27T03:44:51Z
PFE,2008-06-16,7.91,8,7.88,7.98,132320292,17.77,17.97,17.7,17.91,58924600,2026-01-27T03:44:51Z
PFE,2008-06-17,7.89,7.99,7.87,7.96,97212085,17.72,17.95,17.67,17.87,43290100,2026-01-27T03:44:51Z
PFE,2008-06-18,7.91,8.26,7.9,8.24,214476419,17.77,18.54,17.74,18.51,95510200,2026-01-27T03:44:51Z
PFE,2008-06-19,7.91,7.99,7.88,7.93,141934324,17.77,17.93,17.7,17.81,63205900,2026-01-27T03:44:51Z
PFE,2008-06-20,7.72,7.94,7.7,7.89,142338008,17.33,17.83,17.3,17.72,63386000,2026-01-27T03:44:51Z
PFE,2008-06-23,7.74,7.8,7.7,7.76,104408444,17.38,17.51,17.3,17.42,46494800,2026-01-27T03:44:51Z
PFE,2008-06-24,7.88,7.9,7.72,7.74,109439433,17.69,17.75,17.34,17.38,48735500,2026-01-27T03:44:51Z
PFE,2008-06-25,7.96,8.08,7.84,7.9,130327981,17.88,18.15,17.6,17.74,58037500,2026-01-27T03:44:51Z
PFE,2008-06-26,7.65,8.03,7.65,7.91,123034037,17.17,18.02,17.17,17.76,54789200,2026-01-27T03:44:51Z
PFE,2008-06-27,7.7,7.78,7.62,7.68,148182105,17.28,17.48,17.12,17.25,65988200,2026-01-27T03:44:51Z
PFE,2008-06-30,7.78,7.86,7.69,7.7,99503570,17.47,17.64,17.26,17.29,44310700,2026-01-27T03:44:51Z
PFE,2008-07-01,7.9,7.91,7.73,7.77,119361711,17.73,17.77,17.36,17.44,53154000,2026-01-27T03:44:51Z
PFE,2008-07-02,7.85,7.95,7.84,7.94,86053373,17.62,17.86,17.6,17.84,38321100,2026-01-27T03:44:51Z
PFE,2008-07-03,7.9,7.96,7.84,7.91,54679764,17.75,17.87,17.6,17.77,24349900,2026-01-27T03:44:51Z
PFE,2008-07-07,7.74,7.97,7.69,7.93,107239936,17.39,17.89,17.26,17.8,47756000,2026-01-27T03:44:51Z
PFE,2008-07-08,8.1,8.11,7.78,7.78,137092059,18.19,18.22,17.46,17.47,61049300,2026-01-27T03:44:51Z
PFE,2008-07-09,8.03,8.27,8.02,8.16,114921232,18.03,18.57,18,18.33,51176600,2026-01-27T03:44:51Z
PFE,2008-07-10,8.03,8.18,7.94,8.08,105737701,18.03,18.36,17.84,18.15,47087000,2026-01-27T03:44:51Z
PFE,2008-07-11,7.93,8.04,7.87,7.99,114958715,17.81,18.05,17.68,17.94,51193100,2026-01-27T03:44:51Z
PFE,2008-07-14,7.86,8.06,7.83,8.03,80351857,17.65,18.1,17.59,18.02,35782300,2026-01-27T03:44:51Z
PFE,2008-07-15,7.83,7.93,7.72,7.8,138773240,17.58,17.81,17.34,17.52,61798300,2026-01-27T03:44:51Z
PFE,2008-07-16,8.13,8.14,7.75,7.84,125798070,18.26,18.29,17.41,17.6,56020100,2026-01-27T03:44:51Z
PFE,2008-07-17,8.19,8.23,8.02,8.13,110257810,18.39,18.49,18,18.26,49099800,2026-01-27T03:44:51Z
PFE,2008-07-18,8.16,8.22,8.05,8.2,95997094,18.32,18.45,18.07,18.41,42749100,2026-01-27T03:44:51Z
PFE,2008-07-21,8.06,8.25,8.01,8.21,109180214,18.09,18.53,17.99,18.43,48619900,2026-01-27T03:44:51Z
PFE,2008-07-22,8.17,8.23,7.97,8.01,112142804,18.35,18.49,17.89,17.98,49939300,2026-01-27T03:44:51Z
PFE,2008-07-23,8.49,8.51,8.29,8.37,147439159,19.07,19.12,18.61,18.79,65657200,2026-01-27T03:44:51Z
PFE,2008-07-24,8.38,8.57,8.35,8.54,92096331,18.81,19.25,18.75,19.18,41012000,2026-01-27T03:44:51Z
PFE,2008-07-25,8.41,8.44,8.34,8.41,96221534,18.89,18.95,18.72,18.89,42849400,2026-01-27T03:44:51Z
PFE,2008-07-28,8.18,8.42,8.17,8.4,80468723,18.36,18.91,18.34,18.87,35834000,2026-01-27T03:44:51Z
PFE,2008-07-29,8.25,8.29,8.17,8.2,72977687,18.53,18.61,18.34,18.42,32498500,2026-01-27T03:44:51Z
PFE,2008-07-30,8.41,8.51,8.25,8.3,95398825,18.88,19.12,18.53,18.65,42482800,2026-01-27T03:44:51Z
PFE,2008-07-31,8.31,8.5,8.29,8.38,106931956,18.67,19.09,18.61,18.81,47618800,2026-01-27T03:44:51Z
PFE,2008-08-01,8.28,8.44,8.25,8.38,73906869,18.6,18.95,18.53,18.81,32912000,2026-01-27T03:44:51Z
PFE,2008-08-04,8.45,8.53,8.26,8.29,96664142,18.98,19.16,18.55,18.62,43046100,2026-01-27T03:44:51Z
PFE,2008-08-05,8.78,8.79,8.48,8.48,127823298,19.71,19.75,19.04,19.05,56921900,2026-01-27T03:44:51Z
PFE,2008-08-06,8.8,8.85,8.7,8.79,92236671,19.43,19.54,19.21,19.42,41752400,2026-01-27T03:44:51Z
PFE,2008-08-07,8.7,8.88,8.65,8.76,86078615,19.21,19.62,19.11,19.35,38964800,2026-01-27T03:44:51Z
PFE,2008-08-08,8.98,8.99,8.69,8.7,95338438,19.84,19.87,19.19,19.21,43156500,2026-01-27T03:44:51Z
PFE,2008-08-11,9,9.1,8.91,8.97,100306410,19.88,20.11,19.69,19.81,45405300,2026-01-27T03:44:51Z
PFE,2008-08-12,8.93,9.07,8.9,8.97,78837354,19.72,20.03,19.67,19.81,35687100,2026-01-27T03:44:51Z
PFE,2008-08-13,8.89,8.99,8.85,8.94,81177144,19.64,19.85,19.56,19.74,36746300,2026-01-27T03:44:51Z
PFE,2008-08-14,8.95,9.09,8.83,8.91,80019554,19.78,20.09,19.51,19.68,36222400,2026-01-27T03:44:51Z
PFE,2008-08-15,9.04,9.11,8.99,8.99,86895943,19.97,20.13,19.86,19.87,39335100,2026-01-27T03:44:51Z
PFE,2008-08-18,8.89,9.09,8.85,9.09,82690838,19.64,20.09,19.56,20.08,37431500,2026-01-27T03:44:51Z
PFE,2008-08-19,8.75,8.92,8.74,8.84,76131953,19.34,19.71,19.3,19.52,34462500,2026-01-27T03:44:51Z
PFE,2008-08-20,8.73,8.79,8.63,8.76,66865862,19.28,19.43,19.06,19.36,30267900,2026-01-27T03:44:51Z
PFE,2008-08-21,8.77,8.8,8.62,8.67,59706974,19.37,19.44,19.04,19.15,27027500,2026-01-27T03:44:51Z
PFE,2008-08-22,8.94,8.97,8.76,8.82,63820232,19.75,19.82,19.36,19.48,28889400,2026-01-27T03:44:51Z
PFE,2008-08-25,8.83,8.99,8.77,8.87,91473764,19.51,19.87,19.37,19.6,41407000,2026-01-27T03:44:51Z
PFE,2008-08-26,8.73,8.87,8.69,8.87,81185476,19.28,19.6,19.2,19.6,36749900,2026-01-27T03:44:51Z
PFE,2008-08-27,8.64,8.71,8.58,8.69,80359166,19.08,19.25,18.95,19.2,36376000,2026-01-27T03:44:51Z
PFE,2008-08-28,8.72,8.74,8.65,8.68,72634350,19.27,19.3,19.1,19.17,32879200,2026-01-27T03:44:51Z
PFE,2008-08-29,8.65,8.76,8.63,8.71,55958356,19.11,19.34,19.07,19.24,25330600,2026-01-27T03:44:51Z
PFE,2008-09-02,8.68,8.86,8.66,8.74,66052734,19.17,19.57,19.13,19.3,29899800,2026-01-27T03:44:51Z
PFE,2008-09-03,8.69,8.76,8.62,8.68,66953458,19.2,19.36,19.05,19.17,30307600,2026-01-27T03:44:51Z
PFE,2008-09-04,8.45,8.87,8.45,8.69,102665672,18.67,19.59,18.66,19.2,46473400,2026-01-27T03:44:51Z
PFE,2008-09-05,8.38,8.53,8.35,8.43,90618127,18.51,18.84,18.45,18.62,41020000,2026-01-27T03:44:51Z
PFE,2008-09-08,8.66,8.69,8.49,8.53,108122966,19.14,19.19,18.76,18.84,48944000,2026-01-27T03:44:51Z
PFE,2008-09-09,8.26,8.68,8.26,8.62,120845225,18.24,19.18,18.24,19.05,54703000,2026-01-27T03:44:51Z
PFE,2008-09-10,8.24,8.35,8.19,8.27,84549171,18.2,18.45,18.1,18.27,38272900,2026-01-27T03:44:51Z
PFE,2008-09-11,8.32,8.34,8.14,8.15,73615443,18.39,18.42,17.98,18,33323500,2026-01-27T03:44:51Z
PFE,2008-09-12,8.43,8.47,8.24,8.28,95578850,18.62,18.71,18.2,18.29,43265600,2026-01-27T03:44:51Z
PFE,2008-09-15,8.17,8.39,8.17,8.2,148633538,18.05,18.53,18.05,18.12,67282000,2026-01-27T03:44:51Z
PFE,2008-09-16,8.06,8.17,7.92,8.05,183399924,17.81,18.04,17.5,17.78,83019104,2026-01-27T03:44:51Z
PFE,2008-09-17,7.77,8.2,7.77,7.95,161613579,17.17,18.12,17.16,17.56,73157200,2026-01-27T03:44:51Z
PFE,2008-09-18,8.14,8.3,7.84,7.89,211396797,17.99,18.33,17.31,17.42,95692600,2026-01-27T03:44:51Z
PFE,2008-09-19,8.4,8.6,8.01,8.55,177325342,18.55,18.99,17.7,18.9,80269600,2026-01-27T03:44:51Z
PFE,2008-09-22,8.18,8.44,8.16,8.28,102479652,18.07,18.65,18.02,18.3,46389200,2026-01-27T03:44:51Z
PFE,2008-09-23,8.15,8.37,8.15,8.24,135178281,18.01,18.5,18.01,18.2,61190500,2026-01-27T03:44:51Z
PFE,2008-09-24,8.14,8.23,8.04,8.22,87248457,17.99,18.19,17.75,18.16,39494600,2026-01-27T03:44:51Z
PFE,2008-09-25,8.44,8.51,8.19,8.2,127299505,18.64,18.79,18.09,18.11,57624200,2026-01-27T03:44:51Z
PFE,2008-09-26,8.45,8.47,8.24,8.3,83034875,18.66,18.72,18.21,18.33,37587300,2026-01-27T03:44:51Z
PFE,2008-09-29,7.99,8.45,7.99,8.28,155899497,17.65,18.66,17.65,18.28,70570800,2026-01-27T03:44:51Z
PFE,2008-09-30,8.35,8.35,8.04,8.12,166850503,18.44,18.44,17.75,17.93,75527904,2026-01-27T03:44:51Z
PFE,2008-10-01,8.57,8.64,8.18,8.27,150911848,18.94,19.09,18.08,18.26,68312704,2026-01-27T03:44:51Z
PFE,2008-10-02,8.51,8.67,8.46,8.52,130692310,18.79,19.16,18.7,18.82,59160000,2026-01-27T03:44:51Z
PFE,2008-10-03,8.6,8.78,8.52,8.57,171429000,19,19.39,18.83,18.93,77600496,2026-01-27T03:44:51Z
PFE,2008-10-06,8.57,8.58,8.04,8.37,228575237,18.94,18.95,17.77,18.5,103468304,2026-01-27T03:44:51Z
PFE,2008-10-07,7.99,8.6,7.99,8.55,209282270,17.65,19,17.65,18.89,94735504,2026-01-27T03:44:51Z
PFE,2008-10-08,7.75,8.17,7.75,7.86,247963032,17.13,18.05,17.13,17.37,112244896,2026-01-27T03:44:51Z
PFE,2008-10-09,7.09,7.87,7.01,7.83,203943073,15.67,17.38,15.49,17.3,92318400,2026-01-27T03:44:51Z
PFE,2008-10-10,6.85,7.2,6.48,6.79,328906535,15.14,15.9,14.31,14.99,148885600,2026-01-27T03:44:51Z
PFE,2008-10-13,7.55,7.66,7.19,7.36,234792027,16.68,16.91,15.88,16.25,106282800,2026-01-27T03:44:51Z
PFE,2008-10-14,7.75,7.92,7.61,7.87,187201725,17.13,17.5,16.81,17.38,84740200,2026-01-27T03:44:51Z
PFE,2008-10-15,7.36,7.83,7.32,7.79,158101487,16.27,17.29,16.16,17.2,71567400,2026-01-27T03:44:51Z
PFE,2008-10-16,7.68,7.69,7.07,7.49,180966488,16.97,16.99,15.61,16.54,81918000,2026-01-27T03:44:51Z
PFE,2008-10-17,7.65,7.93,7.35,7.44,155107817,16.91,17.53,16.24,16.43,70212200,2026-01-27T03:44:51Z
PFE,2008-10-20,7.85,7.92,7.63,7.8,119139516,17.34,17.49,16.86,17.24,53930900,2026-01-27T03:44:51Z
PFE,2008-10-21,7.85,8.12,7.84,8,157236586,17.34,17.95,17.32,17.68,71176304,2026-01-27T03:44:51Z
PFE,2008-10-22,7.58,7.81,7.47,7.74,152202836,16.74,17.26,16.5,17.1,68897696,2026-01-27T03:44:51Z
PFE,2008-10-23,7.74,7.81,7.29,7.66,146803394,17.1,17.25,16.1,16.93,66453000,2026-01-27T03:44:51Z
PFE,2008-10-24,7.5,7.71,7.1,7.11,143554610,16.57,17.03,15.68,15.7,64982500,2026-01-27T03:44:51Z
PFE,2008-10-27,7.42,7.8,7.26,7.38,140305129,16.39,17.24,16.04,16.3,63511400,2026-01-27T03:44:51Z
PFE,2008-10-28,8.07,8.15,7.29,7.55,186819612,17.82,18,16.1,16.68,84566800,2026-01-27T03:44:51Z
PFE,2008-10-29,7.78,8.2,7.75,7.95,146420076,17.19,18.12,17.13,17.57,66280000,2026-01-27T03:44:51Z
PFE,2008-10-30,8.08,8.17,7.84,8.07,125747026,17.86,18.04,17.32,17.82,56921300,2026-01-27T03:44:51Z
PFE,2008-10-31,8.02,8.26,7.97,8.04,133838216,17.71,18.25,17.6,17.76,60583900,2026-01-27T03:44:51Z
PFE,2008-11-03,8.04,8.15,7.95,8.07,91629881,17.76,18.01,17.57,17.83,41478000,2026-01-27T03:44:51Z
PFE,2008-11-04,8.33,8.35,8.11,8.19,103430330,18.41,18.45,17.92,18.09,46819500,2026-01-27T03:44:51Z
PFE,2008-11-05,7.83,8.38,7.79,8.33,131492283,17,18.18,16.92,18.09,60575400,2026-01-27T03:44:51Z
PFE,2008-11-06,7.54,7.85,7.47,7.82,123866553,16.37,17.04,16.22,16.98,57062600,2026-01-27T03:44:51Z
PFE,2008-11-07,7.77,7.83,7.55,7.59,85861835,16.86,17,16.4,16.48,39554500,2026-01-27T03:44:51Z
PFE,2008-11-10,7.65,7.97,7.53,7.91,76162852,16.6,17.3,16.35,17.18,35086300,2026-01-27T03:44:51Z
PFE,2008-11-11,7.73,7.74,7.42,7.63,81593955,16.77,16.79,16.11,16.57,37588200,2026-01-27T03:44:51Z
PFE,2008-11-12,7.29,7.63,7.28,7.58,121448067,15.83,16.56,15.81,16.45,55948200,2026-01-27T03:44:51Z
PFE,2008-11-13,7.71,7.72,7.05,7.32,135905663,16.73,16.75,15.3,15.88,62608400,2026-01-27T03:44:51Z
PFE,2008-11-14,7.5,7.87,7.47,7.58,108710974,16.28,17.09,16.22,16.45,50080500,2026-01-27T03:44:51Z
PFE,2008-11-17,7.33,7.56,7.31,7.42,92755128,15.92,16.42,15.86,16.1,42729700,2026-01-27T03:44:51Z
PFE,2008-11-18,7.5,7.55,7.19,7.35,128143637,16.29,16.39,15.61,15.95,59032600,2026-01-27T03:44:51Z
PFE,2008-11-19,7.17,7.6,7.14,7.41,119678573,15.56,16.5,15.51,16.09,55132900,2026-01-27T03:44:51Z
PFE,2008-11-20,6.66,7.38,6.57,7.14,197667709,14.45,16.03,14.26,15.49,91061200,2026-01-27T03:44:51Z
PFE,2008-11-21,7.22,7.29,6.68,6.89,203981778,15.67,15.83,14.51,14.96,93969600,2026-01-27T03:44:51Z
PFE,2008-11-24,7.39,7.6,7.11,7.35,160477717,16.04,16.49,15.44,15.95,73927800,2026-01-27T03:44:51Z
PFE,2008-11-25,7.34,7.62,7.19,7.5,118114065,15.94,16.53,15.6,16.28,54412500,2026-01-27T03:44:51Z
PFE,2008-11-26,7.4,7.42,7.14,7.21,96499664,16.07,16.1,15.5,15.65,44454700,2026-01-27T03:44:51Z
PFE,2008-11-28,7.57,7.58,7.27,7.39,45840285,16.43,16.46,15.79,16.05,21117500,2026-01-27T03:44:51Z
PFE,2008-12-01,7.04,7.53,7,7.44,99861054,15.28,16.35,15.2,16.16,46003400,2026-01-27T03:44:51Z
PFE,2008-12-02,7.38,7.41,7.12,7.17,94375603,16.02,16.09,15.45,15.56,43476400,2026-01-27T03:44:51Z
PFE,2008-12-03,7.66,7.72,7.29,7.29,149705478,16.62,16.75,15.82,15.82,68965400,2026-01-27T03:44:51Z
PFE,2008-12-04,7.5,7.76,7.43,7.54,105543786,16.27,16.85,16.14,16.36,48621500,2026-01-27T03:44:51Z
PFE,2008-12-05,7.62,7.82,7.29,7.39,130358865,16.55,16.98,15.82,16.05,60053300,2026-01-27T03:44:51Z
PFE,2008-12-08,7.8,7.95,7.7,7.77,109151526,16.93,17.25,16.72,16.87,50283200,2026-01-27T03:44:51Z
PFE,2008-12-09,7.59,7.82,7.55,7.62,94556680,16.47,16.98,16.4,16.54,43559800,2026-01-27T03:44:51Z
PFE,2008-12-10,7.63,7.74,7.54,7.67,73632237,16.57,16.8,16.37,16.65,33920600,2026-01-27T03:44:51Z
PFE,2008-12-11,7.63,7.82,7.46,7.56,141794347,16.56,16.98,16.19,16.41,65321300,2026-01-27T03:44:51Z
PFE,2008-12-12,7.79,7.82,7.5,7.62,95227477,16.92,16.98,16.28,16.53,43868800,2026-01-27T03:44:51Z
PFE,2008-12-15,7.66,7.89,7.6,7.79,108970892,16.63,17.12,16.5,16.91,50200000,2026-01-27T03:44:51Z
PFE,2008-12-16,8,8.09,7.71,7.72,144279923,17.36,17.57,16.74,16.75,66466000,2026-01-27T03:44:51Z
PFE,2008-12-17,7.95,8.09,7.83,7.94,102099442,17.25,17.57,17,17.23,47034400,2026-01-27T03:44:51Z
PFE,2008-12-18,7.89,8.09,7.8,7.99,114562777,17.12,17.57,16.94,17.34,52776500,2026-01-27T03:44:51Z
PFE,2008-12-19,7.97,8.08,7.91,7.99,125991932,17.3,17.53,17.16,17.35,58041500,2026-01-27T03:44:51Z
PFE,2008-12-22,7.91,8.07,7.79,8.01,102948669,17.18,17.51,16.9,17.38,47425900,2026-01-27T03:44:51Z
PFE,2008-12-23,7.85,8.02,7.83,7.99,70096015,17.03,17.4,17,17.34,32291500,2026-01-27T03:44:51Z
PFE,2008-12-24,7.84,7.9,7.8,7.88,30988586,17.01,17.14,16.93,17.1,14275700,2026-01-27T03:44:51Z
PFE,2008-12-26,7.88,7.91,7.82,7.86,32336203,17.1,17.17,16.97,17.07,14896400,2026-01-27T03:44:51Z
PFE,2008-12-29,7.97,7.97,7.84,7.89,69006755,17.29,17.3,17.01,17.12,31789800,2026-01-27T03:44:51Z
PFE,2008-12-30,8.18,8.21,7.98,8.02,82382181,17.75,17.81,17.33,17.41,37951500,2026-01-27T03:44:51Z
PFE,2008-12-31,8.16,8.28,8.09,8.13,70513087,17.71,17.97,17.57,17.65,32483800,2026-01-27T03:44:51Z
PFE,2009-01-02,8.42,8.43,8.15,8.24,62402368,18.27,18.3,17.7,17.88,28747100,2026-01-27T03:44:51Z
PFE,2009-01-05,8.37,8.51,8.24,8.48,91523931,18.16,18.48,17.88,18.4,42163000,2026-01-27T03:44:51Z
PFE,2009-01-06,8.2,8.49,8.16,8.44,111188131,17.8,18.44,17.71,18.32,51221500,2026-01-27T03:44:51Z
PFE,2009-01-07,8.06,8.21,8.02,8.14,85243011,17.49,17.82,17.4,17.68,39269300,2026-01-27T03:44:51Z
PFE,2009-01-08,8.13,8.15,7.98,8.02,72210893,17.65,17.69,17.33,17.4,33265700,2026-01-27T03:44:51Z
PFE,2009-01-09,8.03,8.21,7.99,8.16,78328707,17.44,17.82,17.35,17.72,36084200,2026-01-27T03:44:51Z
PFE,2009-01-12,8,8.15,7.93,8.14,73503181,17.36,17.69,17.22,17.67,33861000,2026-01-27T03:44:51Z
PFE,2009-01-13,8.1,8.11,7.96,8.02,94125049,17.59,17.61,17.28,17.4,43361200,2026-01-27T03:44:51Z
PFE,2009-01-14,7.94,8.03,7.83,7.96,98926385,17.24,17.44,17,17.29,45572700,2026-01-27T03:44:51Z
PFE,2009-01-15,8.01,8.01,7.61,7.93,175302931,17.39,17.39,16.52,17.22,80757296,2026-01-27T03:44:51Z
PFE,2009-01-16,8.06,8.19,7.91,8.19,127546733,17.5,17.77,17.17,17.77,58757500,2026-01-27T03:44:51Z
PFE,2009-01-20,7.92,8.21,7.89,7.94,114586134,17.2,17.83,17.12,17.24,52786900,2026-01-27T03:44:51Z
PFE,2009-01-21,8.05,8.07,7.79,7.97,95035311,17.48,17.52,16.9,17.31,43780400,2026-01-27T03:44:51Z
PFE,2009-01-22,7.93,7.99,7.84,7.96,101424213,17.21,17.34,17.02,17.27,46723500,2026-01-27T03:44:51Z
PFE,2009-01-23,8.04,8.07,7.62,7.72,235581948,17.45,17.52,16.55,16.76,108527000,2026-01-27T03:44:51Z
PFE,2009-01-26,7.21,7.62,7.04,7.59,456855572,15.65,16.53,15.29,16.47,210463008,2026-01-27T03:44:51Z
PFE,2009-01-27,7.29,7.38,7.16,7.19,242302425,15.82,16.02,15.55,15.61,111623000,2026-01-27T03:44:51Z
PFE,2009-01-28,7.11,7.37,6.92,7.35,236228199,15.44,16,15.01,15.95,108824096,2026-01-27T03:44:51Z
PFE,2009-01-29,6.97,7.13,6.92,7.04,146902607,15.12,15.48,15.02,15.29,67674304,2026-01-27T03:44:51Z
PFE,2009-01-30,6.72,6.96,6.68,6.95,149191132,14.58,15.12,14.5,15.09,68728200,2026-01-27T03:44:51Z
PFE,2009-02-02,6.86,6.98,6.69,6.74,150194393,14.89,15.16,14.52,14.63,69191296,2026-01-27T03:44:51Z
PFE,2009-02-03,7,7.08,6.63,6.63,140758299,15.2,15.38,14.4,14.4,64844200,2026-01-27T03:44:51Z
PFE,2009-02-04,6.86,7.14,6.84,7.08,139503645,14.57,15.17,14.53,15.04,65648100,2026-01-27T03:44:51Z
PFE,2009-02-05,6.82,6.95,6.74,6.84,163905205,14.5,14.76,14.33,14.54,77130400,2026-01-27T03:44:51Z
PFE,2009-02-06,6.98,7.07,6.8,6.84,135620441,14.84,15.02,14.45,14.54,63820200,2026-01-27T03:44:51Z
PFE,2009-02-09,6.92,7.12,6.88,7.12,101601275,14.71,15.12,14.61,15.12,47812000,2026-01-27T03:44:51Z
PFE,2009-02-10,6.62,6.92,6.47,6.47,161435141,14.07,14.71,13.74,13.74,75968600,2026-01-27T03:44:51Z
PFE,2009-02-11,6.77,6.78,6.64,6.67,107172541,14.38,14.4,14.12,14.18,50433700,2026-01-27T03:44:51Z
PFE,2009-02-12,6.89,6.91,6.63,6.73,138551513,14.65,14.68,14.1,14.3,65199600,2026-01-27T03:44:51Z
PFE,2009-02-13,6.86,7.03,6.82,6.83,123383761,14.58,14.94,14.5,14.52,58062300,2026-01-27T03:44:51Z
PFE,2009-02-17,6.71,6.79,6.61,6.72,134705186,14.25,14.42,14.05,14.28,63389900,2026-01-27T03:44:51Z
PFE,2009-02-18,6.66,6.78,6.62,6.64,102847739,14.16,14.4,14.06,14.11,48398000,2026-01-27T03:44:51Z
PFE,2009-02-19,6.6,6.79,6.58,6.73,87862014,14.03,14.43,13.98,14.3,41346500,2026-01-27T03:44:51Z
PFE,2009-02-20,6.45,6.6,6.4,6.51,133122594,13.71,14.03,13.6,13.83,62645300,2026-01-27T03:44:51Z
PFE,2009-02-23,6.24,6.47,6.24,6.45,145147619,13.27,13.75,13.25,13.7,68303600,2026-01-27T03:44:51Z
PFE,2009-02-24,6.4,6.43,6.18,6.29,139331933,13.59,13.66,13.13,13.37,65567000,2026-01-27T03:44:51Z
PFE,2009-02-25,6.16,6.32,6.07,6.32,158767330,13.08,13.43,12.9,13.43,74712896,2026-01-27T03:44:51Z
PFE,2009-02-26,5.98,6.29,5.97,6.22,157488160,12.7,13.37,12.68,13.21,74111200,2026-01-27T03:44:51Z
PFE,2009-02-27,5.79,5.92,5.78,5.87,213049344,12.31,12.58,12.28,12.47,100257800,2026-01-27T03:44:51Z
PFE,2009-03-02,5.49,5.73,5.47,5.68,225202062,11.66,12.17,11.62,12.08,105976304,2026-01-27T03:44:51Z
PFE,2009-03-03,5.59,5.75,5.5,5.57,178003875,11.87,12.22,11.68,11.84,83765296,2026-01-27T03:44:51Z
PFE,2009-03-04,5.88,5.98,5.61,5.7,192342486,12.5,12.7,11.93,12.11,90513296,2026-01-27T03:44:51Z
PFE,2009-03-05,5.96,6,5.76,5.82,216231085,12.67,12.75,12.25,12.37,101754896,2026-01-27T03:44:51Z
PFE,2009-03-06,5.99,6,5.82,5.96,178456081,12.73,12.75,12.36,12.66,83978096,2026-01-27T03:44:51Z
PFE,2009-03-09,5.94,6.08,5.83,5.83,149744191,12.63,12.92,12.38,12.38,70467504,2026-01-27T03:44:51Z
PFE,2009-03-10,6.16,6.18,5.92,5.98,203889828,13.09,13.13,12.59,12.7,95946600,2026-01-27T03:44:51Z
PFE,2009-03-11,6.02,6.21,5.99,6.17,169466067,12.79,13.19,12.73,13.1,79747104,2026-01-27T03:44:51Z
PFE,2009-03-12,6.6,6.65,6.09,6.24,238643036,14.02,14.14,12.94,13.25,112301800,2026-01-27T03:44:51Z
PFE,2009-03-13,6.84,6.93,6.51,6.57,176700650,14.54,14.72,13.84,13.96,83152600,2026-01-27T03:44:51Z
PFE,2009-03-16,6.66,7.05,6.65,6.88,180582016,14.15,14.99,14.13,14.63,84978200,2026-01-27T03:44:51Z
PFE,2009-03-17,6.71,6.72,6.53,6.64,114750244,14.26,14.29,13.88,14.11,53999400,2026-01-27T03:44:51Z
PFE,2009-03-18,6.71,6.86,6.46,6.69,118104698,14.25,14.58,13.72,14.21,55578000,2026-01-27T03:44:51Z
PFE,2009-03-19,6.45,6.71,6.31,6.71,143706554,13.7,14.26,13.41,14.26,67626000,2026-01-27T03:44:51Z
PFE,2009-03-20,6.41,6.57,6.35,6.45,152071393,13.63,13.95,13.5,13.7,71561696,2026-01-27T03:44:51Z
PFE,2009-03-23,6.6,6.63,6.43,6.57,140252708,14.02,14.08,13.67,13.95,66000800,2026-01-27T03:44:51Z
PFE,2009-03-24,6.55,6.66,6.51,6.55,90768903,13.92,14.16,13.84,13.91,42714200,2026-01-27T03:44:51Z
PFE,2009-03-25,6.71,6.87,6.54,6.58,146529609,14.26,14.6,13.89,13.98,68954200,2026-01-27T03:44:51Z
PFE,2009-03-26,6.77,6.88,6.68,6.72,117666734,14.38,14.62,14.2,14.28,55372100,2026-01-27T03:44:51Z
PFE,2009-03-27,6.61,6.76,6.57,6.69,98762172,14.04,14.36,13.95,14.22,46475900,2026-01-27T03:44:51Z
PFE,2009-03-30,6.45,6.61,6.38,6.53,127019629,13.7,14.04,13.55,13.88,59773400,2026-01-27T03:44:51Z
PFE,2009-03-31,6.41,6.53,6.38,6.49,121743164,13.62,13.87,13.56,13.8,57289900,2026-01-27T03:44:51Z
PFE,2009-04-01,6.58,6.61,6.32,6.39,136649327,13.99,14.04,13.43,13.59,64304300,2026-01-27T03:44:51Z
PFE,2009-04-02,6.48,6.63,6.46,6.63,128423603,13.77,14.1,13.72,14.09,60433700,2026-01-27T03:44:51Z
PFE,2009-04-03,6.38,6.48,6.33,6.39,112457095,13.55,13.77,13.45,13.59,52920400,2026-01-27T03:44:51Z
PFE,2009-04-06,6.45,6.68,6.37,6.38,126602604,13.71,14.19,13.54,13.56,59577100,2026-01-27T03:44:51Z
PFE,2009-04-07,6.36,6.45,6.33,6.41,106415690,13.51,13.71,13.46,13.62,50077600,2026-01-27T03:44:51Z
PFE,2009-04-08,6.34,6.45,6.29,6.37,89179349,13.48,13.71,13.36,13.54,41965900,2026-01-27T03:44:51Z
PFE,2009-04-09,6.38,6.46,6.28,6.41,116929638,13.55,13.72,13.35,13.62,55025100,2026-01-27T03:44:51Z
PFE,2009-04-13,6.34,6.46,6.32,6.37,88821706,13.48,13.72,13.42,13.53,41797600,2026-01-27T03:44:51Z
PFE,2009-04-14,6.28,6.37,6.22,6.36,123297467,13.34,13.54,13.21,13.52,58021900,2026-01-27T03:44:51Z
PFE,2009-04-15,6.52,6.56,6.27,6.28,125293572,13.86,13.94,13.32,13.34,58961200,2026-01-27T03:44:51Z
PFE,2009-04-16,6.54,6.58,6.38,6.55,110846608,13.9,13.99,13.56,13.93,52162500,2026-01-27T03:44:51Z
PFE,2009-04-17,6.66,6.71,6.54,6.59,154565499,14.16,14.27,13.9,14.01,72735296,2026-01-27T03:44:51Z
PFE,2009-04-20,6.4,6.6,6.38,6.57,111193328,13.59,14.02,13.56,13.97,52325500,2026-01-27T03:44:51Z
PFE,2009-04-21,6.36,6.42,6.17,6.39,140864028,13.52,13.64,13.1,13.59,66288400,2026-01-27T03:44:51Z
PFE,2009-04-22,6.14,6.33,6.14,6.32,153457787,13.04,13.44,13.04,13.43,72214600,2026-01-27T03:44:51Z
PFE,2009-04-23,6.25,6.26,6,6.17,183014212,13.28,13.31,12.75,13.11,86122800,2026-01-27T03:44:51Z
PFE,2009-04-24,6.2,6.3,6.11,6.26,139443771,13.17,13.38,12.99,13.31,65620100,2026-01-27T03:44:51Z
PFE,2009-04-27,6.35,6.38,6.22,6.29,120935696,13.49,13.56,13.21,13.36,56910600,2026-01-27T03:44:51Z
PFE,2009-04-28,6.3,6.42,6.18,6.42,144214032,13.39,13.65,13.14,13.64,67864600,2026-01-27T03:44:51Z
PFE,2009-04-29,6.32,6.4,6.19,6.28,166133432,13.43,13.6,13.15,13.35,78179200,2026-01-27T03:44:51Z
PFE,2009-04-30,6.29,6.46,6.25,6.38,137414612,13.36,13.72,13.28,13.56,64665100,2026-01-27T03:44:51Z
PFE,2009-05-01,6.39,6.39,6.24,6.3,119810642,13.58,13.58,13.25,13.39,56380700,2026-01-27T03:44:51Z
PFE,2009-05-04,6.58,6.58,6.41,6.45,132246751,13.98,13.99,13.62,13.7,62232600,2026-01-27T03:44:51Z
PFE,2009-05-05,6.72,6.76,6.55,6.58,136595963,14.28,14.36,13.93,13.99,64279500,2026-01-27T03:44:51Z
PFE,2009-05-06,6.62,6.78,6.55,6.74,127451738,13.91,14.25,13.76,14.17,60656400,2026-01-27T03:44:51Z
PFE,2009-05-07,6.74,6.87,6.59,6.67,157452113,14.16,14.43,13.85,14.02,74933200,2026-01-27T03:44:51Z
PFE,2009-05-08,6.85,6.91,6.78,6.82,118835296,14.4,14.51,14.25,14.33,56555700,2026-01-27T03:44:51Z
PFE,2009-05-11,6.73,6.86,6.71,6.71,111342940,14.15,14.42,14.1,14.1,52989800,2026-01-27T03:44:51Z
PFE,2009-05-12,7.11,7.24,6.76,6.78,245178616,14.93,15.21,14.2,14.24,116684000,2026-01-27T03:44:51Z
PFE,2009-05-13,7.27,7.42,7.13,7.18,206464394,15.27,15.6,14.98,15.09,98259200,2026-01-27T03:44:51Z
PFE,2009-05-14,7.3,7.38,7.23,7.26,102581853,15.34,15.5,15.19,15.26,48820000,2026-01-27T03:44:51Z
PFE,2009-05-15,7.14,7.28,7.09,7.24,106369390,15.01,15.29,14.89,15.21,50622900,2026-01-27T03:44:51Z
PFE,2009-05-18,7.23,7.25,7.13,7.15,84451782,15.19,15.23,14.98,15.02,40191600,2026-01-27T03:44:51Z
PFE,2009-05-19,7.19,7.28,7.15,7.23,71718858,15.1,15.29,15.02,15.19,34132000,2026-01-27T03:44:51Z
PFE,2009-05-20,7.19,7.3,7.15,7.21,75686996,15.11,15.33,15.02,15.15,36020700,2026-01-27T03:44:51Z
PFE,2009-05-21,7.06,7.23,6.99,7.15,103650305,14.83,15.19,14.68,15.03,49328600,2026-01-27T03:44:51Z
PFE,2009-05-22,7.12,7.18,6.98,7.06,70954994,14.96,15.09,14.67,14.84,33768600,2026-01-27T03:44:51Z
PFE,2009-05-26,7.15,7.22,7.01,7.09,104637179,15.02,15.18,14.73,14.9,49798100,2026-01-27T03:44:51Z
PFE,2009-05-27,6.98,7.16,6.94,7.14,74368890,14.66,15.05,14.59,15,35393200,2026-01-27T03:44:51Z
PFE,2009-05-28,6.99,7.07,6.93,7.02,89568610,14.69,14.86,14.57,14.76,42627100,2026-01-27T03:44:51Z
PFE,2009-05-29,7.23,7.23,6.97,7.04,144956069,15.19,15.2,14.65,14.8,68986304,2026-01-27T03:44:51Z
PFE,2009-06-01,7.02,7.35,7,7.31,148137493,14.76,15.45,14.7,15.36,70500800,2026-01-27T03:44:51Z
PFE,2009-06-02,7.13,7.19,7.05,7.13,105368075,14.98,15.1,14.82,14.98,50146200,2026-01-27T03:44:51Z
PFE,2009-06-03,7.09,7.1,6.97,7.07,109312196,14.89,14.92,14.65,14.85,52023500,2026-01-27T03:44:51Z
PFE,2009-06-04,6.97,7.11,6.95,7.11,85049591,14.64,14.94,14.6,14.94,40476400,2026-01-27T03:44:51Z
PFE,2009-06-05,6.91,7.06,6.83,7.04,103324101,14.51,14.83,14.34,14.79,49173300,2026-01-27T03:44:51Z
PFE,2009-06-08,6.81,6.9,6.72,6.85,100739016,14.31,14.49,14.12,14.4,47942900,2026-01-27T03:44:51Z
PFE,2009-06-09,6.72,6.87,6.71,6.84,89389423,14.13,14.43,14.1,14.37,42541900,2026-01-27T03:44:51Z
PFE,2009-06-10,6.69,6.82,6.63,6.72,99217799,14.05,14.32,13.94,14.13,47219200,2026-01-27T03:44:51Z
PFE,2009-06-11,6.96,7.05,6.69,6.71,148009972,14.63,14.82,14.05,14.09,70439800,2026-01-27T03:44:51Z
PFE,2009-06-12,7.02,7.17,6.91,6.93,155976288,14.76,15.07,14.51,14.57,74231400,2026-01-27T03:44:51Z
PFE,2009-06-15,6.72,7,6.67,7,123917332,14.13,14.7,14.02,14.7,58974300,2026-01-27T03:44:51Z
PFE,2009-06-16,6.74,6.88,6.71,6.76,95988315,14.16,14.46,14.11,14.21,45681900,2026-01-27T03:44:51Z
PFE,2009-06-17,6.94,7,6.76,6.77,115575103,14.58,14.7,14.21,14.23,55003600,2026-01-27T03:44:51Z
PFE,2009-06-18,7.1,7.22,6.94,6.96,140576348,14.92,15.18,14.58,14.63,66901900,2026-01-27T03:44:51Z
PFE,2009-06-19,7.14,7.29,7.12,7.21,177751686,15,15.32,14.97,15.15,84594400,2026-01-27T03:44:51Z
PFE,2009-06-22,7.04,7.16,6.99,7.09,122861137,14.79,15.05,14.68,14.89,58471600,2026-01-27T03:44:51Z
PFE,2009-06-23,7.01,7.05,6.95,6.98,101548367,14.73,14.81,14.6,14.67,48328200,2026-01-27T03:44:51Z
PFE,2009-06-24,7.01,7.12,6.96,7.05,80334157,14.72,14.96,14.62,14.81,38232400,2026-01-27T03:44:51Z
PFE,2009-06-25,7.3,7.31,6.95,6.97,108167286,15.33,15.36,14.6,14.65,51478600,2026-01-27T03:44:51Z
PFE,2009-06-26,7.23,7.32,7.13,7.25,91017494,15.19,15.37,14.98,15.23,43316300,2026-01-27T03:44:51Z
PFE,2009-06-29,7.26,7.32,7.12,7.25,67245909,15.26,15.37,14.97,15.24,32003500,2026-01-27T03:44:51Z
PFE,2009-06-30,7.14,7.27,7.03,7.27,109610294,15,15.28,14.77,15.27,52165000,2026-01-27T03:44:51Z
PFE,2009-07-01,7.09,7.16,7.01,7.12,98370969,14.9,15.04,14.73,14.97,46816000,2026-01-27T03:44:51Z
PFE,2009-07-02,6.89,7.04,6.87,7.03,86782920,14.48,14.8,14.44,14.77,41301000,2026-01-27T03:44:51Z
PFE,2009-07-06,6.93,6.95,6.79,6.85,115422822,14.57,14.61,14.27,14.4,54931600,2026-01-27T03:44:51Z
PFE,2009-07-07,6.94,7.06,6.88,6.92,128006891,14.59,14.84,14.45,14.55,60920400,2026-01-27T03:44:51Z
PFE,2009-07-08,6.95,7.04,6.9,7.01,106374309,14.61,14.8,14.5,14.74,50625000,2026-01-27T03:44:51Z
PFE,2009-07-09,6.8,6.99,6.77,6.96,128960906,14.29,14.68,14.22,14.62,61374200,2026-01-27T03:44:51Z
PFE,2009-07-10,6.76,6.8,6.71,6.77,81813470,14.2,14.29,14.11,14.23,38936300,2026-01-27T03:44:51Z
PFE,2009-07-13,7.02,7.03,6.76,6.76,111439103,14.76,14.77,14.2,14.21,53035500,2026-01-27T03:44:51Z
PFE,2009-07-14,7.09,7.11,6.96,6.98,78441266,14.9,14.94,14.62,14.66,37331200,2026-01-27T03:44:51Z
PFE,2009-07-15,7.15,7.16,6.99,7.12,91512693,15.02,15.05,14.69,14.97,43552000,2026-01-27T03:44:51Z
PFE,2009-07-16,7.17,7.19,7.08,7.12,78068774,15.07,15.1,14.88,14.97,37153900,2026-01-27T03:44:51Z
PFE,2009-07-17,7.12,7.2,7.07,7.18,111857612,14.96,15.12,14.86,15.08,53234800,2026-01-27T03:44:51Z
PFE,2009-07-20,7.26,7.28,7.02,7.15,116012778,15.26,15.29,14.75,15.03,55212500,2026-01-27T03:44:51Z
PFE,2009-07-21,7.47,7.51,7.31,7.34,116437267,15.7,15.78,15.36,15.42,55414500,2026-01-27T03:44:51Z
PFE,2009-07-22,7.55,7.84,7.42,7.46,175704654,15.87,16.47,15.6,15.67,83620800,2026-01-27T03:44:51Z
PFE,2009-07-23,7.69,7.8,7.57,7.64,123329184,16.15,16.4,15.91,16.05,58694000,2026-01-27T03:44:51Z
PFE,2009-07-24,7.84,7.85,7.63,7.64,107152462,16.48,16.5,16.03,16.05,50995600,2026-01-27T03:44:51Z
PFE,2009-07-27,7.91,7.92,7.72,7.82,99689324,16.62,16.65,16.22,16.43,47443600,2026-01-27T03:44:51Z
PFE,2009-07-28,7.63,7.93,7.6,7.85,158380557,16.03,16.66,15.96,16.49,75375504,2026-01-27T03:44:51Z
PFE,2009-07-29,7.5,7.65,7.44,7.62,127975975,15.75,16.08,15.64,16,60906000,2026-01-27T03:44:51Z
PFE,2009-07-30,7.59,7.74,7.56,7.6,101866517,15.94,16.26,15.89,15.96,48479900,2026-01-27T03:44:51Z
PFE,2009-07-31,7.58,7.7,7.57,7.67,90268113,15.93,16.18,15.9,16.11,42959800,2026-01-27T03:44:51Z
PFE,2009-08-03,7.63,7.69,7.52,7.67,106118208,16.04,16.15,15.8,16.12,50503400,2026-01-27T03:44:51Z
PFE,2009-08-04,7.65,7.7,7.57,7.59,102971211,16.07,16.18,15.91,15.95,49005200,2026-01-27T03:44:51Z
PFE,2009-08-05,7.63,7.69,7.52,7.68,122137653,15.87,16,15.65,15.98,58711500,2026-01-27T03:44:51Z
PFE,2009-08-06,7.59,7.65,7.55,7.63,79262249,15.79,15.91,15.7,15.88,38101600,2026-01-27T03:44:51Z
PFE,2009-08-07,7.67,7.77,7.63,7.65,82800818,15.96,16.17,15.88,15.91,39802500,2026-01-27T03:44:51Z
PFE,2009-08-10,7.65,7.68,7.6,7.62,58521605,15.91,15.98,15.81,15.85,28131200,2026-01-27T03:44:51Z
PFE,2009-08-11,7.61,7.67,7.57,7.59,58212043,15.83,15.95,15.75,15.8,27982600,2026-01-27T03:44:51Z
PFE,2009-08-12,7.62,7.69,7.57,7.62,73726046,15.86,16,15.75,15.85,35440100,2026-01-27T03:44:51Z
PFE,2009-08-13,7.6,7.64,7.52,7.63,77887876,15.8,15.9,15.64,15.88,37440900,2026-01-27T03:44:51Z
PFE,2009-08-14,7.58,7.63,7.47,7.63,70256241,15.77,15.87,15.54,15.87,33772000,2026-01-27T03:44:51Z
PFE,2009-08-17,7.63,7.68,7.47,7.48,93724555,15.88,15.98,15.55,15.57,45053300,2026-01-27T03:44:51Z
PFE,2009-08-18,7.68,7.71,7.59,7.63,76368905,15.98,16.04,15.8,15.88,36710600,2026-01-27T03:44:51Z
PFE,2009-08-19,7.87,7.91,7.64,7.67,96578447,16.37,16.45,15.9,15.95,46425500,2026-01-27T03:44:51Z
PFE,2009-08-20,7.8,7.91,7.79,7.91,89716422,16.23,16.45,16.2,16.45,43126900,2026-01-27T03:44:51Z
PFE,2009-08-21,8,8.04,7.82,7.93,134827707,16.64,16.72,16.27,16.49,64812100,2026-01-27T03:44:51Z
PFE,2009-08-24,8.04,8.07,7.98,8.04,64845936,16.73,16.79,16.61,16.73,31171400,2026-01-27T03:44:51Z
PFE,2009-08-25,8.08,8.16,8.02,8.07,84624289,16.8,16.98,16.68,16.79,40679100,2026-01-27T03:44:51Z
PFE,2009-08-26,8.06,8.11,8,8.07,75988511,16.77,16.88,16.64,16.79,36527500,2026-01-27T03:44:51Z
PFE,2009-08-27,8.1,8.14,7.98,8.01,62794691,16.86,16.93,16.6,16.66,30185400,2026-01-27T03:44:51Z
PFE,2009-08-28,8.08,8.12,8,8.11,69716377,16.81,16.89,16.64,16.87,33512800,2026-01-27T03:44:51Z
PFE,2009-08-31,8.03,8.09,7.94,7.99,73948110,16.7,16.83,16.51,16.63,35546900,2026-01-27T03:44:51Z
PFE,2009-09-01,7.87,8.04,7.81,7.95,82079108,16.38,16.72,16.25,16.54,39455600,2026-01-27T03:44:51Z
PFE,2009-09-02,7.83,7.93,7.75,7.86,83130814,16.28,16.5,16.13,16.35,39961000,2026-01-27T03:44:51Z
PFE,2009-09-03,7.73,7.8,7.67,7.71,73871227,16.08,16.22,15.95,16.05,35510100,2026-01-27T03:44:51Z
PFE,2009-09-04,7.88,7.89,7.69,7.69,61517992,16.39,16.41,15.99,16,29571800,2026-01-27T03:44:51Z
PFE,2009-09-08,7.79,7.88,7.74,7.88,78692615,16.21,16.4,16.11,16.39,37827800,2026-01-27T03:44:51Z
PFE,2009-09-09,7.77,7.83,7.73,7.82,83689198,16.17,16.29,16.09,16.26,40229300,2026-01-27T03:44:51Z
PFE,2009-09-10,7.85,7.88,7.8,7.8,95687382,16.34,16.4,16.22,16.22,45996700,2026-01-27T03:44:51Z
PFE,2009-09-11,7.81,7.92,7.81,7.88,64506972,16.25,16.47,16.24,16.4,31008600,2026-01-27T03:44:51Z
PFE,2009-09-14,7.86,7.9,7.74,7.79,71310779,16.36,16.44,16.1,16.21,34279300,2026-01-27T03:44:51Z
PFE,2009-09-15,7.79,7.88,7.74,7.88,83574839,16.21,16.39,16.11,16.39,40174700,2026-01-27T03:44:51Z
PFE,2009-09-16,7.89,7.9,7.77,7.86,95268289,16.42,16.44,16.16,16.36,45795500,2026-01-27T03:44:51Z
PFE,2009-09-17,7.84,7.98,7.82,7.86,87799314,16.32,16.61,16.26,16.36,42205000,2026-01-27T03:44:51Z
PFE,2009-09-18,7.94,8.08,7.87,7.92,139540742,16.51,16.8,16.37,16.47,67077600,2026-01-27T03:44:51Z
PFE,2009-09-21,8,8.03,7.92,7.95,74782955,16.64,16.71,16.47,16.54,35948400,2026-01-27T03:44:51Z
PFE,2009-09-22,8.08,8.14,7.98,8.1,124732060,16.8,16.93,16.6,16.85,59959000,2026-01-27T03:44:51Z
PFE,2009-09-23,7.9,8.11,7.89,8.11,100141891,16.43,16.88,16.41,16.86,48138200,2026-01-27T03:44:51Z
PFE,2009-09-24,7.9,7.94,7.83,7.9,107718648,16.44,16.51,16.29,16.44,51780300,2026-01-27T03:44:51Z
PFE,2009-09-25,7.88,7.99,7.87,7.9,75599346,16.4,16.63,16.38,16.43,36340700,2026-01-27T03:44:51Z
PFE,2009-09-28,7.97,8.05,7.89,7.9,61145820,16.57,16.74,16.41,16.44,29392800,2026-01-27T03:44:51Z
PFE,2009-09-29,8.06,8.14,7.91,7.96,137721488,16.77,16.94,16.45,16.57,66202400,2026-01-27T03:44:51Z
PFE,2009-09-30,7.96,8.12,7.9,8.11,129578492,16.55,16.89,16.44,16.88,62288500,2026-01-27T03:44:51Z
PFE,2009-10-01,7.84,7.95,7.83,7.93,113357011,16.31,16.53,16.28,16.5,54490600,2026-01-27T03:44:51Z
PFE,2009-10-02,7.76,7.94,7.73,7.86,104851535,16.15,16.52,16.08,16.36,50402100,2026-01-27T03:44:51Z
PFE,2009-10-05,7.88,7.93,7.72,7.77,85976690,16.4,16.5,16.07,16.17,41329100,2026-01-27T03:44:51Z
PFE,2009-10-06,8.07,8.16,7.93,7.98,114768947,16.78,16.98,16.5,16.6,55169800,2026-01-27T03:44:51Z
PFE,2009-10-07,8.02,8.1,8,8.05,87364913,16.69,16.84,16.64,16.74,41996400,2026-01-27T03:44:51Z
PFE,2009-10-08,8.03,8.14,8,8.13,93017147,16.7,16.94,16.64,16.92,44713400,2026-01-27T03:44:51Z
PFE,2009-10-09,8.13,8.19,7.98,8.02,100021151,16.92,17.03,16.61,16.69,48080500,2026-01-27T03:44:51Z
PFE,2009-10-12,8.22,8.23,8.09,8.13,123763227,17.1,17.13,16.82,16.92,59493200,2026-01-27T03:44:51Z
PFE,2009-10-13,8.07,8.17,8.04,8.12,134335695,16.78,16.99,16.72,16.89,64575600,2026-01-27T03:44:51Z
PFE,2009-10-14,8.35,8.46,8,8.11,283252017,17.37,17.6,16.65,16.87,136159904,2026-01-27T03:44:51Z
PFE,2009-10-15,8.49,8.53,8.31,8.35,257989098,17.66,17.74,17.29,17.37,124015904,2026-01-27T03:44:51Z
PFE,2009-10-16,8.54,8.6,8.44,8.47,140426687,17.77,17.89,17.56,17.63,67502800,2026-01-27T03:44:51Z
PFE,2009-10-19,8.64,8.72,8.45,8.48,194212291,17.98,18.14,17.58,17.65,93358000,2026-01-27T03:44:51Z
PFE,2009-10-20,8.62,8.86,8.53,8.79,187557904,17.93,18.43,17.74,18.28,90159600,2026-01-27T03:44:51Z
PFE,2009-10-21,8.37,8.67,8.37,8.65,203021739,17.41,18.03,17.41,18,97592704,2026-01-27T03:44:51Z
PFE,2009-10-22,8.44,8.46,8.32,8.36,119343132,17.56,17.6,17.3,17.38,57368300,2026-01-27T03:44:51Z
PFE,2009-10-23,8.29,8.43,8.24,8.41,127178939,17.25,17.54,17.14,17.49,61135100,2026-01-27T03:44:51Z
PFE,2009-10-26,8.23,8.45,8.2,8.37,134107919,17.12,17.57,17.05,17.41,64465800,2026-01-27T03:44:51Z
PFE,2009-10-27,8.3,8.38,8.26,8.31,123107287,17.26,17.43,17.19,17.28,59177800,2026-01-27T03:44:51Z
PFE,2009-10-28,8.27,8.38,8.24,8.27,124671764,17.21,17.43,17.14,17.21,59930100,2026-01-27T03:44:51Z
PFE,2009-10-29,8.44,8.44,8.22,8.29,118978562,17.55,17.56,17.11,17.24,57193100,2026-01-27T03:44:51Z
PFE,2009-10-30,8.19,8.41,8.16,8.39,136169070,17.03,17.49,16.98,17.46,65456300,2026-01-27T03:44:51Z
PFE,2009-11-02,8.15,8.27,8.09,8.2,127418225,16.95,17.2,16.83,17.05,61250200,2026-01-27T03:44:51Z
PFE,2009-11-03,8.12,8.15,8.04,8.12,109640617,16.89,16.95,16.72,16.9,52704100,2026-01-27T03:44:51Z
PFE,2009-11-04,8.22,8.35,8.19,8.22,107947425,16.93,17.21,16.87,16.93,52386700,2026-01-27T03:44:51Z
PFE,2009-11-05,8.26,8.37,8.16,8.3,114684408,17.02,17.25,16.82,17.11,55656300,2026-01-27T03:44:51Z
PFE,2009-11-06,8.23,8.26,8.16,8.26,74400537,16.96,17.02,16.82,17.01,36106200,2026-01-27T03:44:51Z
PFE,2009-11-09,8.46,8.46,8.27,8.3,95154810,17.43,17.43,17.03,17.1,46178200,2026-01-27T03:44:51Z
PFE,2009-11-10,8.52,8.61,8.36,8.4,105054822,17.56,17.74,17.23,17.32,50982700,2026-01-27T03:44:51Z
PFE,2009-11-11,8.55,8.65,8.5,8.57,73017837,17.62,17.82,17.51,17.67,35435200,2026-01-27T03:44:51Z
PFE,2009-11-12,8.55,8.67,8.48,8.54,81753964,17.62,17.86,17.48,17.6,39674800,2026-01-27T03:44:51Z
PFE,2009-11-13,8.54,8.62,8.5,8.6,75943366,17.59,17.77,17.51,17.72,36855200,2026-01-27T03:44:51Z
PFE,2009-11-16,8.71,8.73,8.56,8.57,86613434,17.94,18,17.63,17.65,42033100,2026-01-27T03:44:51Z
PFE,2009-11-17,8.71,8.71,8.6,8.66,70190651,17.94,17.95,17.73,17.85,34063200,2026-01-27T03:44:51Z
PFE,2009-11-18,8.83,8.85,8.64,8.7,100577670,18.19,18.24,17.81,17.93,48810300,2026-01-27T03:44:51Z
PFE,2009-11-19,8.79,8.82,8.65,8.77,84946401,18.11,18.17,17.82,18.07,41224100,2026-01-27T03:44:51Z
PFE,2009-11-20,8.91,8.97,8.79,8.81,125646722,18.36,18.48,18.12,18.15,60976300,2026-01-27T03:44:51Z
PFE,2009-11-23,8.99,9.17,8.96,8.97,151679323,18.53,18.9,18.47,18.49,73609904,2026-01-27T03:44:51Z
PFE,2009-11-24,8.89,9.04,8.81,9.03,120590722,18.31,18.63,18.16,18.61,58522400,2026-01-27T03:44:51Z
PFE,2009-11-25,9.02,9.04,8.86,8.95,86826967,18.59,18.62,18.25,18.44,42137000,2026-01-27T03:44:51Z
PFE,2009-11-27,8.86,8.93,8.73,8.77,47043609,18.25,18.41,18,18.08,22830200,2026-01-27T03:44:51Z
PFE,2009-11-30,8.82,8.95,8.82,8.89,122116437,18.17,18.45,18.17,18.31,59263100,2026-01-27T03:44:51Z
PFE,2009-12-01,9.15,9.15,8.82,9,146499986,18.85,18.85,18.17,18.54,71096400,2026-01-27T03:44:51Z
PFE,2009-12-02,9.09,9.22,8.97,9.19,98204033,18.74,18.99,18.49,18.94,47658300,2026-01-27T03:44:51Z
PFE,2009-12-03,9.05,9.16,9.02,9.14,84542377,18.64,18.88,18.59,18.83,41028000,2026-01-27T03:44:51Z
PFE,2009-12-04,8.97,9.2,8.95,9.14,103136787,18.49,18.95,18.44,18.83,50052300,2026-01-27T03:44:51Z
PFE,2009-12-07,8.76,9.02,8.76,8.97,156710181,18.06,18.58,18.04,18.49,76051296,2026-01-27T03:44:51Z
PFE,2009-12-08,8.62,8.77,8.56,8.76,164809933,17.76,18.07,17.63,18.05,79982000,2026-01-27T03:44:51Z
PFE,2009-12-09,8.85,8.86,8.67,8.75,150901904,18.24,18.26,17.87,18.03,73232096,2026-01-27T03:44:51Z
PFE,2009-12-10,8.89,8.98,8.86,8.96,74783810,18.32,18.5,18.25,18.47,36292600,2026-01-27T03:44:51Z
PFE,2009-12-11,8.88,8.97,8.86,8.91,63645395,18.3,18.48,18.26,18.37,30886800,2026-01-27T03:44:51Z
PFE,2009-12-14,8.93,8.99,8.83,8.96,105569579,18.4,18.53,18.19,18.47,51232800,2026-01-27T03:44:51Z
PFE,2009-12-15,8.88,8.96,8.81,8.86,71351224,18.29,18.46,18.16,18.26,34626600,2026-01-27T03:44:51Z
PFE,2009-12-16,8.93,9,8.89,8.91,82510453,18.41,18.55,18.31,18.37,40042000,2026-01-27T03:44:51Z
PFE,2009-12-17,8.84,8.92,8.76,8.92,91281532,18.22,18.38,18.06,18.38,44298600,2026-01-27T03:44:51Z
PFE,2009-12-18,8.88,8.97,8.86,8.9,128269992,18.3,18.48,18.25,18.35,62248800,2026-01-27T03:44:51Z
