ticker,tradeDate,clsPx,hiPx,loPx,open,stockVolume,unadjClsPx,unadjHiPx,unadjLoPx,unadjOpen,unadjStockVolume,updatedAt
PG,2006-01-03,33.32,33.37,32.71,33.05,17183178,58.78,58.86,57.69,58.3,9741500,2026-01-27T03:44:52Z
PG,2006-01-04,33.39,33.52,33.2,33.34,11900098,58.89,59.12,58.56,58.8,6746400,2026-01-27T03:44:52Z
PG,2006-01-05,33.28,33.49,33.23,33.28,15762544,58.7,59.07,58.61,58.7,8936100,2026-01-27T03:44:52Z
PG,2006-01-06,33.24,33.34,33.15,33.3,15567974,58.64,58.8,58.48,58.74,8825800,2026-01-27T03:44:52Z
PG,2006-01-09,33.49,33.5,33.14,33.14,13609871,59.08,59.09,58.45,58.45,7715700,2026-01-27T03:44:52Z
PG,2006-01-10,33.36,33.39,33.2,33.39,15086626,58.85,58.9,58.57,58.89,8552900,2026-01-27T03:44:52Z
PG,2006-01-11,33.48,33.49,33.22,33.41,15505713,59.06,59.07,58.6,58.94,8790500,2026-01-27T03:44:52Z
PG,2006-01-12,33.11,33.45,33.11,33.44,11664430,58.41,59,58.4,58.98,6612800,2026-01-27T03:44:52Z
PG,2006-01-13,33.39,33.4,33.1,33.11,12606359,58.9,58.92,58.39,58.41,7146800,2026-01-27T03:44:52Z
PG,2006-01-17,33.25,33.37,33.12,33.14,9347338,58.65,58.86,58.42,58.45,5299200,2026-01-27T03:44:52Z
PG,2006-01-18,33.42,33.47,33.25,33.32,11743374,58.67,58.75,58.37,58.5,6689500,2026-01-27T03:44:52Z
PG,2006-01-19,33.33,33.54,33.04,33.04,14162116,58.51,58.88,58,58,8067300,2026-01-27T03:44:52Z
PG,2006-01-20,32.95,33.36,32.92,33.33,18417935,57.84,58.56,57.79,58.51,10491600,2026-01-27T03:44:52Z
PG,2006-01-23,32.83,33.19,32.83,32.95,16567856,57.64,58.26,57.64,57.84,9437700,2026-01-27T03:44:52Z
PG,2006-01-24,32.97,33.13,32.63,33.04,14331009,57.87,58.16,57.29,58,8163500,2026-01-27T03:44:52Z
PG,2006-01-25,33.31,33.31,32.94,33.1,15680628,58.47,58.47,57.83,58.1,8932300,2026-01-27T03:44:52Z
PG,2006-01-26,33.51,33.61,33.38,33.47,12300760,58.82,59,58.59,58.75,7007000,2026-01-27T03:44:52Z
PG,2006-01-27,34.03,34.06,33.64,33.84,20623373,59.74,59.8,59.05,59.4,11747900,2026-01-27T03:44:52Z
PG,2006-01-30,33.69,34.01,33.58,33.68,13885440,59.14,59.7,58.95,59.13,7909700,2026-01-27T03:44:52Z
PG,2006-01-31,33.74,33.81,33.55,33.58,18164969,59.23,59.35,58.89,58.95,10347500,2026-01-27T03:44:52Z
PG,2006-02-01,34.08,34.19,33.64,33.67,19020117,59.82,60.02,59.06,59.1,10834600,2026-01-27T03:44:52Z
PG,2006-02-02,33.98,34.26,33.97,34.03,17132061,59.65,60.15,59.64,59.74,9759100,2026-01-27T03:44:52Z
PG,2006-02-03,34,34.21,33.79,33.83,13720777,59.68,60.05,59.32,59.39,7815900,2026-01-27T03:44:52Z
PG,2006-02-06,34.06,34.12,33.67,33.94,8775361,59.79,59.9,59.1,59.58,4998800,2026-01-27T03:44:52Z
PG,2006-02-07,33.79,34.07,33.67,33.88,11241500,59.32,59.81,59.11,59.47,6403600,2026-01-27T03:44:52Z
PG,2006-02-08,33.88,34.06,33.74,33.84,11894702,59.47,59.8,59.23,59.4,6775700,2026-01-27T03:44:52Z
PG,2006-02-09,33.96,34.09,33.79,33.87,10958161,59.62,59.85,59.32,59.46,6242200,2026-01-27T03:44:52Z
PG,2006-02-10,34.01,34.06,33.87,33.97,10190474,59.7,59.79,59.46,59.63,5804900,2026-01-27T03:44:52Z
PG,2006-02-13,33.86,33.99,33.76,33.94,9126114,59.44,59.67,59.27,59.58,5198600,2026-01-27T03:44:52Z
PG,2006-02-14,34.09,34.18,33.88,33.92,13908807,59.84,60,59.48,59.55,7923000,2026-01-27T03:44:52Z
PG,2006-02-15,34.24,34.32,34.01,34.04,15053743,60.11,60.25,59.71,59.75,8575200,2026-01-27T03:44:52Z
PG,2006-02-16,34.59,34.65,34.18,34.19,12285315,60.73,60.83,60.01,60.02,6998200,2026-01-27T03:44:52Z
PG,2006-02-17,34.75,34.77,34.42,34.51,16040851,61,61.03,60.42,60.59,9137500,2026-01-27T03:44:52Z
PG,2006-02-21,34.68,34.75,34.57,34.68,11885747,60.88,61,60.69,60.88,6770600,2026-01-27T03:44:52Z
PG,2006-02-22,35.28,35.32,34.74,34.75,15753809,61.94,62,60.98,61,8974000,2026-01-27T03:44:52Z
PG,2006-02-23,35.02,35.37,34.97,35.23,12482995,61.48,62.09,61.39,61.85,7110800,2026-01-27T03:44:52Z
PG,2006-02-24,35.03,35.16,34.78,34.93,9849746,61.5,61.73,61.06,61.32,5610800,2026-01-27T03:44:52Z
PG,2006-02-27,34.95,35.26,34.95,35.13,11802371,61.35,61.89,61.35,61.68,6723100,2026-01-27T03:44:52Z
PG,2006-02-28,34.14,34.87,34.09,34.75,25380961,59.93,61.21,59.85,61,14458000,2026-01-27T03:44:52Z
PG,2006-03-01,34.24,34.44,34.19,34.24,16071933,60.11,60.46,60.02,60.11,9155200,2026-01-27T03:44:52Z
PG,2006-03-02,33.92,34.19,33.81,34.17,19094198,59.55,60.02,59.36,59.99,10876800,2026-01-27T03:44:52Z
PG,2006-03-03,33.99,34.27,33.78,33.78,13689179,59.67,60.16,59.3,59.3,7797900,2026-01-27T03:44:52Z
PG,2006-03-06,33.99,34.16,33.89,33.92,7993298,59.67,59.96,59.5,59.55,4553300,2026-01-27T03:44:52Z
PG,2006-03-07,34.35,34.5,33.85,33.93,12931672,60.3,60.56,59.42,59.56,7366400,2026-01-27T03:44:52Z
PG,2006-03-08,34.79,34.94,34.31,34.32,15238051,61.07,61.33,60.23,60.25,8680200,2026-01-27T03:44:52Z
PG,2006-03-09,34.98,35.32,34.8,35.03,12488588,61.4,62,61.1,61.5,7114000,2026-01-27T03:44:52Z
PG,2006-03-10,35.46,35.57,35,35,14933814,62.25,62.44,61.45,61.45,8506900,2026-01-27T03:44:52Z
PG,2006-03-13,35.31,35.6,35.2,35.38,10455897,61.98,62.5,61.8,62.11,5956100,2026-01-27T03:44:52Z
PG,2006-03-14,34.18,34.57,33.95,34.23,32010562,60.01,60.68,59.6,60.09,18234500,2026-01-27T03:44:52Z
PG,2006-03-15,34.12,34.47,34.05,34.47,17227741,59.9,60.51,59.77,60.51,9813600,2026-01-27T03:44:52Z
PG,2006-03-16,33.83,34.1,33.61,34.06,21925791,59.39,59.86,59,59.8,12489800,2026-01-27T03:44:52Z
PG,2006-03-17,33.67,33.84,33.52,33.83,30577228,59.1,59.4,58.85,59.39,17418000,2026-01-27T03:44:52Z
PG,2006-03-20,33.71,33.83,33.44,33.83,12337264,59.18,59.38,58.71,59.38,7027800,2026-01-27T03:44:52Z
PG,2006-03-21,33.63,34.02,33.58,33.73,12129432,59.03,59.72,58.94,59.21,6909400,2026-01-27T03:44:52Z
PG,2006-03-22,33.89,33.95,33.44,33.44,10269112,59.49,59.6,58.7,58.7,5849700,2026-01-27T03:44:52Z
PG,2006-03-23,33.41,33.84,33.29,33.76,16091735,58.65,59.4,58.44,59.26,9166500,2026-01-27T03:44:52Z
PG,2006-03-24,33.46,33.58,33.03,33.36,15572140,58.74,58.95,57.98,58.56,8870500,2026-01-27T03:44:52Z
PG,2006-03-27,33.2,33.39,33.19,33.26,14114886,58.29,58.62,58.26,58.38,8040400,2026-01-27T03:44:52Z
PG,2006-03-28,32.77,33.2,32.75,33.04,24775288,57.53,58.28,57.5,58,14113000,2026-01-27T03:44:52Z
PG,2006-03-29,32.89,33.03,32.47,32.72,21821862,57.74,57.98,57,57.44,12430600,2026-01-27T03:44:52Z
PG,2006-03-30,32.83,33.1,32.7,32.77,14780412,57.63,58.1,57.4,57.53,8419500,2026-01-27T03:44:52Z
PG,2006-03-31,32.83,33.21,32.8,32.83,19619616,57.63,58.3,57.58,57.63,11176100,2026-01-27T03:44:52Z
PG,2006-04-03,32.97,33.24,32.86,32.86,14243059,57.88,58.36,57.69,57.69,8113400,2026-01-27T03:44:52Z
PG,2006-04-04,33.04,33.31,32.91,32.94,15577216,58,58.48,57.77,57.83,8873400,2026-01-27T03:44:52Z
PG,2006-04-05,32.82,33.1,32.78,33.01,15669571,57.62,58.1,57.54,57.95,8926000,2026-01-27T03:44:52Z
PG,2006-04-06,32.75,32.99,32.61,32.79,11599080,57.5,57.92,57.24,57.57,6607300,2026-01-27T03:44:52Z
PG,2006-04-07,32.63,33.01,32.62,32.75,12977310,57.28,57.94,57.26,57.5,7392400,2026-01-27T03:44:52Z
PG,2006-04-10,32.55,32.7,32.44,32.64,12558291,57.15,57.4,56.95,57.3,7153700,2026-01-27T03:44:52Z
PG,2006-04-11,32.18,32.64,31.95,32.62,23600564,56.49,57.3,56.09,57.27,13443800,2026-01-27T03:44:52Z
PG,2006-04-12,32.14,32.19,32.06,32.07,15537000,56.42,56.5,56.28,56.3,8850500,2026-01-27T03:44:52Z
PG,2006-04-13,32.24,32.28,32.1,32.13,12029360,56.6,56.67,56.35,56.4,6852400,2026-01-27T03:44:52Z
PG,2006-04-17,31.92,32.17,31.76,32.01,23137791,56.03,56.47,55.75,56.2,13180200,2026-01-27T03:44:52Z
PG,2006-04-18,31.99,32.11,31.81,31.87,19637303,56.16,56.37,55.84,55.94,11186200,2026-01-27T03:44:52Z
PG,2006-04-19,32.12,32.12,31.54,31.89,22482119,56.07,56.08,55.07,55.68,12877800,2026-01-27T03:44:52Z
PG,2006-04-20,32.23,32.53,31.95,32.17,27206119,56.26,56.8,55.77,56.16,15583700,2026-01-27T03:44:52Z
PG,2006-04-21,32.27,32.51,32.07,32.13,21083768,56.34,56.76,55.99,56.1,12076800,2026-01-27T03:44:52Z
PG,2006-04-24,32.42,32.65,32.16,32.16,16259366,56.6,57,56.15,56.15,9313400,2026-01-27T03:44:52Z
PG,2006-04-25,32.8,32.95,32.44,32.59,39052322,57.27,57.52,56.63,56.9,22369200,2026-01-27T03:44:52Z
PG,2006-04-26,33.23,33.26,32.92,32.97,27704374,58.01,58.06,57.48,57.56,15869100,2026-01-27T03:44:52Z
PG,2006-04-27,33.44,33.64,33.09,33.11,15409899,58.38,58.73,57.76,57.8,8826800,2026-01-27T03:44:52Z
PG,2006-04-28,33.34,33.49,33.22,33.39,15568557,58.21,58.47,58,58.3,8917700,2026-01-27T03:44:52Z
PG,2006-05-01,33.15,33.61,33.09,33.47,12752604,57.88,58.67,57.76,58.43,7304700,2026-01-27T03:44:52Z
PG,2006-05-02,33.29,33.42,32.9,33.03,14820664,58.11,58.34,57.43,57.66,8489300,2026-01-27T03:44:52Z
PG,2006-05-03,32.2,32.36,31.61,32.22,50209369,56.22,56.49,55.18,56.25,28760000,2026-01-27T03:44:52Z
PG,2006-05-04,32,32.47,31.85,32.21,26924504,55.86,56.69,55.6,56.23,15422400,2026-01-27T03:44:52Z
PG,2006-05-05,31.92,32.21,31.88,32.21,23402892,55.73,56.24,55.65,56.24,13405200,2026-01-27T03:44:52Z
PG,2006-05-08,32.27,32.42,31.75,32.08,25581841,56.34,56.6,55.42,56.01,14653300,2026-01-27T03:44:52Z
PG,2006-05-09,32.36,32.46,32.17,32.28,20006572,56.5,56.67,56.17,56.36,11459800,2026-01-27T03:44:52Z
PG,2006-05-10,32.27,32.5,32.22,32.47,16790302,56.34,56.74,56.25,56.69,9617500,2026-01-27T03:44:52Z
PG,2006-05-11,31.88,32.45,31.8,32.45,21611329,55.65,56.65,55.51,56.65,12379000,2026-01-27T03:44:52Z
PG,2006-05-12,31.51,31.98,31.51,31.96,24247150,55.01,55.83,55.01,55.8,13888800,2026-01-27T03:44:52Z
PG,2006-05-15,31.83,31.91,30.96,31.33,20131567,55.57,55.7,54.05,54.69,11531400,2026-01-27T03:44:52Z
PG,2006-05-16,32.1,32.23,31.8,31.85,20050748,56.04,56.26,55.52,55.6,11485100,2026-01-27T03:44:52Z
PG,2006-05-17,31.69,32.03,31.65,31.82,17599643,55.33,55.92,55.25,55.56,10081100,2026-01-27T03:44:52Z
PG,2006-05-18,31.44,31.81,31.43,31.62,13569087,54.89,55.53,54.88,55.2,7772400,2026-01-27T03:44:52Z
PG,2006-05-19,31.02,31.5,30.79,31.5,28397796,54.15,55,53.75,54.99,16266300,2026-01-27T03:44:52Z
PG,2006-05-22,31.09,31.21,30.9,30.91,16075708,54.28,54.49,53.95,53.96,9208200,2026-01-27T03:44:52Z
PG,2006-05-23,31.21,31.5,30.97,31.11,16595428,54.49,54.99,54.06,54.31,9505900,2026-01-27T03:44:52Z
PG,2006-05-24,31.4,31.58,31.04,31.25,17455772,54.82,55.14,54.19,54.56,9998700,2026-01-27T03:44:52Z
PG,2006-05-25,31.65,31.66,31.42,31.58,14110651,55.26,55.28,54.86,55.13,8082600,2026-01-27T03:44:52Z
PG,2006-05-26,31.58,31.68,31.34,31.62,11247542,55.13,55.3,54.71,55.2,6442600,2026-01-27T03:44:52Z
PG,2006-05-30,31.15,31.52,31.12,31.38,12170028,54.38,55.02,54.33,54.78,6971000,2026-01-27T03:44:52Z
PG,2006-05-31,31.07,31.33,30.93,31.26,20293405,54.25,54.69,54,54.58,11624100,2026-01-27T03:44:52Z
PG,2006-06-01,31.21,31.22,30.95,31.13,12117995,54.48,54.51,54.03,54.35,6941200,2026-01-27T03:44:52Z
PG,2006-06-02,30.9,31.25,30.82,31.14,14974841,53.95,54.55,53.8,54.37,8577600,2026-01-27T03:44:52Z
PG,2006-06-05,30.46,30.95,30.4,30.82,13871813,53.18,54.04,53.07,53.8,7945800,2026-01-27T03:44:52Z
PG,2006-06-06,30.57,30.64,30.21,30.42,16042738,53.37,53.5,52.75,53.11,9189300,2026-01-27T03:44:52Z
PG,2006-06-07,30.5,31.01,30.45,30.7,14733877,53.24,54.13,53.16,53.6,8439600,2026-01-27T03:44:52Z
PG,2006-06-08,31.36,31.56,30.53,30.64,26329152,54.74,55.1,53.3,53.5,15081400,2026-01-27T03:44:52Z
PG,2006-06-09,31.19,31.5,30.99,31.23,13484095,54.45,55,54.11,54.52,7723700,2026-01-27T03:44:52Z
PG,2006-06-12,31.11,31.46,31.02,31.26,10342516,54.31,54.92,54.16,54.57,5924200,2026-01-27T03:44:52Z
PG,2006-06-13,31.01,31.65,30.99,31.11,18174908,54.13,55.25,54.1,54.32,10410600,2026-01-27T03:44:52Z
PG,2006-06-14,31.41,31.46,30.81,30.93,15288196,54.83,54.93,53.79,54,8757100,2026-01-27T03:44:52Z
PG,2006-06-15,31.44,31.56,30.91,31.49,14923166,54.88,55.09,53.97,54.97,8548000,2026-01-27T03:44:52Z
PG,2006-06-16,31.52,31.62,31.41,31.44,18835692,55.02,55.2,54.83,54.89,10789100,2026-01-27T03:44:52Z
PG,2006-06-19,31.43,32.08,31.33,32.06,19619548,54.87,56,54.7,55.98,11238100,2026-01-27T03:44:52Z
PG,2006-06-20,31.84,31.98,31.42,31.64,19863431,55.58,55.84,54.86,55.23,11377800,2026-01-27T03:44:52Z
PG,2006-06-21,31.97,32.19,31.77,31.8,15190767,55.82,56.19,55.46,55.52,8701300,2026-01-27T03:44:52Z
PG,2006-06-22,31.99,32.03,31.8,31.86,10687634,55.85,55.92,55.52,55.63,6121900,2026-01-27T03:44:52Z
PG,2006-06-23,31.92,32.17,31.79,31.82,12076445,55.73,56.16,55.5,55.56,6917400,2026-01-27T03:44:52Z
PG,2006-06-26,32.07,32.08,31.65,31.93,9807747,55.99,56,55.26,55.74,5617900,2026-01-27T03:44:52Z
PG,2006-06-27,31.93,32.08,31.62,31.65,12807920,55.75,56,55.2,55.25,7336400,2026-01-27T03:44:52Z
PG,2006-06-28,31.95,32.09,31.79,31.93,11326624,55.77,56.02,55.5,55.75,6487900,2026-01-27T03:44:52Z
PG,2006-06-29,32.64,32.65,31.97,32.21,18014070,56.99,57,55.82,56.24,10318500,2026-01-27T03:44:52Z
PG,2006-06-30,31.85,32.76,31.85,32.65,36930724,55.6,57.19,55.6,57,21154000,2026-01-27T03:44:52Z
PG,2006-07-03,32.25,32.31,32.09,32.09,8018316,56.3,56.41,56.02,56.02,4592900,2026-01-27T03:44:52Z
PG,2006-07-05,32.04,32.16,31.88,31.91,15967305,55.93,56.14,55.65,55.7,9146100,2026-01-27T03:44:52Z
PG,2006-07-06,32.33,32.51,32.04,32.06,12596703,56.45,56.75,55.94,55.97,7215400,2026-01-27T03:44:52Z
PG,2006-07-07,32.36,32.51,32.22,32.34,11931701,56.5,56.75,56.25,56.45,6834500,2026-01-27T03:44:52Z
PG,2006-07-10,32.64,32.72,32.32,32.32,11830636,56.98,57.13,56.43,56.43,6776600,2026-01-27T03:44:52Z
PG,2006-07-11,32.79,32.84,32.52,32.52,10656392,57.25,57.34,56.78,56.78,6104000,2026-01-27T03:44:52Z
PG,2006-07-12,32.43,32.84,32.37,32.79,12325558,56.61,57.33,56.51,57.25,7060100,2026-01-27T03:44:52Z
PG,2006-07-13,32.39,32.53,32.31,32.43,16077819,56.54,56.79,56.4,56.61,9209400,2026-01-27T03:44:52Z
PG,2006-07-14,31.88,32.28,31.65,32.24,15640862,55.66,56.36,55.25,56.29,8959100,2026-01-27T03:44:52Z
PG,2006-07-17,31.97,32.17,31.82,31.86,10766899,55.82,56.17,55.55,55.63,6167300,2026-01-27T03:44:52Z
PG,2006-07-18,31.97,32.03,31.68,31.88,12435392,55.81,55.92,55.3,55.65,7123000,2026-01-27T03:44:52Z
PG,2006-07-19,32.62,32.75,31.97,32.14,13781919,56.64,56.85,55.5,55.8,7938400,2026-01-27T03:44:52Z
PG,2006-07-20,32.61,32.83,32.36,32.49,9979501,56.61,56.99,56.18,56.41,5748200,2026-01-27T03:44:52Z
PG,2006-07-21,32.3,32.82,32.21,32.75,13913854,56.07,56.98,55.92,56.85,8014400,2026-01-27T03:44:52Z
PG,2006-07-24,32.77,32.83,32.34,32.46,7781944,56.9,56.99,56.15,56.35,4482400,2026-01-27T03:44:52Z
PG,2006-07-25,32.76,32.98,32.38,32.6,11634714,56.88,57.25,56.22,56.6,6701600,2026-01-27T03:44:52Z
PG,2006-07-26,32.64,32.7,32.44,32.63,12540768,56.67,56.77,56.31,56.65,7223500,2026-01-27T03:44:52Z
PG,2006-07-27,32.51,32.83,32.49,32.75,9674461,56.44,56.99,56.4,56.85,5572500,2026-01-27T03:44:52Z
PG,2006-07-28,32.72,32.97,32.64,32.76,10219952,56.81,57.23,56.66,56.87,5886700,2026-01-27T03:44:52Z
PG,2006-07-31,32.37,32.64,32.3,32.49,13140624,56.2,56.66,56.07,56.41,7569000,2026-01-27T03:44:52Z
PG,2006-08-01,32.22,32.3,32.08,32.26,10157459,55.93,56.07,55.7,56,5850700,2026-01-27T03:44:52Z
PG,2006-08-02,33.58,33.93,33.1,33.4,30741959,58.29,58.9,57.47,57.98,17707400,2026-01-27T03:44:52Z
PG,2006-08-03,34.24,34.38,33.48,33.67,21476563,59.45,59.69,58.13,58.46,12370500,2026-01-27T03:44:52Z
PG,2006-08-04,34.24,34.42,34.04,34.32,13695833,59.45,59.76,59.09,59.59,7888800,2026-01-27T03:44:52Z
PG,2006-08-07,34.21,34.26,33.89,34.06,11071842,59.4,59.47,58.84,59.14,6377400,2026-01-27T03:44:52Z
PG,2006-08-08,34.4,34.56,34.15,34.42,16179303,59.72,60,59.28,59.75,9319300,2026-01-27T03:44:52Z
PG,2006-08-09,34.3,34.55,34.22,34.45,9751719,59.54,59.98,59.4,59.8,5617000,2026-01-27T03:44:52Z
PG,2006-08-10,34.71,34.73,34.32,34.33,15015433,60.26,60.29,59.58,59.6,8648900,2026-01-27T03:44:52Z
PG,2006-08-11,34.71,34.82,34.44,34.55,14049462,60.26,60.45,59.79,59.99,8092500,2026-01-27T03:44:52Z
PG,2006-08-14,34.42,34.99,34.35,34.72,14009532,59.76,60.75,59.64,60.27,8069500,2026-01-27T03:44:52Z
PG,2006-08-15,34.81,34.92,34.62,34.7,12056750,60.44,60.62,60.1,60.25,6944700,2026-01-27T03:44:52Z
PG,2006-08-16,34.8,34.88,34.69,34.78,11467161,60.42,60.56,60.23,60.38,6605100,2026-01-27T03:44:52Z
PG,2006-08-17,34.76,34.93,34.64,34.64,11439562,60.34,60.64,60.14,60.14,6589200,2026-01-27T03:44:52Z
PG,2006-08-18,34.78,34.8,34.43,34.76,11918729,60.39,60.42,59.78,60.35,6865200,2026-01-27T03:44:52Z
PG,2006-08-21,35.01,35.1,34.72,34.73,9195306,60.78,60.93,60.28,60.3,5296500,2026-01-27T03:44:52Z
PG,2006-08-22,35.16,35.24,34.97,34.98,11322222,61.05,61.18,60.71,60.72,6521600,2026-01-27T03:44:52Z
PG,2006-08-23,35.09,35.4,34.98,35.08,8239564,60.92,61.45,60.73,60.9,4746000,2026-01-27T03:44:52Z
PG,2006-08-24,35.16,35.35,35.03,35.07,9281771,61.05,61.38,60.82,60.88,5346300,2026-01-27T03:44:52Z
PG,2006-08-25,35.06,35.23,35.03,35.04,7799982,60.87,61.17,60.82,60.83,4492800,2026-01-27T03:44:52Z
PG,2006-08-28,35.12,35.26,34.69,34.8,10848257,60.98,61.22,60.22,60.42,6248600,2026-01-27T03:44:52Z
PG,2006-08-29,35.25,35.36,35,35.14,8577753,61.2,61.39,60.76,61,4940800,2026-01-27T03:44:52Z
PG,2006-08-30,35.57,35.73,35.37,35.4,15273742,61.75,62.03,61.4,61.45,8797700,2026-01-27T03:44:52Z
PG,2006-08-31,35.65,35.73,35.45,35.46,11310038,61.9,62.03,61.55,61.57,6514600,2026-01-27T03:44:52Z
PG,2006-09-01,35.66,35.76,35.57,35.71,7174124,61.91,62.09,61.75,61.99,4132300,2026-01-27T03:44:52Z
PG,2006-09-05,35.46,35.53,35.24,35.42,10917870,61.56,61.69,61.19,61.5,6288700,2026-01-27T03:44:52Z
PG,2006-09-06,35.39,35.52,35.22,35.46,7978805,61.44,61.67,61.14,61.56,4595800,2026-01-27T03:44:52Z
PG,2006-09-07,35.44,35.73,35.33,35.65,12454854,61.53,62.03,61.34,61.89,7174000,2026-01-27T03:44:52Z
PG,2006-09-08,35.22,35.91,35.19,35.91,9940781,61.14,62.34,61.1,62.34,5725900,2026-01-27T03:44:52Z
PG,2006-09-11,35.67,35.77,35.19,35.19,15886247,61.92,62.1,61.09,61.1,9150500,2026-01-27T03:44:52Z
PG,2006-09-12,35.63,35.82,35.57,35.67,9768721,61.85,62.18,61.75,61.92,5626800,2026-01-27T03:44:52Z
PG,2006-09-13,34.88,35.63,34.8,35.61,19197896,60.56,61.85,60.42,61.83,11058000,2026-01-27T03:44:52Z
PG,2006-09-14,35,35.12,34.46,34.59,15553956,60.77,60.97,59.83,60.05,8959100,2026-01-27T03:44:52Z
PG,2006-09-15,35.08,35.57,35.08,35.19,30458075,60.9,61.75,60.9,61.1,17543900,2026-01-27T03:44:52Z
PG,2006-09-18,34.85,35.12,34.81,34.98,11590766,60.5,60.98,60.44,60.73,6676300,2026-01-27T03:44:52Z
PG,2006-09-19,35.08,35.1,34.68,34.74,12705019,60.91,60.93,60.21,60.32,7318100,2026-01-27T03:44:52Z
PG,2006-09-20,35.5,35.59,35,35.19,12148951,61.63,61.78,60.76,61.1,6997800,2026-01-27T03:44:52Z
PG,2006-09-21,35.56,35.72,35.38,35.6,17195631,61.74,62.02,61.43,61.81,9904700,2026-01-27T03:44:52Z
PG,2006-09-22,35.6,35.71,35.45,35.51,11797209,61.81,62,61.54,61.65,6795200,2026-01-27T03:44:52Z
PG,2006-09-25,35.88,36,35.46,35.46,14136260,62.29,62.5,61.56,61.57,8142500,2026-01-27T03:44:52Z
PG,2006-09-26,35.99,36.09,35.66,35.73,15527943,62.48,62.65,61.91,62.03,8944100,2026-01-27T03:44:52Z
PG,2006-09-27,36.13,36.2,35.92,35.99,14395825,62.73,62.85,62.36,62.48,8292000,2026-01-27T03:44:52Z
PG,2006-09-28,35.86,36.03,35.67,35.95,16284355,62.26,62.55,61.92,62.41,9379800,2026-01-27T03:44:52Z
PG,2006-09-29,35.7,36.11,35.7,35.79,12556416,61.98,62.69,61.98,62.13,7232500,2026-01-27T03:44:52Z
PG,2006-10-02,35.74,35.89,35.65,35.71,8215437,62.04,62.31,61.89,61.99,4732100,2026-01-27T03:44:52Z
PG,2006-10-03,35.88,36,35.65,35.65,15320790,62.3,62.5,61.89,61.89,8824800,2026-01-27T03:44:52Z
PG,2006-10-04,36.48,36.59,35.72,35.76,26119403,63.34,63.53,62.02,62.08,15044800,2026-01-27T03:44:52Z
PG,2006-10-05,36.59,36.71,36.41,36.42,14313857,63.52,63.74,63.21,63.23,8244800,2026-01-27T03:44:52Z
PG,2006-10-06,36.34,36.47,36.13,36.37,12278278,63.09,63.31,62.72,63.15,7072300,2026-01-27T03:44:52Z
PG,2006-10-09,36.2,36.31,36.14,36.16,6740432,62.85,63.04,62.74,62.78,3882500,2026-01-27T03:44:52Z
PG,2006-10-10,36.13,36.13,35.74,36.06,13350491,62.72,62.72,62.05,62.61,7689900,2026-01-27T03:44:52Z
PG,2006-10-11,35.99,36.1,35.78,35.87,8379335,62.48,62.67,62.12,62.28,4826500,2026-01-27T03:44:52Z
PG,2006-10-12,35.95,36.21,35.9,36.04,10298252,62.41,62.87,62.32,62.57,5931800,2026-01-27T03:44:52Z
PG,2006-10-13,35.79,35.82,35.51,35.8,12478812,62.13,62.19,61.65,62.16,7187800,2026-01-27T03:44:52Z
PG,2006-10-16,35.74,35.84,35.42,35.61,9101884,62.05,62.23,61.5,61.82,5242700,2026-01-27T03:44:52Z
PG,2006-10-17,35.86,35.99,35.58,35.59,11604135,62.25,62.48,61.77,61.79,6684000,2026-01-27T03:44:52Z
PG,2006-10-18,36.23,36.37,35.89,35.98,12986903,62.59,62.83,62,62.15,7517900,2026-01-27T03:44:52Z
PG,2006-10-19,36.18,36.22,35.97,36.06,9033946,62.5,62.56,62.14,62.29,5229600,2026-01-27T03:44:52Z
PG,2006-10-20,36.28,36.4,35.98,36.31,13821613,62.68,62.88,62.15,62.73,8001100,2026-01-27T03:44:52Z
PG,2006-10-23,36.63,36.74,36.03,36.05,12704437,63.28,63.47,62.25,62.28,7354400,2026-01-27T03:44:52Z
PG,2006-10-24,36.4,36.57,36.28,36.47,11884082,62.88,63.17,62.67,63,6879500,2026-01-27T03:44:52Z
PG,2006-10-25,36.54,36.7,36.37,36.46,10211040,63.13,63.4,62.82,62.98,5911000,2026-01-27T03:44:52Z
PG,2006-10-26,36.76,36.86,36.41,36.53,11100679,63.5,63.67,62.9,63.1,6426000,2026-01-27T03:44:52Z
PG,2006-10-27,36.79,36.96,36.56,36.65,12391797,63.56,63.84,63.15,63.31,7173400,2026-01-27T03:44:52Z
PG,2006-10-30,36.94,37.06,36.73,36.8,15178511,63.81,64.02,63.45,63.57,8786600,2026-01-27T03:44:52Z
PG,2006-10-31,36.7,36.78,36.01,36.01,25700007,63.39,63.53,62.21,62.21,14877300,2026-01-27T03:44:52Z
PG,2006-11-01,36.49,36.83,36.21,36.59,15343334,63.04,63.63,62.55,63.2,8882000,2026-01-27T03:44:52Z
PG,2006-11-02,36.63,36.7,36.33,36.38,14083647,63.27,63.39,62.76,62.84,8152800,2026-01-27T03:44:52Z
PG,2006-11-03,36.7,36.75,36.53,36.63,9498115,63.4,63.49,63.1,63.27,5498300,2026-01-27T03:44:52Z
PG,2006-11-06,36.79,36.9,36.54,36.6,16323508,63.56,63.75,63.12,63.23,9449400,2026-01-27T03:44:52Z
PG,2006-11-07,37.11,37.27,36.71,36.79,13468347,64.11,64.38,63.42,63.56,7796600,2026-01-27T03:44:52Z
PG,2006-11-08,37.07,37.25,37.01,37.12,16834820,64.04,64.35,63.94,64.13,9745400,2026-01-27T03:44:52Z
PG,2006-11-09,36.93,37.05,36.58,36.97,14169332,63.8,64,63.19,63.86,8202400,2026-01-27T03:44:52Z
PG,2006-11-10,36.87,37.05,36.67,37.02,11905497,63.7,64,63.35,63.96,6891900,2026-01-27T03:44:52Z
PG,2006-11-13,36.61,36.93,36.56,36.91,10421781,63.25,63.79,63.15,63.77,6033000,2026-01-27T03:44:52Z
PG,2006-11-14,36.59,36.7,36.32,36.57,13645937,63.2,63.39,62.74,63.18,7899400,2026-01-27T03:44:52Z
PG,2006-11-15,36.54,36.74,36.46,36.54,9603320,63.12,63.47,62.98,63.12,5559200,2026-01-27T03:44:52Z
PG,2006-11-16,36.77,36.94,36.47,36.63,8360227,63.52,63.81,63,63.27,4839600,2026-01-27T03:44:52Z
PG,2006-11-17,36.97,36.97,36.64,36.76,10795091,63.86,63.87,63.3,63.5,6249100,2026-01-27T03:44:52Z
PG,2006-11-20,36.87,37.03,36.83,36.99,7989170,63.69,63.97,63.63,63.9,4624800,2026-01-27T03:44:52Z
PG,2006-11-21,36.62,36.88,36.62,36.73,8835621,63.26,63.71,63.26,63.45,5114800,2026-01-27T03:44:52Z
PG,2006-11-22,36.84,36.84,36.5,36.63,7012281,63.64,63.64,63.06,63.27,4059300,2026-01-27T03:44:52Z
PG,2006-11-24,36.78,36.9,36.7,36.84,3952432,63.53,63.74,63.4,63.64,2288000,2026-01-27T03:44:52Z
PG,2006-11-27,36.38,36.67,36.2,36.57,12408174,62.84,63.35,62.53,63.17,7182900,2026-01-27T03:44:52Z
PG,2006-11-28,36.51,36.68,36.06,36.3,12344100,63.07,63.36,62.29,62.7,7145800,2026-01-27T03:44:52Z
PG,2006-11-29,36.59,36.61,36.23,36.44,9963842,63.21,63.24,62.59,62.95,5767900,2026-01-27T03:44:52Z
PG,2006-11-30,36.35,36.61,36.2,36.49,15567725,62.79,63.24,62.53,63.04,9011900,2026-01-27T03:44:52Z
PG,2006-12-01,36.29,36.53,36.01,36.48,11408860,62.69,63.1,62.21,63.01,6604400,2026-01-27T03:44:52Z
PG,2006-12-04,36.71,36.79,36.33,36.52,12237001,63.42,63.55,62.75,63.08,7083800,2026-01-27T03:44:52Z
PG,2006-12-05,36.76,37.02,36.64,36.71,10408135,63.51,63.96,63.3,63.42,6025100,2026-01-27T03:44:52Z
PG,2006-12-06,36.93,36.94,36.64,36.8,9583784,63.8,63.81,63.29,63.57,5547900,2026-01-27T03:44:52Z
PG,2006-12-07,36.93,37.07,36.86,37.02,12090850,63.8,64.04,63.68,63.95,6999200,2026-01-27T03:44:52Z
PG,2006-12-08,36.98,37.15,36.8,36.88,8111123,63.89,64.18,63.57,63.7,4695400,2026-01-27T03:44:52Z
PG,2006-12-11,36.97,37.07,36.82,36.88,6665242,63.87,64.03,63.6,63.7,3858400,2026-01-27T03:44:52Z
PG,2006-12-12,36.87,37.08,36.73,37,12130758,63.7,64.06,63.45,63.92,7022300,2026-01-27T03:44:52Z
PG,2006-12-13,36.7,37.02,36.61,36.89,10541158,63.4,63.95,63.25,63.73,6102100,2026-01-27T03:44:52Z
PG,2006-12-14,36.67,36.92,36.63,36.64,10106515,63.35,63.78,63.28,63.3,5850500,2026-01-27T03:44:52Z
PG,2006-12-15,37.11,37.19,36.68,36.75,19938737,64.11,64.24,63.37,63.49,11542200,2026-01-27T03:44:52Z
PG,2006-12-18,37.14,37.2,36.85,37.06,9966244,64.16,64.27,63.65,64.02,5769300,2026-01-27T03:44:52Z
PG,2006-12-19,37.27,37.31,36.88,36.89,10542193,64.39,64.45,63.7,63.72,6102700,2026-01-27T03:44:52Z
PG,2006-12-20,37.32,37.33,37.06,37.22,7735066,64.47,64.48,64.02,64.3,4477700,2026-01-27T03:44:52Z
PG,2006-12-21,37.08,37.34,37,37.22,10479480,64.05,64.5,63.92,64.3,6066400,2026-01-27T03:44:52Z
PG,2006-12-22,36.93,37.19,36.9,37.18,7584766,63.8,64.25,63.75,64.23,4390700,2026-01-27T03:44:52Z
PG,2006-12-26,37.16,37.2,36.82,36.86,6944408,64.19,64.27,63.6,63.67,4020000,2026-01-27T03:44:52Z
PG,2006-12-27,37.29,37.38,37.19,37.28,9063648,64.42,64.58,64.25,64.4,5246800,2026-01-27T03:44:52Z
PG,2006-12-28,37.33,37.41,37.12,37.15,6740390,64.48,64.62,64.12,64.17,3901900,2026-01-27T03:44:52Z
PG,2006-12-29,37.2,37.47,37.11,37.26,7638312,64.27,64.73,64.1,64.36,4421700,2026-01-27T03:44:52Z
PG,2007-01-03,37.36,37.43,36.88,36.89,16787290,64.54,64.66,63.7,63.72,9717900,2026-01-27T03:44:52Z
PG,2007-01-04,37.08,37.34,36.9,37.24,15048619,64.05,64.5,63.75,64.34,8711400,2026-01-27T03:44:52Z
PG,2007-01-05,36.76,37.05,36.67,36.97,17115534,63.5,64,63.34,63.87,9907900,2026-01-27T03:44:52Z
PG,2007-01-08,36.84,36.92,36.6,36.81,19119881,63.64,63.78,63.23,63.59,11068200,2026-01-27T03:44:52Z
PG,2007-01-09,36.75,36.93,36.53,36.7,18697729,63.48,63.8,63.11,63.39,10823800,2026-01-27T03:44:52Z
PG,2007-01-10,37.19,37.24,36.61,36.63,14060505,64.24,64.33,63.25,63.27,8139400,2026-01-27T03:44:52Z
PG,2007-01-11,37.42,37.51,37.11,37.14,11389174,64.64,64.8,64.1,64.16,6593000,2026-01-27T03:44:52Z
PG,2007-01-12,37.63,37.63,37.28,37.28,13654225,65,65,64.4,64.4,7904200,2026-01-27T03:44:52Z
PG,2007-01-16,37.63,37.63,37.47,37.58,17960622,65,65,64.72,64.91,10397100,2026-01-27T03:44:52Z
PG,2007-01-17,38.02,38.23,37.72,37.93,19605541,65.36,65.73,64.85,65.21,11403700,2026-01-27T03:44:52Z
PG,2007-01-18,38.12,38.19,37.04,37.95,14922712,65.54,65.65,63.68,65.25,8679900,2026-01-27T03:44:52Z
PG,2007-01-19,38.44,38.56,38.12,38.21,15888192,66.09,66.3,65.54,65.69,9241500,2026-01-27T03:44:52Z
PG,2007-01-22,38.23,38.41,37.9,38.36,16031439,65.72,66.03,65.16,65.95,9324800,2026-01-27T03:44:52Z
PG,2007-01-23,38.18,38.39,37.98,38.39,9908923,65.64,66,65.29,66,5763600,2026-01-27T03:44:52Z
PG,2007-01-24,38.1,38.24,37.87,38.13,10945440,65.51,65.74,65.1,65.55,6366500,2026-01-27T03:44:52Z
PG,2007-01-25,37.76,38.09,37.62,38.02,11691589,64.92,65.49,64.68,65.36,6800500,2026-01-27T03:44:52Z
PG,2007-01-26,37.73,37.89,37.52,37.81,11741447,64.86,65.14,64.5,65,6829500,2026-01-27T03:44:52Z
PG,2007-01-29,37.74,38.13,37.71,37.94,16260916,64.88,65.55,64.83,65.23,9458300,2026-01-27T03:44:52Z
PG,2007-01-30,37.57,37.69,37.04,37.47,20636518,64.59,64.79,63.68,64.41,12003400,2026-01-27T03:44:52Z
PG,2007-01-31,37.73,37.9,37.28,37.52,15358876,64.87,65.16,64.1,64.5,8933600,2026-01-27T03:44:52Z
PG,2007-02-01,38.01,38.09,37.62,37.75,13965090,65.34,65.49,64.68,64.9,8122900,2026-01-27T03:44:52Z
PG,2007-02-02,38.01,38.18,37.86,38.15,10967622,65.34,65.64,65.09,65.58,6379400,2026-01-27T03:44:52Z
PG,2007-02-05,37.9,38.05,37.77,37.88,10949567,65.15,65.42,64.93,65.12,6368900,2026-01-27T03:44:52Z
PG,2007-02-06,37.57,37.96,37.51,37.9,14342443,64.59,65.26,64.48,65.15,8342400,2026-01-27T03:44:52Z
PG,2007-02-07,37.51,37.78,37.43,37.7,11600291,64.48,64.95,64.35,64.82,6747400,2026-01-27T03:44:52Z
PG,2007-02-08,37.57,37.66,37.28,37.29,9943468,64.59,64.75,64.1,64.11,5783700,2026-01-27T03:44:52Z
PG,2007-02-09,37.48,37.7,37.35,37.57,9029538,64.43,64.82,64.22,64.59,5252100,2026-01-27T03:44:52Z
PG,2007-02-12,37.32,37.57,37.26,37.44,13778020,64.16,64.59,64.06,64.36,8014100,2026-01-27T03:44:52Z
PG,2007-02-13,37.64,37.66,37.26,37.32,15204635,64.71,64.74,64.06,64.16,8843900,2026-01-27T03:44:52Z
PG,2007-02-14,37.74,37.85,37.59,37.72,10262036,64.88,65.07,64.62,64.85,5969000,2026-01-27T03:44:52Z
PG,2007-02-15,37.8,38.04,37.69,37.69,8895445,64.99,65.4,64.8,64.8,5174100,2026-01-27T03:44:52Z
PG,2007-02-16,37.85,38.1,37.69,37.74,14025762,65.07,65.5,64.8,64.89,8158200,2026-01-27T03:44:52Z
PG,2007-02-20,37.74,37.85,37.44,37.66,15819249,64.88,65.07,64.36,64.75,9201400,2026-01-27T03:44:52Z
PG,2007-02-21,37.63,37.8,37.41,37.66,9723254,64.69,64.99,64.32,64.75,5655600,2026-01-27T03:44:52Z
PG,2007-02-22,37.64,37.65,37.41,37.51,10868411,64.71,64.73,64.31,64.48,6321700,2026-01-27T03:44:52Z
PG,2007-02-23,37.7,37.77,37.49,37.68,9518817,64.82,64.93,64.46,64.78,5536700,2026-01-27T03:44:52Z
PG,2007-02-26,37.48,37.8,37.41,37.61,11252845,64.44,64.99,64.32,64.66,6545300,2026-01-27T03:44:52Z
PG,2007-02-27,35.63,37.65,35.63,37.41,28413990,61.25,64.73,61.25,64.31,16527200,2026-01-27T03:44:52Z
PG,2007-02-28,36.93,37.09,36.21,36.35,29700151,63.49,63.77,62.25,62.5,17275300,2026-01-27T03:44:52Z
PG,2007-03-01,37.04,37.3,36.5,36.5,19332656,63.68,64.12,62.75,62.75,11245000,2026-01-27T03:44:52Z
PG,2007-03-02,36.74,37.06,36.47,36.85,15945805,63.16,63.71,62.7,63.35,9275000,2026-01-27T03:44:52Z
PG,2007-03-05,36.52,36.99,36.45,36.55,17028566,62.79,63.6,62.66,62.84,9904800,2026-01-27T03:44:52Z
PG,2007-03-06,36.61,36.69,36.33,36.64,20581883,62.94,63.07,62.45,63,11971600,2026-01-27T03:44:52Z
PG,2007-03-07,36.11,36.67,36.07,36.53,18262292,62.08,63.05,62.02,62.8,10622400,2026-01-27T03:44:52Z
PG,2007-03-08,36.24,36.34,35.99,36.23,15467512,62.31,62.48,61.87,62.29,8996800,2026-01-27T03:44:52Z
PG,2007-03-09,36.16,36.47,36.06,36.3,15807253,62.16,62.7,62,62.4,9194400,2026-01-27T03:44:52Z
PG,2007-03-12,36.12,36.3,36.05,36.12,10280452,62.09,62.4,61.98,62.09,5979700,2026-01-27T03:44:52Z
PG,2007-03-13,35.58,36.13,35.56,35.92,19394911,61.17,62.12,61.14,61.75,11281200,2026-01-27T03:44:52Z
PG,2007-03-14,35.69,35.82,35.14,35.69,18089687,61.36,61.59,60.42,61.35,10522000,2026-01-27T03:44:52Z
PG,2007-03-15,36.01,36.09,35.63,35.81,21853076,61.91,62.05,61.25,61.56,12711000,2026-01-27T03:44:52Z
PG,2007-03-16,35.84,36.16,35.76,36.14,21246020,61.61,62.16,61.48,62.14,12357900,2026-01-27T03:44:52Z
PG,2007-03-19,36.05,36.15,35.89,35.9,9707782,61.98,62.15,61.71,61.72,5646600,2026-01-27T03:44:52Z
PG,2007-03-20,36.23,36.26,35.95,36.05,11203164,62.28,62.34,61.8,61.98,6516400,2026-01-27T03:44:52Z
PG,2007-03-21,36.62,36.64,36.15,36.26,14721188,62.96,63,62.15,62.34,8562700,2026-01-27T03:44:52Z
PG,2007-03-22,37.14,37.17,36.76,36.94,25256807,63.85,63.9,63.2,63.5,14690800,2026-01-27T03:44:52Z
PG,2007-03-23,37.11,37.22,36.91,36.95,12174845,63.8,63.98,63.45,63.53,7081600,2026-01-27T03:44:52Z
PG,2007-03-26,37.17,37.18,36.8,36.99,12880093,63.9,63.92,63.27,63.6,7491800,2026-01-27T03:44:52Z
PG,2007-03-27,36.8,37.09,36.74,36.96,13821009,63.27,63.76,63.16,63.55,8039100,2026-01-27T03:44:52Z
PG,2007-03-28,36.65,36.92,36.45,36.92,12544818,63.01,63.48,62.66,63.48,7296800,2026-01-27T03:44:52Z
PG,2007-03-29,36.8,36.94,36.59,36.93,9225864,63.26,63.5,62.9,63.49,5366300,2026-01-27T03:44:52Z
PG,2007-03-30,36.74,36.88,36.06,36.71,14661201,63.16,63.4,62,63.11,8527800,2026-01-27T03:44:52Z
PG,2007-04-02,36.66,36.85,36.44,36.77,11147440,63.02,63.35,62.65,63.22,6484000,2026-01-27T03:44:52Z
PG,2007-04-03,36.59,36.9,36.49,36.77,19616332,62.9,63.44,62.74,63.22,11410000,2026-01-27T03:44:52Z
PG,2007-04-04,36.67,36.79,36.56,36.7,16724965,63.05,63.25,62.85,63.1,9728200,2026-01-27T03:44:52Z
PG,2007-04-05,36.64,36.75,36.53,36.53,11094164,63,63.18,62.81,62.81,6453000,2026-01-27T03:44:52Z
PG,2007-04-09,36.8,36.88,36.54,36.66,13222024,63.26,63.4,62.82,63.03,7690700,2026-01-27T03:44:52Z
PG,2007-04-10,36.77,36.96,36.71,36.78,11268477,63.21,63.54,63.11,63.24,6554400,2026-01-27T03:44:52Z
PG,2007-04-11,36.67,36.77,36.5,36.77,15645284,63.04,63.22,62.75,63.21,9100200,2026-01-27T03:44:52Z
PG,2007-04-12,36.95,36.99,36.59,36.66,13014698,63.52,63.59,62.9,63.03,7570100,2026-01-27T03:44:52Z
PG,2007-04-13,36.87,36.95,36.73,36.95,11257469,63.38,63.52,63.14,63.52,6548000,2026-01-27T03:44:52Z
PG,2007-04-16,37.07,37.11,36.81,36.94,14741334,63.73,63.8,63.29,63.5,8574400,2026-01-27T03:44:52Z
PG,2007-04-17,37.17,37.27,36.95,36.98,21223323,63.9,64.08,63.53,63.58,12344700,2026-01-27T03:44:52Z
PG,2007-04-18,37.09,37.17,36.87,37.02,14276092,63.76,63.9,63.39,63.65,8303800,2026-01-27T03:44:52Z
PG,2007-04-19,37.01,37.34,36.94,37.09,15198785,63.62,64.19,63.5,63.77,8840500,2026-01-27T03:44:52Z
PG,2007-04-20,37.11,37.23,36.93,37.22,32240922,63.8,64,63.49,63.99,18753200,2026-01-27T03:44:52Z
PG,2007-04-23,37.01,37.23,36.96,37.11,11611634,63.63,64,63.55,63.8,6754000,2026-01-27T03:44:52Z
PG,2007-04-24,37.07,37.08,36.51,36.92,17376907,63.73,63.74,62.77,63.48,10107400,2026-01-27T03:44:52Z
PG,2007-04-25,37.16,37.28,37.04,37.05,12521411,63.53,63.75,63.33,63.35,7323400,2026-01-27T03:44:52Z
PG,2007-04-26,36.84,37.13,36.8,37,15670517,62.99,63.48,62.92,63.26,9165200,2026-01-27T03:44:52Z
PG,2007-04-27,36.84,36.97,36.62,36.79,16661486,62.98,63.21,62.61,62.91,9744800,2026-01-27T03:44:52Z
PG,2007-04-30,37.67,37.87,37.05,37.06,32901868,64.4,64.75,63.35,63.36,19243300,2026-01-27T03:44:52Z
PG,2007-05-01,36.82,36.99,36.63,36.97,32222218,62.96,63.25,62.63,63.21,18845800,2026-01-27T03:44:52Z
PG,2007-05-02,36.48,36.97,36.44,36.97,33338730,62.37,63.21,62.31,63.21,19498800,2026-01-27T03:44:52Z
PG,2007-05-03,36.26,36.67,36.17,36.63,30383876,62,62.7,61.84,62.63,17770600,2026-01-27T03:44:52Z
PG,2007-05-04,36.5,36.54,36.12,36.41,21255513,62.41,62.47,61.75,62.25,12431700,2026-01-27T03:44:52Z
PG,2007-05-07,36.37,36.72,36.26,36.62,20730600,62.18,62.79,62,62.61,12124700,2026-01-27T03:44:52Z
PG,2007-05-08,36.12,36.24,35.97,36.16,28346316,61.75,61.97,61.5,61.83,16578900,2026-01-27T03:44:52Z
PG,2007-05-09,36.27,36.42,35.92,35.97,17986896,62.01,62.27,61.42,61.5,10520000,2026-01-27T03:44:52Z
PG,2007-05-10,35.96,36.29,35.7,36.27,24120954,61.49,62.05,61.04,62.01,14107600,2026-01-27T03:44:52Z
PG,2007-05-11,36.06,36.17,35.92,36.07,14497252,61.65,61.85,61.42,61.67,8479000,2026-01-27T03:44:52Z
PG,2007-05-14,36.1,36.2,36.01,36.12,14968785,61.72,61.9,61.56,61.75,8754800,2026-01-27T03:44:52Z
PG,2007-05-15,36.3,36.78,36.1,36.1,25400333,62.07,62.89,61.72,61.72,14855900,2026-01-27T03:44:52Z
PG,2007-05-16,37.03,37.2,36.33,36.44,27031282,63.32,63.61,62.11,62.3,15809800,2026-01-27T03:44:52Z
PG,2007-05-17,37.06,37.19,36.71,36.88,17249649,63.37,63.59,62.76,63.05,10088800,2026-01-27T03:44:52Z
PG,2007-05-18,37.13,37.68,36.99,37.14,28098589,63.48,64.43,63.25,63.5,16434000,2026-01-27T03:44:52Z
PG,2007-05-21,37,37.12,36.85,37.02,16584038,63.27,63.46,63.01,63.3,9699500,2026-01-27T03:44:52Z
PG,2007-05-22,36.85,37.03,36.73,36.85,16552913,63,63.32,62.8,63.01,9681300,2026-01-27T03:44:52Z
PG,2007-05-23,36.91,37.1,36.86,36.86,13141038,63.1,63.43,63.02,63.03,7685800,2026-01-27T03:44:52Z
PG,2007-05-24,36.77,37.08,36.75,37.06,15339295,62.87,63.4,62.83,63.36,8971500,2026-01-27T03:44:52Z
PG,2007-05-25,36.82,37.08,36.76,37.02,16141713,62.96,63.39,62.85,63.3,9440800,2026-01-27T03:44:52Z
PG,2007-05-29,37.23,37.32,36.79,36.79,16912978,63.65,63.81,62.9,62.91,9891900,2026-01-27T03:44:52Z
PG,2007-05-30,37.34,37.34,36.98,37.08,17638472,63.85,63.85,63.23,63.4,10316200,2026-01-27T03:44:52Z
PG,2007-05-31,37.17,37.38,37.03,37.28,14730278,63.55,63.92,63.32,63.75,8615300,2026-01-27T03:44:52Z
PG,2007-06-01,37.13,37.3,36.82,37.17,15432167,63.48,63.78,62.96,63.55,9025800,2026-01-27T03:44:52Z
PG,2007-06-04,36.96,37.14,36.76,37.12,19630534,63.19,63.5,62.85,63.46,11481300,2026-01-27T03:44:52Z
PG,2007-06-05,37.12,37.27,36.88,36.9,23048572,63.46,63.73,63.06,63.09,13480400,2026-01-27T03:44:52Z
PG,2007-06-06,36.96,37.2,36.95,37.05,16933179,63.19,63.6,63.17,63.35,9903700,2026-01-27T03:44:52Z
PG,2007-06-07,36.45,36.71,36.33,36.62,36213856,62.32,62.76,62.12,62.61,21180400,2026-01-27T03:44:52Z
PG,2007-06-08,36.89,36.96,36.37,36.47,26447794,63.07,63.2,62.18,62.36,15468500,2026-01-27T03:44:52Z
PG,2007-06-11,36.88,36.97,36.7,36.73,13882763,63.05,63.21,62.75,62.8,8119600,2026-01-27T03:44:52Z
PG,2007-06-12,36.36,36.85,36.35,36.67,17787551,62.16,63,62.16,62.7,10403400,2026-01-27T03:44:52Z
PG,2007-06-13,36.48,36.74,36.27,36.43,26520454,62.37,62.82,62.02,62.29,15511000,2026-01-27T03:44:52Z
PG,2007-06-14,36.51,36.61,36.32,36.43,18983697,62.42,62.6,62.1,62.29,11103000,2026-01-27T03:44:52Z
PG,2007-06-15,36.6,36.73,36.41,36.65,29332173,62.57,62.8,62.25,62.66,17155500,2026-01-27T03:44:52Z
PG,2007-06-18,36.13,36.55,36.1,36.55,26065466,61.77,62.5,61.72,62.5,15244900,2026-01-27T03:44:52Z
PG,2007-06-19,36.16,36.21,35.74,36.15,32986874,61.82,61.91,61.1,61.81,19293000,2026-01-27T03:44:52Z
PG,2007-06-20,36.23,36.55,36.16,36.16,31665881,61.94,62.49,61.82,61.82,18520400,2026-01-27T03:44:52Z
PG,2007-06-21,36.19,36.5,36.03,36.28,22489305,61.88,62.4,61.6,62.03,13153300,2026-01-27T03:44:52Z
PG,2007-06-22,35.69,36.24,35.67,36.19,33716909,61.03,61.97,60.99,61.88,19720000,2026-01-27T03:44:52Z
PG,2007-06-25,35.72,35.99,35.59,35.74,19988749,61.08,61.53,60.85,61.1,11690800,2026-01-27T03:44:52Z
PG,2007-06-26,35.79,36.02,35.67,35.79,25277408,61.19,61.59,60.99,61.2,14784000,2026-01-27T03:44:52Z
PG,2007-06-27,35.93,35.93,35.62,35.77,17911361,61.43,61.44,60.91,61.15,10475800,2026-01-27T03:44:52Z
PG,2007-06-28,35.89,36.15,35.71,36.03,15791382,61.36,61.8,61.05,61.6,9235900,2026-01-27T03:44:52Z
PG,2007-06-29,35.79,36.09,35.54,35.94,20491559,61.19,61.7,60.76,61.45,11984900,2026-01-27T03:44:52Z
PG,2007-07-02,36.11,36.15,35.88,35.88,16873310,61.74,61.8,61.35,61.35,9868700,2026-01-27T03:44:52Z
PG,2007-07-03,36.14,36.2,35.94,35.94,8705700,61.79,61.9,61.45,61.45,5091700,2026-01-27T03:44:52Z
PG,2007-07-05,36.07,36.22,35.91,36.22,20313250,61.67,61.93,61.4,61.93,11880600,2026-01-27T03:44:52Z
PG,2007-07-06,35.96,36.05,35.88,35.97,14015253,61.48,61.63,61.35,61.5,8197100,2026-01-27T03:44:52Z
PG,2007-07-09,35.98,36.07,35.92,35.96,20643049,61.52,61.67,61.41,61.48,12073500,2026-01-27T03:44:52Z
PG,2007-07-10,35.69,36.09,35.68,35.99,21676108,61.03,61.7,61.01,61.54,12677700,2026-01-27T03:44:52Z
PG,2007-07-11,36,36.07,35.61,35.71,20614151,61.56,61.67,60.89,61.06,12056600,2026-01-27T03:44:52Z
PG,2007-07-12,36.81,36.84,36.01,36.01,30023568,62.93,62.99,61.56,61.57,17559900,2026-01-27T03:44:52Z
PG,2007-07-13,36.65,36.85,36.41,36.61,20528353,62.66,63,62.25,62.59,12006400,2026-01-27T03:44:52Z
PG,2007-07-16,36.93,37.14,36.38,36.47,22010213,63.15,63.5,62.2,62.36,12873100,2026-01-27T03:44:52Z
PG,2007-07-17,36.66,37.12,36.66,36.87,23556379,62.68,63.46,62.68,63.04,13777400,2026-01-27T03:44:52Z
PG,2007-07-18,36.81,37.04,36.48,36.7,18814779,62.59,62.98,62.02,62.4,11066000,2026-01-27T03:44:52Z
PG,2007-07-19,36.93,37.13,36.75,36.75,14816353,62.79,63.13,62.48,62.48,8714300,2026-01-27T03:44:52Z
PG,2007-07-20,36.55,36.99,36.52,36.61,20756114,62.15,62.89,62.1,62.24,12207800,2026-01-27T03:44:52Z
PG,2007-07-23,37.25,37.47,36.64,36.64,16283138,63.34,63.71,62.29,62.29,9577000,2026-01-27T03:44:52Z
PG,2007-07-24,37.03,37.87,36.79,36.8,25152407,62.96,64.38,62.55,62.57,14793500,2026-01-27T03:44:52Z
PG,2007-07-25,37.04,37.39,36.81,37.01,23092444,62.98,63.57,62.59,62.92,13581900,2026-01-27T03:44:52Z
PG,2007-07-26,36.79,37.53,36.64,36.65,37511109,62.56,63.81,62.3,62.32,22062300,2026-01-27T03:44:52Z
PG,2007-07-27,36.95,37.3,36.64,36.67,28690810,62.82,63.41,62.3,62.35,16874600,2026-01-27T03:44:52Z
PG,2007-07-30,37.21,37.37,36.49,36.77,25304088,63.27,63.54,62.05,62.51,14882700,2026-01-27T03:44:52Z
PG,2007-07-31,36.38,37.16,36.31,37.09,26303998,61.86,63.19,61.74,63.06,15470800,2026-01-27T03:44:52Z
PG,2007-08-01,37.15,37.34,36.17,36.18,25201906,63.16,63.49,61.5,61.52,14822600,2026-01-27T03:44:52Z
PG,2007-08-02,37.23,37.4,36.84,37.08,20196268,63.3,63.59,62.64,63.05,11878500,2026-01-27T03:44:52Z
PG,2007-08-03,36.98,37.45,36.67,37.2,34577190,62.88,63.68,62.34,63.25,20336700,2026-01-27T03:44:52Z
PG,2007-08-06,38.23,38.23,37.02,37.05,31596664,65,65,62.95,63,18583700,2026-01-27T03:44:52Z
PG,2007-08-07,38.37,38.7,37.78,37.78,32691598,65.23,65.79,64.23,64.23,19227700,2026-01-27T03:44:52Z
PG,2007-08-08,38.32,38.67,37.99,38.44,23438089,65.16,65.75,64.6,65.35,13785200,2026-01-27T03:44:52Z
PG,2007-08-09,38.21,39.26,37.64,37.65,33224094,64.97,66.75,64,64.01,19540900,2026-01-27T03:44:52Z
PG,2007-08-10,38.46,38.75,37.81,37.82,29303371,65.39,65.89,64.28,64.31,17234900,2026-01-27T03:44:52Z
PG,2007-08-13,37.81,38.47,37.65,38.35,26148621,64.28,65.4,64.01,65.2,15379400,2026-01-27T03:44:52Z
PG,2007-08-14,37.48,37.91,37.36,37.78,18581515,63.72,64.45,63.52,64.23,10928800,2026-01-27T03:44:52Z
PG,2007-08-15,37.34,38.11,37.25,37.61,20678946,63.48,64.8,63.34,63.95,12162400,2026-01-27T03:44:52Z
PG,2007-08-16,37.66,38.11,36.78,36.78,38444861,64.03,64.79,62.53,62.53,22611500,2026-01-27T03:44:52Z
PG,2007-08-17,38.44,38.49,37.74,38.17,33932065,65.35,65.45,64.17,64.9,19957300,2026-01-27T03:44:52Z
PG,2007-08-20,38.24,38.7,38.06,38.32,16184533,65.01,65.8,64.72,65.15,9519000,2026-01-27T03:44:52Z
PG,2007-08-21,37.91,38.22,37.77,38.02,16570153,64.46,64.98,64.21,64.65,9745800,2026-01-27T03:44:52Z
PG,2007-08-22,38.08,38.3,37.87,38.16,16322930,64.74,65.11,64.39,64.88,9600400,2026-01-27T03:44:52Z
PG,2007-08-23,38.25,38.34,37.96,38.22,18212254,65.04,65.18,64.54,64.99,10711600,2026-01-27T03:44:52Z
PG,2007-08-24,38.78,38.79,38.29,38.41,14446554,65.93,65.95,65.1,65.31,8496800,2026-01-27T03:44:52Z
PG,2007-08-27,38.37,38.66,38.18,38.62,13252137,65.23,65.74,64.91,65.67,7794300,2026-01-27T03:44:52Z
PG,2007-08-28,38.05,38.45,37.76,38.32,18410465,64.7,65.38,64.2,65.15,10828200,2026-01-27T03:44:52Z
PG,2007-08-29,38.3,38.38,37.94,38.16,15090432,65.12,65.26,64.5,64.89,8875500,2026-01-27T03:44:52Z
PG,2007-08-30,38.24,38.41,37.94,38.12,14107185,65.01,65.31,64.51,64.81,8297200,2026-01-27T03:44:52Z
PG,2007-08-31,38.41,38.59,38.16,38.31,14269915,65.31,65.61,64.88,65.13,8392900,2026-01-27T03:44:52Z
PG,2007-09-04,38.49,38.55,38.16,38.25,14976679,65.45,65.54,64.89,65.04,8808600,2026-01-27T03:44:52Z
PG,2007-09-05,38.5,38.61,38.19,38.45,15265034,65.46,65.65,64.93,65.38,8978200,2026-01-27T03:44:52Z
PG,2007-09-06,38.88,38.98,38.28,38.31,18897413,66.11,66.28,65.09,65.14,11114600,2026-01-27T03:44:52Z
PG,2007-09-07,38.51,39.01,38.47,38.64,19537761,65.47,66.33,65.4,65.69,11491200,2026-01-27T03:44:52Z
PG,2007-09-10,38.76,38.88,38.48,38.55,15001192,65.9,66.1,65.43,65.55,8823000,2026-01-27T03:44:52Z
PG,2007-09-11,39.4,39.41,38.73,38.99,21171855,66.99,67,65.85,66.29,12452300,2026-01-27T03:44:52Z
PG,2007-09-12,39.59,39.64,39.14,39.35,16307141,67.31,67.4,66.54,66.9,9591100,2026-01-27T03:44:52Z
PG,2007-09-13,39.68,39.83,39.5,39.59,14532066,67.46,67.72,67.16,67.32,8547100,2026-01-27T03:44:52Z
PG,2007-09-14,39.88,39.91,39.37,39.41,14145622,67.81,67.85,66.94,67,8319800,2026-01-27T03:44:52Z
PG,2007-09-17,39.97,40.16,39.56,39.69,17481630,67.95,68.29,67.26,67.49,10281900,2026-01-27T03:44:52Z
PG,2007-09-18,40.39,40.62,39.93,40.16,26333079,68.68,69.07,67.89,68.29,15487900,2026-01-27T03:44:52Z
PG,2007-09-19,40.46,40.58,40.05,40.55,25562362,68.79,69,68.1,68.95,15034600,2026-01-27T03:44:52Z
PG,2007-09-20,40.57,40.77,40.26,40.28,15378951,68.98,69.32,68.45,68.49,9045200,2026-01-27T03:44:52Z
PG,2007-09-21,40.81,41.14,40.57,40.98,27348624,69.39,69.94,68.98,69.67,16085200,2026-01-27T03:44:52Z
PG,2007-09-24,41.05,41.17,40.64,40.77,19752674,69.8,70,69.1,69.32,11617600,2026-01-27T03:44:52Z
PG,2007-09-25,41.08,41.37,40.82,40.82,16739136,69.85,70.34,69.4,69.4,9845200,2026-01-27T03:44:52Z
PG,2007-09-26,41.47,41.6,40.97,41.12,17837861,70.51,70.73,69.66,69.91,10491400,2026-01-27T03:44:52Z
PG,2007-09-27,41.23,41.55,41.07,41.47,14653983,70.1,70.65,69.83,70.51,8618800,2026-01-27T03:44:52Z
PG,2007-09-28,41.37,41.46,41.12,41.14,16573230,70.34,70.49,69.91,69.95,9747600,2026-01-27T03:44:52Z
PG,2007-10-01,41.71,41.76,41.41,41.43,19553042,70.91,71,70.4,70.44,11500200,2026-01-27T03:44:52Z
PG,2007-10-02,41.6,41.76,41.38,41.67,15925264,70.73,71,70.35,70.85,9366500,2026-01-27T03:44:52Z
PG,2007-10-03,41.41,41.68,41.31,41.59,14788143,70.41,70.87,70.23,70.72,8697700,2026-01-27T03:44:52Z
PG,2007-10-04,41.66,41.8,41.29,41.29,19883590,70.83,71.07,70.2,70.2,11694600,2026-01-27T03:44:52Z
PG,2007-10-05,41.66,41.95,41.51,41.7,17488977,70.83,71.32,70.58,70.9,10286200,2026-01-27T03:44:52Z
PG,2007-10-08,41.59,41.71,41.2,41.2,10280972,70.71,70.92,70.05,70.05,6046800,2026-01-27T03:44:52Z
PG,2007-10-09,41.81,41.97,41.47,41.87,14038496,71.08,71.35,70.5,71.18,8256800,2026-01-27T03:44:52Z
PG,2007-10-10,41.99,42.2,41.84,41.85,13125472,71.4,71.75,71.13,71.15,7719800,2026-01-27T03:44:52Z
PG,2007-10-11,42.21,42.34,42,42.14,15649306,71.77,71.98,71.41,71.65,9204200,2026-01-27T03:44:52Z
PG,2007-10-12,42.17,42.35,42.11,42.31,13959961,71.7,72,71.6,71.93,8210600,2026-01-27T03:44:52Z
PG,2007-10-15,41.76,42.29,41.56,42.14,13998896,71,71.9,70.67,71.65,8233500,2026-01-27T03:44:52Z
PG,2007-10-16,41.65,42.08,41.49,41.75,16386341,70.82,71.55,70.54,70.98,9637700,2026-01-27T03:44:52Z
PG,2007-10-17,41.72,41.87,41.55,41.75,20055992,70.59,70.84,70.3,70.64,11854600,2026-01-27T03:44:52Z
PG,2007-10-18,41.91,41.97,41.67,41.7,13669844,70.9,71,70.5,70.55,8079900,2026-01-27T03:44:52Z
PG,2007-10-19,41.85,42.28,41.74,41.97,27034987,70.8,71.53,70.61,71,15979700,2026-01-27T03:44:52Z
PG,2007-10-22,42,42.04,41.68,41.73,15295516,71.06,71.12,70.51,70.6,9040800,2026-01-27T03:44:52Z
PG,2007-10-23,42.12,42.18,41.75,42.07,13035065,71.26,71.36,70.64,71.17,7704700,2026-01-27T03:44:52Z
PG,2007-10-24,42.19,42.26,41.75,42.06,17081263,71.38,71.49,70.63,71.16,10096300,2026-01-27T03:44:52Z
PG,2007-10-25,42.17,42.37,42.05,42.09,17605380,71.35,71.68,71.14,71.21,10406100,2026-01-27T03:44:52Z
PG,2007-10-26,42.41,42.42,42.04,42.32,15767892,71.75,71.76,71.12,71.6,9320000,2026-01-27T03:44:52Z
PG,2007-10-29,42.46,42.67,42.32,42.53,19421739,71.83,72.19,71.6,71.95,11479700,2026-01-27T03:44:52Z
PG,2007-10-30,40.75,41.32,40.13,41.1,43647950,68.95,69.9,67.9,69.53,25799200,2026-01-27T03:44:52Z
PG,2007-10-31,41.09,41.31,40.81,40.99,23930145,69.52,69.89,69.04,69.35,14144500,2026-01-27T03:44:52Z
PG,2007-11-01,40.54,41.29,40.54,40.91,25554814,68.59,69.85,68.59,69.22,15104800,2026-01-27T03:44:52Z
PG,2007-11-02,41.11,41.23,40.7,40.81,19367916,69.55,69.76,68.86,69.05,11447900,2026-01-27T03:44:52Z
PG,2007-11-05,41.48,41.92,41.01,41.02,21553918,70.18,70.92,69.38,69.39,12740000,2026-01-27T03:44:52Z
PG,2007-11-06,41.65,41.75,41.42,41.61,14775944,70.47,70.64,70.07,70.4,8733700,2026-01-27T03:44:52Z
PG,2007-11-07,41.03,41.95,40.92,41.63,20087989,69.42,70.98,69.23,70.44,11873500,2026-01-27T03:44:52Z
PG,2007-11-08,41.87,41.98,40.84,41.23,24425128,70.84,71.02,69.1,69.76,14437100,2026-01-27T03:44:52Z
PG,2007-11-09,41.62,41.97,41.55,41.7,20131116,70.42,71,70.3,70.55,11899000,2026-01-27T03:44:52Z
PG,2007-11-12,41.83,42.25,41.58,41.63,18261293,70.77,71.48,70.35,70.44,10793800,2026-01-27T03:44:52Z
PG,2007-11-13,42.3,42.42,41.83,42.12,20749669,71.57,71.76,70.77,71.26,12264600,2026-01-27T03:44:52Z
PG,2007-11-14,42.29,42.7,42.08,42.55,20145162,71.54,72.25,71.2,71.98,11907300,2026-01-27T03:44:52Z
PG,2007-11-15,42.46,42.85,42.15,42.2,17941892,71.83,72.49,71.31,71.4,10605000,2026-01-27T03:44:52Z
PG,2007-11-16,43.26,43.3,42.65,42.83,25624318,73.19,73.25,72.15,72.46,15145900,2026-01-27T03:44:52Z
PG,2007-11-19,43.04,43.32,42.72,43.07,19181821,72.82,73.29,72.28,72.87,11337900,2026-01-27T03:44:52Z
PG,2007-11-20,43.27,43.65,42.83,43.14,21606396,73.21,73.85,72.46,72.98,12771000,2026-01-27T03:44:52Z
PG,2007-11-21,42.71,43.62,42.61,43.18,17564091,72.26,73.8,72.09,73.05,10381700,2026-01-27T03:44:52Z
PG,2007-11-23,43.07,43.1,42.73,43.08,7769746,72.86,72.92,72.3,72.88,4592500,2026-01-27T03:44:52Z
PG,2007-11-26,42.67,43.47,42.51,43.15,23112297,72.19,73.55,71.92,73,13661100,2026-01-27T03:44:52Z
PG,2007-11-27,43.23,43.52,42.72,42.98,22146604,73.13,73.62,72.27,72.71,13090300,2026-01-27T03:44:52Z
PG,2007-11-28,43.69,43.76,42.87,43.14,23074373,73.91,74.04,72.52,72.99,13638700,2026-01-27T03:44:52Z
PG,2007-11-29,43.83,43.92,43.35,43.63,13329783,74.15,74.3,73.35,73.82,7878900,2026-01-27T03:44:52Z
PG,2007-11-30,43.74,44.09,43.35,44.09,23321040,74,74.6,73.35,74.6,13784500,2026-01-27T03:44:52Z
PG,2007-12-03,43.46,43.89,43.28,43.74,15287749,73.52,74.25,73.22,74,9036200,2026-01-27T03:44:52Z
PG,2007-12-04,43.32,43.62,43.17,43.28,15540492,73.29,73.8,73.04,73.23,9185600,2026-01-27T03:44:52Z
PG,2007-12-05,43.63,43.79,43.09,43.53,16381318,73.81,74.08,72.91,73.65,9682600,2026-01-27T03:44:52Z
PG,2007-12-06,43.85,43.88,43.44,43.61,14329127,74.18,74.24,73.49,73.78,8469600,2026-01-27T03:44:52Z
PG,2007-12-07,43.81,44.22,43.77,43.88,13013908,74.12,74.82,74.06,74.24,7692200,2026-01-27T03:44:52Z
PG,2007-12-10,43.93,44.09,43.79,43.84,11033456,74.33,74.6,74.08,74.17,6521600,2026-01-27T03:44:52Z
PG,2007-12-11,43.65,44.28,43.6,44.09,22480044,73.84,74.91,73.76,74.59,13287400,2026-01-27T03:44:52Z
PG,2007-12-12,44.14,44.44,43.88,44.12,23088930,74.67,75.18,74.23,74.65,13647300,2026-01-27T03:44:52Z
PG,2007-12-13,43.98,44.33,43.8,44.01,17880463,74.4,75,74.1,74.45,10568700,2026-01-27T03:44:52Z
PG,2007-12-14,43.68,44.03,43.65,43.96,23090271,73.9,74.5,73.85,74.37,13648100,2026-01-27T03:44:52Z
PG,2007-12-17,43.29,43.7,43.2,43.58,22448607,73.24,73.94,73.09,73.73,13268800,2026-01-27T03:44:52Z
PG,2007-12-18,43.05,43.53,42.87,43.53,18156917,72.84,73.65,72.52,73.65,10732100,2026-01-27T03:44:52Z
PG,2007-12-19,43.14,43.52,42.95,43.02,13820566,72.98,73.62,72.66,72.78,8169000,2026-01-27T03:44:52Z
PG,2007-12-20,43.26,43.44,43.15,43.37,12455604,73.19,73.49,73,73.38,7362200,2026-01-27T03:44:52Z
PG,2007-12-21,43.79,43.94,43.35,43.39,27368461,74.08,74.33,73.34,73.41,16176800,2026-01-27T03:44:52Z
PG,2007-12-24,43.7,44,43.56,43.76,4782809,73.94,74.44,73.7,74.03,2827000,2026-01-27T03:44:52Z
PG,2007-12-26,43.76,43.86,43.6,43.68,10884911,74.04,74.2,73.77,73.9,6433800,2026-01-27T03:44:52Z
PG,2007-12-27,43.67,43.89,43.52,43.62,11675853,73.89,74.26,73.62,73.8,6901300,2026-01-27T03:44:52Z
PG,2007-12-28,43.89,44.03,43.63,43.77,11230221,74.25,74.49,73.82,74.06,6637900,2026-01-27T03:44:52Z
PG,2007-12-31,43.4,43.89,43.28,43.89,13529085,73.42,74.26,73.23,74.25,7996700,2026-01-27T03:44:52Z
PG,2008-01-02,42.74,43.5,42.48,43.5,20733932,72.31,73.59,71.87,73.59,12255300,2026-01-27T03:44:52Z
PG,2008-01-03,42.74,43.34,42.56,42.8,18885603,72.31,73.33,72,72.41,11162800,2026-01-27T03:44:52Z
PG,2008-01-04,42.57,43.14,42.38,42.38,17001235,72.02,72.99,71.7,71.7,10049000,2026-01-27T03:44:52Z
PG,2008-01-07,42.85,42.95,42.5,42.7,20159889,72.49,72.67,71.9,72.24,11916000,2026-01-27T03:44:52Z
PG,2008-01-08,42.96,43.63,42.56,42.97,29047265,72.68,73.81,72,72.7,17169100,2026-01-27T03:44:52Z
PG,2008-01-09,42.88,43.5,42.59,42.88,25166677,72.54,73.6,72.06,72.54,14875400,2026-01-27T03:44:52Z
PG,2008-01-10,42.84,43.06,42.6,42.6,22061000,72.48,72.85,72.07,72.07,13039700,2026-01-27T03:44:52Z
PG,2008-01-11,41.48,42.73,41.38,42.73,30531617,70.18,72.3,70.01,72.3,18046500,2026-01-27T03:44:52Z
PG,2008-01-14,41.55,41.9,41.38,41.86,22240474,70.29,70.89,70.01,70.82,13145800,2026-01-27T03:44:52Z
PG,2008-01-15,41.2,41.84,40.92,41.38,21419630,69.7,70.79,69.23,70,12660600,2026-01-27T03:44:52Z
PG,2008-01-16,40.9,41.56,40.85,41.14,25143642,68.84,69.96,68.77,69.25,14936800,2026-01-27T03:44:52Z
PG,2008-01-17,40.44,41.26,40.31,40.96,25470426,68.07,69.46,67.85,68.95,15130900,2026-01-27T03:44:52Z
PG,2008-01-18,39.89,40.78,39.62,40.63,30257986,67.15,68.65,66.7,68.4,17975000,2026-01-27T03:44:52Z
PG,2008-01-22,38.69,39.17,37.31,38.13,43154196,65.13,65.93,62.81,64.19,25636100,2026-01-27T03:44:52Z
PG,2008-01-23,39.35,39.51,37.27,37.27,31123897,66.24,66.5,62.74,62.74,18489400,2026-01-27T03:44:52Z
PG,2008-01-24,39.3,39.67,38.82,39.59,20245348,66.15,66.78,65.35,66.64,12026900,2026-01-27T03:44:52Z
PG,2008-01-25,38.8,39.7,38.79,39.7,21884072,65.31,66.83,65.29,66.83,13000400,2026-01-27T03:44:52Z
PG,2008-01-28,38.79,39.03,38.55,38.93,21662166,65.29,65.7,64.9,65.53,12868600,2026-01-27T03:44:52Z
PG,2008-01-29,38.42,38.97,38.41,38.95,21350593,64.68,65.6,64.65,65.57,12683500,2026-01-27T03:44:52Z
PG,2008-01-30,38.67,39.17,38.38,38.44,20645982,65.09,65.93,64.6,64.7,12264900,2026-01-27T03:44:52Z
PG,2008-01-31,38.86,39.18,37.89,37.9,33462198,65.42,65.95,63.78,63.79,19878500,2026-01-27T03:44:52Z
PG,2008-02-01,39.24,39.61,38.88,39.3,20480341,66.05,66.68,65.44,66.15,12166500,2026-01-27T03:44:52Z
PG,2008-02-04,39.3,39.81,39.3,39.54,17410773,66.15,67.02,66.15,66.56,10343000,2026-01-27T03:44:52Z
PG,2008-02-05,38.64,39.39,38.6,39.24,24022252,65.04,66.31,64.98,66.06,14270600,2026-01-27T03:44:52Z
PG,2008-02-06,38.8,38.89,38.5,38.63,23297067,65.31,65.46,64.81,65.02,13839800,2026-01-27T03:44:52Z
PG,2008-02-07,39.07,39.41,38.66,38.66,27266355,65.77,66.34,65.08,65.08,16197800,2026-01-27T03:44:52Z
PG,2008-02-08,38.63,39.06,38.52,38.94,15606198,65.02,65.75,64.85,65.55,9271000,2026-01-27T03:44:52Z
PG,2008-02-11,39.21,39.23,38.45,38.56,17393599,66,66.03,64.73,64.91,10332800,2026-01-27T03:44:52Z
PG,2008-02-12,39.9,40.04,39.26,39.46,18697472,67.16,67.4,66.08,66.43,11107400,2026-01-27T03:44:52Z
PG,2008-02-13,39.8,40.24,39.66,40.03,18603732,67,67.74,66.77,67.39,11051700,2026-01-27T03:44:52Z
PG,2008-02-14,39.58,40.07,39.36,39.88,18436070,66.63,67.45,66.26,67.14,10952100,2026-01-27T03:44:52Z
PG,2008-02-15,39.39,39.74,39.3,39.58,19787770,66.3,66.9,66.15,66.63,11755100,2026-01-27T03:44:52Z
PG,2008-02-19,39.39,39.76,39.27,39.76,17513435,66.31,66.93,66.1,66.93,10404000,2026-01-27T03:44:52Z
PG,2008-02-20,39.31,39.34,38.98,39.3,18253108,66.17,66.23,65.62,66.15,10843400,2026-01-27T03:44:52Z
PG,2008-02-21,39.18,39.4,39.08,39.37,20084552,65.96,66.33,65.79,66.27,11931400,2026-01-27T03:44:52Z
PG,2008-02-22,39.33,39.45,38.82,39.32,18751863,66.21,66.4,65.35,66.19,11139700,2026-01-27T03:44:52Z
PG,2008-02-25,39.61,39.91,39.24,39.28,19997534,66.68,67.18,66.05,66.12,11879700,2026-01-27T03:44:52Z
PG,2008-02-26,40.21,40.35,39.42,39.51,18953848,67.68,67.92,66.35,66.5,11259700,2026-01-27T03:44:52Z
PG,2008-02-27,39.93,40.18,39.81,39.88,19812561,67.21,67.64,67.01,67.14,11769800,2026-01-27T03:44:52Z
PG,2008-02-28,39.78,39.86,39.57,39.66,18768015,66.97,67.1,66.61,66.76,11149300,2026-01-27T03:44:52Z
PG,2008-02-29,39.31,39.78,39.23,39.53,24644369,66.18,66.96,66.04,66.55,14640200,2026-01-27T03:44:52Z
PG,2008-03-03,39.42,39.44,38.93,39.3,19473663,66.35,66.39,65.53,66.15,11568500,2026-01-27T03:44:52Z
PG,2008-03-04,39.24,39.36,38.93,39.18,27775594,66.05,66.25,65.53,65.95,16500300,2026-01-27T03:44:52Z
PG,2008-03-05,39.62,39.9,39.24,39.38,19685771,66.7,67.16,66.05,66.29,11694500,2026-01-27T03:44:52Z
PG,2008-03-06,39.51,39.74,39.4,39.51,16762504,66.51,66.89,66.32,66.5,9957900,2026-01-27T03:44:52Z
PG,2008-03-07,39.09,39.41,39.01,39.28,23152463,65.8,66.34,65.67,66.12,13753900,2026-01-27T03:44:52Z
PG,2008-03-10,39.07,39.16,38.96,39.06,23186429,65.76,65.92,65.58,65.75,13774100,2026-01-27T03:44:52Z
PG,2008-03-11,39.6,39.65,39.09,39.09,23852054,66.66,66.75,65.81,65.81,14169500,2026-01-27T03:44:52Z
PG,2008-03-12,39.83,40.18,39.59,39.59,16229371,67.04,67.63,66.64,66.64,9641200,2026-01-27T03:44:52Z
PG,2008-03-13,40.02,40.18,39.56,39.71,27280801,67.36,67.63,66.59,66.84,16206400,2026-01-27T03:44:52Z
PG,2008-03-14,39.65,40.22,39.21,40.22,32460659,66.74,67.71,66,67.71,19283500,2026-01-27T03:44:52Z
PG,2008-03-17,39.83,40.19,39.21,39.21,28728836,67.05,67.65,66,66,17066600,2026-01-27T03:44:52Z
PG,2008-03-18,40.72,40.72,39.89,40.28,24712928,68.54,68.54,67.15,67.8,14680900,2026-01-27T03:44:52Z
PG,2008-03-19,40.28,40.92,40.27,40.84,25408106,67.81,68.88,67.78,68.74,15093900,2026-01-27T03:44:52Z
PG,2008-03-20,41.21,41.22,40.4,40.69,27813785,69.37,69.39,68,68.49,16523000,2026-01-27T03:44:52Z
PG,2008-03-24,41.57,41.58,41.03,41.41,17001682,69.97,70,69.06,69.7,10100000,2026-01-27T03:44:52Z
PG,2008-03-25,41.31,41.57,41.18,41.57,17811726,69.54,69.98,69.32,69.98,10581200,2026-01-27T03:44:52Z
PG,2008-03-26,41.37,41.52,41.03,41.18,14192552,69.64,69.9,69.06,69.32,8431200,2026-01-27T03:44:52Z
PG,2008-03-27,41.23,41.64,41.18,41.4,20031192,69.41,70.1,69.32,69.69,11899700,2026-01-27T03:44:52Z
PG,2008-03-28,41.25,41.61,41.21,41.32,12510896,69.44,70.04,69.37,69.55,7432200,2026-01-27T03:44:52Z
PG,2008-03-31,41.63,41.69,40.93,41.32,23138448,70.07,70.18,68.9,69.56,13745600,2026-01-27T03:44:52Z
PG,2008-04-01,42.26,42.3,41.49,41.83,19510378,71.14,71.2,69.85,70.41,11590300,2026-01-27T03:44:52Z
PG,2008-04-02,41.87,42.26,41.74,42.21,17185866,70.48,71.13,70.27,71.06,10209400,2026-01-27T03:44:52Z
PG,2008-04-03,41.86,41.94,41.45,41.7,16126358,70.47,70.6,69.78,70.2,9580000,2026-01-27T03:44:52Z
PG,2008-04-04,41.94,42.13,41.61,41.86,17103210,70.6,70.92,70.05,70.47,10160300,2026-01-27T03:44:52Z
PG,2008-04-07,41.89,42.16,41.64,42.16,15933472,70.51,70.97,70.1,70.97,9465400,2026-01-27T03:44:52Z
PG,2008-04-08,41.97,41.98,41.54,41.59,14726002,70.65,70.67,69.93,70.01,8748100,2026-01-27T03:44:52Z
PG,2008-04-09,41.71,41.76,41.37,41.67,19258056,70.21,70.3,69.64,70.15,11440400,2026-01-27T03:44:52Z
PG,2008-04-10,41.69,41.99,41.55,41.64,16255647,70.18,70.69,69.95,70.09,9656800,2026-01-27T03:44:52Z
PG,2008-04-11,41.58,41.86,41.44,41.44,19968064,70,70.47,69.75,69.75,11862200,2026-01-27T03:44:52Z
PG,2008-04-14,41.66,41.85,41.44,41.66,15283505,70.12,70.45,69.76,70.12,9079300,2026-01-27T03:44:52Z
PG,2008-04-15,41.72,41.82,41.47,41.82,14483601,70.23,70.4,69.8,70.39,8604100,2026-01-27T03:44:52Z
PG,2008-04-16,41.39,42.23,41.21,42.23,32635451,69.27,70.68,68.97,70.68,19498400,2026-01-27T03:44:52Z
PG,2008-04-17,40.36,41.08,40.21,41.06,35172138,67.56,68.75,67.3,68.72,21014000,2026-01-27T03:44:52Z
PG,2008-04-18,40.13,40.63,39.95,40.59,30706237,67.17,68,66.86,67.94,18345800,2026-01-27T03:44:52Z
PG,2008-04-21,40.51,40.64,39.88,39.98,17568826,67.8,68.02,66.74,66.91,10496700,2026-01-27T03:44:52Z
PG,2008-04-22,40.31,40.48,40.12,40.34,22007960,67.47,67.75,67.15,67.51,13148900,2026-01-27T03:44:52Z
PG,2008-04-23,40.13,40.55,39.88,40.55,23741772,67.17,67.87,66.75,67.87,14184800,2026-01-27T03:44:52Z
PG,2008-04-24,39.93,40.32,39.9,40.06,21114025,66.83,67.49,66.79,67.05,12614800,2026-01-27T03:44:52Z
PG,2008-04-25,39.76,40.19,39.53,40.19,22888038,66.55,67.27,66.17,67.27,13674700,2026-01-27T03:44:52Z
PG,2008-04-28,39.56,39.97,39.45,39.8,30405995,66.21,66.9,66.03,66.62,18166400,2026-01-27T03:44:52Z
PG,2008-04-29,39.37,39.65,39.31,39.56,27730330,65.9,66.36,65.8,66.21,16567800,2026-01-27T03:44:52Z
PG,2008-04-30,40.06,40.92,39.95,40.06,36587289,67.05,68.49,66.87,67.05,21859500,2026-01-27T03:44:52Z
PG,2008-05-01,40.05,40.32,39.74,40.05,22585079,67.03,67.48,66.52,67.03,13493700,2026-01-27T03:44:52Z
PG,2008-05-02,39.91,40.21,39.65,40.09,22244629,66.8,67.3,66.36,67.1,13290300,2026-01-27T03:44:52Z
PG,2008-05-05,39.82,39.97,39.56,39.85,17060851,66.65,66.9,66.22,66.7,10193200,2026-01-27T03:44:52Z
PG,2008-05-06,39.82,39.96,39.56,39.56,16436041,66.65,66.88,66.21,66.21,9819900,2026-01-27T03:44:52Z
PG,2008-05-07,39.31,40.05,39.25,39.78,21835587,65.8,67.03,65.7,66.59,13045900,2026-01-27T03:44:52Z
PG,2008-05-08,39.38,39.59,39.24,39.49,16874586,65.92,66.26,65.68,66.1,10081900,2026-01-27T03:44:52Z
PG,2008-05-09,38.96,39.31,38.9,39.2,16330283,65.21,65.79,65.1,65.62,9756700,2026-01-27T03:44:52Z
PG,2008-05-12,39.04,39.28,38.84,39.09,18682712,65.35,65.75,65,65.43,11162200,2026-01-27T03:44:52Z
PG,2008-05-13,39.27,39.5,38.98,39.13,18315009,65.73,66.12,65.25,65.5,10942500,2026-01-27T03:44:52Z
PG,2008-05-14,39.13,39.73,39.06,39.39,22102192,65.5,66.49,65.37,65.93,13205200,2026-01-27T03:44:52Z
PG,2008-05-15,39.65,39.65,38.91,39,19879797,66.36,66.37,65.12,65.28,11877400,2026-01-27T03:44:52Z
PG,2008-05-16,39.88,40.01,39.68,39.7,20564031,66.75,66.97,66.42,66.44,12286200,2026-01-27T03:44:52Z
PG,2008-05-19,39.95,40.01,39.67,39.74,15369889,66.86,66.97,66.4,66.51,9182900,2026-01-27T03:44:52Z
PG,2008-05-20,39.35,39.91,39.28,39.81,19970498,65.86,66.8,65.74,66.63,11931600,2026-01-27T03:44:52Z
PG,2008-05-21,38.94,39.48,38.84,39.48,19499699,65.17,66.08,65.01,66.08,11650300,2026-01-27T03:44:52Z
PG,2008-05-22,39.21,39.32,38.87,39.03,14459687,65.62,65.81,65.06,65.32,8639100,2026-01-27T03:44:52Z
PG,2008-05-23,39,39.28,38.9,39.06,14085095,65.27,65.75,65.1,65.38,8415300,2026-01-27T03:44:52Z
PG,2008-05-27,38.88,39.13,38.78,39.06,18246540,65.07,65.5,64.91,65.38,10901600,2026-01-27T03:44:52Z
PG,2008-05-28,38.76,39.09,38.69,39.03,17064710,64.87,65.42,64.76,65.32,10195500,2026-01-27T03:44:52Z
PG,2008-05-29,39.12,39.28,38.69,38.76,17655031,65.47,65.75,64.75,64.88,10548200,2026-01-27T03:44:52Z
PG,2008-05-30,39.46,39.51,39.03,39.15,16338640,66.05,66.13,65.32,65.53,9761700,2026-01-27T03:44:52Z
PG,2008-06-02,39.05,39.38,38.8,39.38,16704333,65.36,65.92,64.94,65.92,9980200,2026-01-27T03:44:52Z
PG,2008-06-03,39.08,39.22,38.8,39.11,19109879,65.41,65.64,64.95,65.46,11417400,2026-01-27T03:44:52Z
PG,2008-06-04,39.7,39.77,39.19,39.43,21074001,66.45,66.57,65.6,66,12590900,2026-01-27T03:44:52Z
PG,2008-06-05,39.83,39.92,39.49,39.77,18051063,66.67,66.82,66.1,66.56,10784800,2026-01-27T03:44:52Z
PG,2008-06-06,39.06,39.66,38.99,39.64,27390427,65.37,66.38,65.26,66.35,16364700,2026-01-27T03:44:52Z
PG,2008-06-09,39.47,39.54,38.97,39.04,21730260,66.07,66.18,65.22,65.35,12983000,2026-01-27T03:44:52Z
PG,2008-06-10,39.83,40.12,39.21,39.21,23103404,66.66,67.15,65.63,65.63,13803400,2026-01-27T03:44:52Z
PG,2008-06-11,39.55,39.92,39.44,39.69,21121890,66.2,66.82,66.02,66.43,12619500,2026-01-27T03:44:52Z
PG,2008-06-12,39.71,39.88,39.47,39.67,19983710,66.46,66.75,66.06,66.4,11939500,2026-01-27T03:44:52Z
PG,2008-06-13,39.7,39.92,39.48,39.89,18313320,66.45,66.81,66.08,66.77,10941500,2026-01-27T03:44:52Z
PG,2008-06-16,39.37,39.68,39.3,39.58,20427599,65.9,66.41,65.77,66.25,12204700,2026-01-27T03:44:52Z
PG,2008-06-17,39.31,39.59,39.28,39.41,13759738,65.8,66.26,65.74,65.97,8220900,2026-01-27T03:44:52Z
PG,2008-06-18,38.84,39.4,38.79,39.19,19267683,65,65.95,64.92,65.59,11511700,2026-01-27T03:44:52Z
PG,2008-06-19,38.78,39.17,38.66,38.8,19322275,64.9,65.57,64.71,64.95,11544300,2026-01-27T03:44:52Z
PG,2008-06-20,37.74,38.88,37.7,38.63,35921877,63.16,65.08,63.1,64.65,21461900,2026-01-27T03:44:52Z
PG,2008-06-23,37.6,38,37.48,37.9,17586762,62.93,63.6,62.74,63.43,10507400,2026-01-27T03:44:52Z
PG,2008-06-24,37.56,37.8,37.29,37.53,18699461,62.86,63.26,62.42,62.82,11172200,2026-01-27T03:44:52Z
PG,2008-06-25,37.93,38.27,37.54,37.72,21571951,63.49,64.06,62.83,63.14,12888400,2026-01-27T03:44:52Z
PG,2008-06-26,37.19,38.17,37.18,37.77,25514599,62.25,63.88,62.23,63.22,15244000,2026-01-27T03:44:52Z
PG,2008-06-27,36.14,37.41,36.14,37.16,36442896,60.49,62.62,60.49,62.19,21773200,2026-01-27T03:44:52Z
PG,2008-06-30,36.33,36.66,36.11,36.26,25068920,60.81,61.36,60.44,60.69,14977700,2026-01-27T03:44:52Z
PG,2008-07-01,37.03,37.05,35.88,36.18,31902360,61.98,62.01,60.05,60.55,19060400,2026-01-27T03:44:52Z
PG,2008-07-02,37.45,37.6,36.83,37.01,31594389,62.69,62.94,61.65,61.95,18876400,2026-01-27T03:44:52Z
PG,2008-07-03,38.04,38.17,37.45,37.46,19332496,63.67,63.89,62.69,62.7,11550400,2026-01-27T03:44:52Z
PG,2008-07-07,37.59,38.12,37.4,38.12,31327377,62.91,63.81,62.6,63.81,18716900,2026-01-27T03:44:52Z
PG,2008-07-08,38.03,38.21,37.44,37.44,30365302,63.66,63.96,62.67,62.67,18142100,2026-01-27T03:44:52Z
PG,2008-07-09,38.12,38.61,37.88,38.2,26031999,63.8,64.63,63.41,63.93,15553100,2026-01-27T03:44:52Z
PG,2008-07-10,38.37,38.43,37.85,38.06,29714868,64.22,64.32,63.36,63.71,17753500,2026-01-27T03:44:52Z
PG,2008-07-11,37.91,38.41,37.75,38.2,36556694,63.45,64.29,63.18,63.93,21841200,2026-01-27T03:44:52Z
PG,2008-07-14,38.2,38.47,38.01,38.18,25004798,63.93,64.38,63.62,63.9,14939400,2026-01-27T03:44:52Z
PG,2008-07-15,38.45,40.27,37.06,37.25,42441110,64.35,67.41,62.03,62.35,25356900,2026-01-27T03:44:52Z
PG,2008-07-16,38.41,38.57,38.1,38.31,32405579,63.89,64.16,63.38,63.73,19482200,2026-01-27T03:44:52Z
PG,2008-07-17,38.41,38.52,38,38.46,26411890,63.89,64.08,63.2,63.97,15878800,2026-01-27T03:44:52Z
PG,2008-07-18,38.28,38.46,38.03,38.46,25745411,63.67,63.97,63.25,63.97,15478100,2026-01-27T03:44:52Z
PG,2008-07-21,38.26,38.44,38.12,38.44,16319556,63.64,63.93,63.41,63.93,9811300,2026-01-27T03:44:52Z
PG,2008-07-22,38.54,38.9,38.19,38.27,21943180,64.1,64.7,63.53,63.65,13192200,2026-01-27T03:44:52Z
PG,2008-07-23,38.9,39.04,38.37,38.63,18720958,64.7,64.94,63.82,64.25,11255000,2026-01-27T03:44:52Z
PG,2008-07-24,38.78,39.18,38.72,38.9,18449322,64.51,65.17,64.41,64.7,11091700,2026-01-27T03:44:52Z
PG,2008-07-25,38.75,39.06,38.63,38.85,18301302,64.46,64.97,64.26,64.62,11002700,2026-01-27T03:44:52Z
PG,2008-07-28,38.37,38.75,38.27,38.71,20956639,63.83,64.45,63.65,64.39,12599100,2026-01-27T03:44:52Z
PG,2008-07-29,39.4,39.45,38.36,38.45,27479645,65.54,65.61,63.8,63.95,16520700,2026-01-27T03:44:52Z
PG,2008-07-30,40.02,40.14,39.34,39.34,22701476,66.57,66.76,65.43,65.43,13648100,2026-01-27T03:44:52Z
PG,2008-07-31,39.37,39.94,39.23,39.69,23359493,65.48,66.44,65.25,66.02,14043700,2026-01-27T03:44:52Z
PG,2008-08-01,39.05,39.67,38.91,39.52,18541983,64.95,65.98,64.72,65.73,11147400,2026-01-27T03:44:52Z
PG,2008-08-04,39.57,39.98,39.02,39.15,21053936,65.82,66.5,64.9,65.12,12657600,2026-01-27T03:44:52Z
PG,2008-08-05,40.86,40.94,39.57,39.8,33904329,67.97,68.1,65.82,66.21,20383200,2026-01-27T03:44:52Z
PG,2008-08-06,40.74,40.95,40.45,40.85,21627144,67.77,68.12,67.29,67.95,13002200,2026-01-27T03:44:52Z
PG,2008-08-07,40.57,41,40.32,40.78,18237892,67.48,68.2,67.07,67.83,10964600,2026-01-27T03:44:52Z
PG,2008-08-08,41.86,42.01,40.16,40.29,25143971,69.63,69.88,66.8,67.01,15116500,2026-01-27T03:44:52Z
PG,2008-08-11,41.74,42.02,40.32,41.85,18036477,69.43,69.89,67.07,69.62,10843500,2026-01-27T03:44:52Z
PG,2008-08-12,42.29,42.4,41.54,41.62,23910572,70.34,70.53,69.1,69.22,14375000,2026-01-27T03:44:52Z
PG,2008-08-13,41.84,42.23,41.6,42.22,17799618,69.6,70.24,69.2,70.22,10701100,2026-01-27T03:44:52Z
PG,2008-08-14,41.91,42.37,41.55,41.81,15714294,69.71,70.48,69.11,69.55,9447400,2026-01-27T03:44:52Z
PG,2008-08-15,43.05,43.27,41.91,42.38,29300480,71.6,71.98,69.71,70.49,17615400,2026-01-27T03:44:52Z
PG,2008-08-18,42.85,43.29,42.7,42.88,20806945,71.27,72,71.03,71.32,12509100,2026-01-27T03:44:52Z
PG,2008-08-19,42.52,43.12,42.48,42.7,20513885,70.72,71.72,70.65,71.02,12332900,2026-01-27T03:44:52Z
PG,2008-08-20,42.26,42.54,41.89,42.49,18265207,70.3,70.76,69.68,70.68,10981000,2026-01-27T03:44:52Z
PG,2008-08-21,42.02,42.15,41.66,41.98,16171853,69.9,70.11,69.29,69.83,9722500,2026-01-27T03:44:52Z
PG,2008-08-22,43.05,43.17,42.13,42.13,19744571,71.61,71.8,70.07,70.07,11870400,2026-01-27T03:44:52Z
PG,2008-08-25,42.16,42.94,42.04,42.88,15791309,70.13,71.43,69.92,71.33,9493700,2026-01-27T03:44:52Z
PG,2008-08-26,41.99,42.3,41.83,42.1,14026815,69.84,70.36,69.58,70.03,8432900,2026-01-27T03:44:52Z
PG,2008-08-27,42.12,42.23,41.71,41.89,13818751,70.06,70.24,69.38,69.68,8307800,2026-01-27T03:44:52Z
PG,2008-08-28,42.69,42.8,41.97,42.29,13484233,71.01,71.2,69.81,70.35,8106700,2026-01-27T03:44:52Z
PG,2008-08-29,41.95,42.73,41.93,42.51,15917212,69.77,71.08,69.74,70.71,9569400,2026-01-27T03:44:52Z
PG,2008-09-02,42.37,42.94,42.17,42.29,18721296,70.47,71.43,70.15,70.35,11255200,2026-01-27T03:44:52Z
PG,2008-09-03,42.94,42.99,42.19,42.34,17355165,71.42,71.5,70.18,70.42,10433900,2026-01-27T03:44:52Z
PG,2008-09-04,42.35,43,42.31,42.78,20455818,70.44,71.52,70.37,71.16,12298000,2026-01-27T03:44:52Z
PG,2008-09-05,42.55,42.73,41.92,42.32,19259542,70.78,71.07,69.73,70.39,11578800,2026-01-27T03:44:52Z
PG,2008-09-08,43.51,43.58,42.87,42.88,27480463,72.37,72.48,71.31,71.33,16521200,2026-01-27T03:44:52Z
PG,2008-09-09,43.22,43.56,42.97,43.08,30842102,71.89,72.46,71.47,71.66,18542200,2026-01-27T03:44:52Z
PG,2008-09-10,43.52,44.21,43.17,43.2,31682923,72.39,73.54,71.81,71.85,19047700,2026-01-27T03:44:52Z
PG,2008-09-11,43.94,43.98,43.03,43.17,26946832,73.08,73.16,71.58,71.8,16200400,2026-01-27T03:44:52Z
PG,2008-09-12,43.98,44.04,43.48,43.48,18926724,73.15,73.25,72.33,72.33,11378700,2026-01-27T03:44:52Z
PG,2008-09-15,43.37,44.23,43.37,43.49,32848596,72.14,73.57,72.14,72.34,19748500,2026-01-27T03:44:52Z
PG,2008-09-16,43.29,43.89,42.87,43,35638470,72,73,71.3,71.52,21425800,2026-01-27T03:44:52Z
PG,2008-09-17,42.65,43.3,42.59,43.09,42122884,70.94,72.02,70.84,71.68,25324200,2026-01-27T03:44:52Z
PG,2008-09-18,42.87,43.86,42.32,42.82,46870780,71.31,72.96,70.4,71.22,28178600,2026-01-27T03:44:52Z
PG,2008-09-19,42.3,43.74,40.97,43.62,47509295,70.36,72.75,68.15,72.56,28562500,2026-01-27T03:44:52Z
PG,2008-09-22,40.91,42.32,40.74,42.09,24948028,68.04,70.4,67.76,70.01,14998700,2026-01-27T03:44:52Z
PG,2008-09-23,40.45,41.87,40.32,40.97,25172072,67.28,69.64,67.07,68.14,15133400,2026-01-27T03:44:52Z
PG,2008-09-24,41.33,41.4,40.41,40.54,21712953,68.74,68.87,67.21,67.43,13053800,2026-01-27T03:44:52Z
PG,2008-09-25,41.19,42.2,40.91,41.49,29130486,68.51,70.2,68.04,69.02,17513200,2026-01-27T03:44:52Z
PG,2008-09-26,41.39,41.73,40.77,40.77,22317089,68.84,69.42,67.82,67.82,13417000,2026-01-27T03:44:52Z
PG,2008-09-29,40.13,41.78,39.68,40.97,38903122,66.75,69.5,66,68.15,23388500,2026-01-27T03:44:52Z
PG,2008-09-30,41.9,42.04,40.31,40.4,38427597,69.69,69.92,67.05,67.19,23102600,2026-01-27T03:44:52Z
PG,2008-10-01,42.85,42.95,41.69,41.69,29541001,71.27,71.44,69.34,69.34,17760000,2026-01-27T03:44:52Z
PG,2008-10-02,42.95,43.25,42.4,42.63,36316807,71.44,71.94,70.52,70.91,21833600,2026-01-27T03:44:52Z
PG,2008-10-03,42.7,43.17,42.13,42.7,38130014,71.02,71.8,70.07,71.02,22923700,2026-01-27T03:44:52Z
PG,2008-10-06,41.23,42.36,40.29,41.95,43105221,68.58,70.46,67.02,69.77,25914800,2026-01-27T03:44:52Z
PG,2008-10-07,39.83,41.9,39.73,41.5,39683568,66.25,69.69,66.08,69.03,23857700,2026-01-27T03:44:52Z
PG,2008-10-08,39.74,41.49,38.75,39.55,62027632,66.1,69.01,64.46,65.78,37290900,2026-01-27T03:44:52Z
PG,2008-10-09,36.6,40.03,36.49,39.76,50054440,60.88,66.58,60.69,66.14,30092600,2026-01-27T03:44:52Z
PG,2008-10-10,35.81,37.88,33.02,35.33,78366425,59.56,63,54.92,58.77,47113800,2026-01-27T03:44:52Z
PG,2008-10-13,38.05,38.44,36.67,37.08,41621918,63.29,63.93,61,61.67,25023000,2026-01-27T03:44:52Z
PG,2008-10-14,38.54,39.61,37.61,39.41,48992998,64.1,65.88,62.56,65.55,29454500,2026-01-27T03:44:52Z
PG,2008-10-15,35.96,38.41,35.25,38.04,39265726,59.82,63.89,58.63,63.28,23606500,2026-01-27T03:44:52Z
PG,2008-10-16,37.14,37.42,34.34,36.02,45945928,61.77,62.25,57.12,59.91,27622600,2026-01-27T03:44:52Z
PG,2008-10-17,37.12,38.35,35.97,36.46,32584410,61.74,63.79,59.83,60.65,19589700,2026-01-27T03:44:52Z
PG,2008-10-20,38.42,38.55,36.73,37.6,27672055,63.91,64.12,61.1,62.54,16636400,2026-01-27T03:44:52Z
PG,2008-10-21,37.85,38.65,37.66,38.16,21190039,62.96,64.29,62.64,63.47,12739400,2026-01-27T03:44:52Z
PG,2008-10-22,35.55,37.23,35.3,37.14,57749162,58.76,61.54,58.35,61.39,34940700,2026-01-27T03:44:52Z
PG,2008-10-23,36.65,37.09,34.62,35.78,42689921,60.57,61.3,57.22,59.13,25829200,2026-01-27T03:44:52Z
PG,2008-10-24,35.62,36.51,34.26,34.43,43917969,58.87,60.34,56.62,56.9,26572200,2026-01-27T03:44:52Z
PG,2008-10-27,34.71,36.6,34.49,35.11,38814946,57.37,60.5,57,58.03,23484700,2026-01-27T03:44:52Z
PG,2008-10-28,38.26,38.41,34.53,35.33,58902528,63.23,63.49,57.07,58.4,35638500,2026-01-27T03:44:52Z
PG,2008-10-29,36.9,38.71,35.95,38.12,51275134,60.99,63.98,59.41,63.01,31023600,2026-01-27T03:44:52Z
PG,2008-10-30,38.17,38.42,37.17,37.71,60325981,63.08,63.5,61.44,62.33,36499800,2026-01-27T03:44:52Z
PG,2008-10-31,39.05,39.28,37.97,38.09,70448184,64.54,64.93,62.76,62.96,42624100,2026-01-27T03:44:52Z
PG,2008-11-03,38.96,39.48,38.77,39.16,83469259,64.4,65.25,64.07,64.72,50502400,2026-01-27T03:44:52Z
PG,2008-11-04,39.98,40.22,39.39,39.51,77107587,66.07,66.48,65.1,65.3,46653300,2026-01-27T03:44:52Z
PG,2008-11-05,38.61,40.01,38.61,39.58,118724740,63.81,66.13,63.81,65.41,71833400,2026-01-27T03:44:52Z
PG,2008-11-06,38.33,39.61,37.84,38.75,81720795,63.35,65.47,62.54,64.05,49444500,2026-01-27T03:44:52Z
PG,2008-11-07,39.02,39.23,38.38,38.54,31407704,64.49,64.83,63.43,63.7,19003000,2026-01-27T03:44:52Z
PG,2008-11-10,39.3,39.8,38.74,39.61,26704079,64.95,65.78,64.03,65.46,16157100,2026-01-27T03:44:52Z
PG,2008-11-11,38.61,39.26,38.26,39.12,26867542,63.82,64.88,63.23,64.65,16256000,2026-01-27T03:44:52Z
PG,2008-11-12,37.42,38.42,37.21,38.42,42993316,61.85,63.5,61.5,63.5,26012800,2026-01-27T03:44:52Z
PG,2008-11-13,39.36,40.43,36.83,37.34,74187044,65.05,66.82,60.87,61.71,44886300,2026-01-27T03:44:52Z
PG,2008-11-14,38.18,39.93,37.49,39.25,69850853,63.11,66,61.96,64.87,42262700,2026-01-27T03:44:52Z
PG,2008-11-17,37.82,39.05,37.16,38.12,38137160,62.51,64.54,61.41,63,23074600,2026-01-27T03:44:52Z
PG,2008-11-18,38.87,39.02,36.76,37.66,58703287,64.25,64.49,60.76,62.25,35518000,2026-01-27T03:44:52Z
PG,2008-11-19,37.68,39.12,37.58,38.65,38583898,62.27,64.66,62.11,63.88,23344900,2026-01-27T03:44:52Z
PG,2008-11-20,35.9,38.37,35.7,37.31,51753662,59.33,63.42,59,61.67,31313100,2026-01-27T03:44:52Z
PG,2008-11-21,38.17,38.32,35.27,36.33,56518719,63.09,63.33,58.29,60.05,34196200,2026-01-27T03:44:52Z
PG,2008-11-24,39.13,39.33,37.92,38.38,43098675,64.68,65,62.68,63.44,26076500,2026-01-27T03:44:52Z
PG,2008-11-25,38.23,39.6,32.53,39.05,37754521,63.18,65.45,53.77,64.54,22843100,2026-01-27T03:44:52Z
PG,2008-11-26,38.21,38.23,37.15,37.37,25042196,63.16,63.19,61.4,61.77,15151600,2026-01-27T03:44:52Z
PG,2008-11-28,38.93,39.06,38.14,38.14,12839423,64.35,64.55,63.04,63.04,7768400,2026-01-27T03:44:52Z
PG,2008-12-01,36.6,38.6,36.51,38.56,33768225,60.49,63.8,60.35,63.73,20431200,2026-01-27T03:44:52Z
PG,2008-12-02,37.17,37.3,35.91,37.27,33456170,61.44,61.65,59.35,61.6,20242400,2026-01-27T03:44:52Z
PG,2008-12-03,38.05,38.2,36.6,36.62,33002045,62.88,63.13,60.5,60.52,19967600,2026-01-27T03:44:52Z
PG,2008-12-04,37.06,38.08,36.65,37.68,29617137,61.25,62.93,60.58,62.28,17919600,2026-01-27T03:44:52Z
PG,2008-12-05,37.89,38.08,35.94,36.79,36461088,62.63,62.93,59.4,60.81,22060500,2026-01-27T03:44:52Z
PG,2008-12-08,37.81,38.72,37.52,38.12,34533447,62.49,64,62.02,63.01,20894200,2026-01-27T03:44:52Z
PG,2008-12-09,36.18,37.66,35.91,37.49,35405440,59.79,62.25,59.36,61.97,21421800,2026-01-27T03:44:52Z
PG,2008-12-10,35.77,36.7,35.4,36.47,24330860,59.12,60.66,58.51,60.27,14721200,2026-01-27T03:44:52Z
PG,2008-12-11,35.44,36.22,34.79,34.95,31165734,58.58,59.86,57.5,57.77,18856600,2026-01-27T03:44:52Z
PG,2008-12-12,35.66,35.84,34.52,35.29,27796230,58.94,59.23,57.05,58.33,16817900,2026-01-27T03:44:52Z
PG,2008-12-15,35.92,36.21,35.18,35.18,20214791,59.36,59.85,58.15,58.15,12230800,2026-01-27T03:44:52Z
PG,2008-12-16,37.28,37.36,36.05,36.24,29401256,61.62,61.75,59.58,59.9,17789000,2026-01-27T03:44:52Z
PG,2008-12-17,36.73,37.14,36.31,36.9,26641088,60.7,61.39,60.01,60.99,16119000,2026-01-27T03:44:52Z
PG,2008-12-18,36.49,37.62,36,36.91,28420493,60.31,62.17,59.5,61,17195600,2026-01-27T03:44:52Z
PG,2008-12-19,36.41,37.5,36.15,36.79,38422815,60.18,61.98,59.75,60.8,23247400,2026-01-27T03:44:52Z
PG,2008-12-22,36.58,36.84,35.85,36.84,18853423,60.46,60.89,59.25,60.89,11407100,2026-01-27T03:44:52Z
PG,2008-12-23,36.2,36.91,36.1,36.65,17594133,59.83,61,59.67,60.57,10645200,2026-01-27T03:44:52Z
PG,2008-12-24,36.54,36.73,36.23,36.27,6671600,60.39,60.7,59.88,59.95,4036600,2026-01-27T03:44:52Z
PG,2008-12-26,36.62,36.91,36.36,36.67,7364115,60.53,61,60.09,60.6,4455600,2026-01-27T03:44:52Z
PG,2008-12-29,36.42,36.77,35.96,36.77,14191257,60.2,60.78,59.43,60.78,8586300,2026-01-27T03:44:52Z
PG,2008-12-30,36.98,37.19,36.56,36.6,16539496,61.12,61.47,60.42,60.5,10007100,2026-01-27T03:44:52Z
PG,2008-12-31,37.4,37.63,36.95,37.12,17924042,61.82,62.2,61.07,61.35,10844800,2026-01-27T03:44:52Z
PG,2009-01-02,38,38.1,36.94,37.33,18404854,62.8,62.97,61.06,61.69,11135700,2026-01-27T03:44:52Z
PG,2009-01-05,37.72,37.78,37.26,37.71,23672386,62.35,62.44,61.59,62.32,14322800,2026-01-27T03:44:52Z
PG,2009-01-06,37.62,38.09,37.22,37.81,22149843,62.17,62.95,61.51,62.5,13401600,2026-01-27T03:44:52Z
PG,2009-01-07,36.96,37.31,36.69,37.11,20520209,61.08,61.66,60.64,61.33,12415600,2026-01-27T03:44:52Z
PG,2009-01-08,36.55,37.06,36.3,36.85,19020325,60.41,61.25,60,60.91,11508100,2026-01-27T03:44:52Z
PG,2009-01-09,36.22,36.79,36.15,36.69,17921408,59.86,60.8,59.75,60.64,10843200,2026-01-27T03:44:52Z
PG,2009-01-12,36.27,36.56,36.12,36.15,18797380,59.94,60.42,59.69,59.75,11373200,2026-01-27T03:44:52Z
PG,2009-01-13,35.98,36.48,35.71,36.28,26100465,59.47,60.29,59.02,59.96,15791900,2026-01-27T03:44:52Z
PG,2009-01-14,35.01,35.81,34.62,35.73,26623131,57.86,59.18,57.22,59.05,16108100,2026-01-27T03:44:52Z
PG,2009-01-15,34.77,34.78,34.22,34.54,31084131,57.46,57.48,56.55,57.09,18807200,2026-01-27T03:44:52Z
PG,2009-01-16,34.93,35.24,34.56,35.14,31244421,57.73,58.25,57.12,58.08,18904200,2026-01-27T03:44:52Z
PG,2009-01-20,34.75,35.37,34.63,34.95,29748810,57.43,58.45,57.23,57.77,17999300,2026-01-27T03:44:52Z
PG,2009-01-21,35.08,35.46,34.42,35.46,29878738,57.57,58.2,56.49,58.2,18204700,2026-01-27T03:44:52Z
PG,2009-01-22,34.7,35.07,34.28,34.96,31403505,56.96,57.56,56.27,57.38,19133700,2026-01-27T03:44:52Z
PG,2009-01-23,34.12,34.49,33.87,34.45,34577374,56,56.61,55.59,56.54,21067500,2026-01-27T03:44:52Z
PG,2009-01-26,34.35,34.68,33.88,34.09,27954235,56.37,56.92,55.61,55.95,17032100,2026-01-27T03:44:52Z
PG,2009-01-27,34.55,34.97,34.24,34.41,19634302,56.7,57.39,56.2,56.48,11962900,2026-01-27T03:44:52Z
PG,2009-01-28,35.45,35.57,34.67,35.03,29121348,58.18,58.38,56.9,57.5,17743200,2026-01-27T03:44:52Z
PG,2009-01-29,35.47,35.95,35.07,35.21,23880924,58.22,59,57.56,57.79,14550300,2026-01-27T03:44:52Z
PG,2009-01-30,33.21,34.63,33.05,34.42,57625952,54.5,56.84,54.24,56.5,35110700,2026-01-27T03:44:52Z
PG,2009-02-02,32.32,33.13,31.81,32.9,31885209,53.05,54.38,52.21,54,19427200,2026-01-27T03:44:52Z
PG,2009-02-03,32.85,32.96,32.01,32.59,24452397,53.91,54.09,52.54,53.49,14898500,2026-01-27T03:44:52Z
PG,2009-02-04,32,33.18,31.81,33.1,24225568,52.52,54.45,52.21,54.33,14760300,2026-01-27T03:44:52Z
PG,2009-02-05,32.49,32.66,31.76,31.86,29095558,53.32,53.6,52.13,52.29,17727500,2026-01-27T03:44:52Z
PG,2009-02-06,32.9,33.18,32.33,32.55,25173761,54,54.46,53.06,53.42,15338000,2026-01-27T03:44:52Z
PG,2009-02-09,32.26,32.89,32.09,32.83,22029392,52.94,53.98,52.67,53.89,13422200,2026-01-27T03:44:52Z
PG,2009-02-10,31.35,32.57,31.05,32.13,36962404,51.45,53.46,50.97,52.74,22520700,2026-01-27T03:44:52Z
PG,2009-02-11,31.17,31.63,30.99,31.56,26923947,51.16,51.91,50.86,51.8,16404400,2026-01-27T03:44:52Z
PG,2009-02-12,31.24,31.32,30.43,31.03,29574439,51.28,51.4,49.95,50.93,18019300,2026-01-27T03:44:52Z
PG,2009-02-13,31.13,31.49,30.91,31.3,19112220,51.09,51.68,50.73,51.37,11644800,2026-01-27T03:44:52Z
PG,2009-02-17,30.53,31.04,30.03,30.46,34193983,50.11,50.94,49.28,50,20833900,2026-01-27T03:44:52Z
PG,2009-02-18,31.04,31.18,30.31,30.37,27499585,50.95,51.17,49.75,49.84,16755100,2026-01-27T03:44:52Z
PG,2009-02-19,31.15,31.71,31.09,31.38,22163151,51.13,52.05,51.03,51.5,13503700,2026-01-27T03:44:52Z
PG,2009-02-20,30.62,31.29,30.34,30.61,32095130,50.25,51.36,49.8,50.24,19555100,2026-01-27T03:44:52Z
PG,2009-02-23,29.79,30.76,29.73,30.76,24832170,48.9,50.49,48.79,50.49,15129900,2026-01-27T03:44:52Z
PG,2009-02-24,30.32,30.57,29.84,30.03,24591871,49.77,50.18,48.97,49.28,14983500,2026-01-27T03:44:52Z
PG,2009-02-25,30.42,30.76,29.99,30.21,28577108,49.92,50.48,49.22,49.59,17411600,2026-01-27T03:44:52Z
PG,2009-02-26,29.84,30.59,29.79,30.52,22332395,48.97,50.2,48.9,50.1,13606800,2026-01-27T03:44:52Z
PG,2009-02-27,29.35,29.92,29.1,29.65,34052978,48.17,49.11,47.76,48.66,20748000,2026-01-27T03:44:52Z
PG,2009-03-02,28.56,29.2,28.52,28.83,31238406,46.87,47.93,46.8,47.32,19033100,2026-01-27T03:44:52Z
PG,2009-03-03,28.41,29.17,28.26,28.84,32056875,46.63,47.88,46.38,47.33,19531800,2026-01-27T03:44:52Z
PG,2009-03-04,28.83,29.25,28.43,28.59,25767721,47.31,48,46.67,46.93,15699900,2026-01-27T03:44:52Z
PG,2009-03-05,27.66,28.52,27.38,28.3,31949839,45.4,46.81,44.93,46.45,19466600,2026-01-27T03:44:52Z
PG,2009-03-06,27.85,28.39,27.19,27.95,32091618,45.71,46.59,44.63,45.87,19553000,2026-01-27T03:44:52Z
PG,2009-03-09,26.92,27.78,26.77,27.6,27782249,44.18,45.6,43.93,45.3,16927300,2026-01-27T03:44:52Z
PG,2009-03-10,27.52,27.53,27.03,27.12,33868718,45.17,45.19,44.37,44.51,20635700,2026-01-27T03:44:52Z
PG,2009-03-11,27.46,27.87,27.27,27.78,21986242,45.07,45.74,44.76,45.59,13395900,2026-01-27T03:44:52Z
PG,2009-03-12,27.89,27.97,27.12,27.35,22510292,45.78,45.9,44.52,44.89,13715200,2026-01-27T03:44:52Z
PG,2009-03-13,28.61,28.68,27.82,28.09,22822760,46.95,47.08,45.66,46.1,13905600,2026-01-27T03:44:52Z
PG,2009-03-16,29.14,29.5,28.74,28.86,24917575,47.82,48.41,47.17,47.37,15181900,2026-01-27T03:44:52Z
PG,2009-03-17,29.23,29.33,28.89,29.21,18844215,47.98,48.14,47.41,47.95,11481500,2026-01-27T03:44:52Z
PG,2009-03-18,29.26,29.7,28.63,29.09,27421289,48.02,48.75,46.99,47.75,16707400,2026-01-27T03:44:52Z
PG,2009-03-19,28.22,29.5,28.15,29.39,26538967,46.31,48.42,46.2,48.24,16169800,2026-01-27T03:44:52Z
PG,2009-03-20,27.78,28.6,27.73,28.36,41947695,45.59,46.94,45.52,46.55,25558100,2026-01-27T03:44:52Z
PG,2009-03-23,29.09,29.12,28.03,28.09,26716531,47.74,47.8,46,46.11,16278000,2026-01-27T03:44:52Z
PG,2009-03-24,28.68,29.37,28.57,28.89,19955810,47.07,48.21,46.89,47.42,12158800,2026-01-27T03:44:52Z
PG,2009-03-25,29.28,29.61,28.76,29.06,25071791,48.06,48.6,47.2,47.7,15275900,2026-01-27T03:44:52Z
PG,2009-03-26,29.71,29.75,28.95,29.41,26681051,48.76,48.82,47.51,48.27,16256400,2026-01-27T03:44:52Z
PG,2009-03-27,29.59,29.87,29.32,29.37,17072782,48.57,49.03,48.13,48.21,10402200,2026-01-27T03:44:52Z
PG,2009-03-30,28.81,29.31,28.37,29.27,20922717,47.28,48.1,46.57,48.04,12747900,2026-01-27T03:44:52Z
PG,2009-03-31,28.69,29.14,28.61,28.98,22727405,47.09,47.83,46.95,47.56,13847500,2026-01-27T03:44:52Z
PG,2009-04-01,29.37,29.54,28.2,28.48,28072673,48.21,48.48,46.29,46.75,17104300,2026-01-27T03:44:52Z
PG,2009-04-02,30.11,30.64,29.68,29.68,30068814,49.42,50.29,48.72,48.72,18320500,2026-01-27T03:44:52Z
PG,2009-04-03,30.24,30.31,29.68,30.18,24290372,49.63,49.75,48.72,49.54,14799800,2026-01-27T03:44:52Z
PG,2009-04-06,30.25,30.45,29.8,30.14,16979575,49.65,49.97,48.91,49.46,10345400,2026-01-27T03:44:52Z
PG,2009-04-07,29.66,30.11,29.57,30.11,16086557,48.68,49.42,48.53,49.42,9801300,2026-01-27T03:44:52Z
PG,2009-04-08,29.53,29.86,29.17,29.73,15484186,48.47,49,47.88,48.8,9434300,2026-01-27T03:44:52Z
PG,2009-04-09,29.97,30.03,29.47,29.96,24235398,49.19,49.29,48.37,49.17,14766300,2026-01-27T03:44:52Z
PG,2009-04-13,29.27,29.87,29.21,29.78,21186602,48.04,49.03,47.95,48.88,12908700,2026-01-27T03:44:52Z
PG,2009-04-14,28.79,29.26,28.62,29.23,24776675,47.25,48.03,46.98,47.98,15096100,2026-01-27T03:44:52Z
PG,2009-04-15,29.7,29.77,29.03,29.05,23275763,48.75,48.86,47.65,47.68,14181600,2026-01-27T03:44:52Z
PG,2009-04-16,30.73,30.91,29.92,29.98,26807109,50.43,50.74,49.11,49.2,16333200,2026-01-27T03:44:52Z
PG,2009-04-17,31.48,31.66,30.96,31.16,35553761,51.66,51.96,50.82,51.15,21662400,2026-01-27T03:44:52Z
PG,2009-04-20,30.91,31.66,30.84,31.42,25348341,50.73,51.97,50.62,51.57,15444400,2026-01-27T03:44:52Z
PG,2009-04-21,31.3,31.48,30.16,30.96,20686685,51.37,51.67,49.5,50.82,12604100,2026-01-27T03:44:52Z
PG,2009-04-22,30.48,31.32,30.45,31.32,21780800,49.6,50.96,49.54,50.96,13385400,2026-01-27T03:44:52Z
PG,2009-04-23,30.31,30.63,29.96,30.63,19297375,49.32,49.84,48.75,49.84,11859200,2026-01-27T03:44:52Z
PG,2009-04-24,30.43,30.66,30.12,30.42,18426858,49.51,49.89,49.02,49.5,11324200,2026-01-27T03:44:52Z
PG,2009-04-27,30.71,30.98,30.16,30.16,15627564,49.97,50.41,49.07,49.07,9603900,2026-01-27T03:44:52Z
PG,2009-04-28,30.54,30.84,30.27,30.57,14652667,49.69,50.18,49.25,49.75,9004800,2026-01-27T03:44:52Z
PG,2009-04-29,30.99,31.32,30.62,30.67,18548863,50.42,50.97,49.82,49.91,11399200,2026-01-27T03:44:52Z
PG,2009-04-30,30.38,30.87,29.65,30.87,40000389,49.44,50.23,48.25,50.23,24582200,2026-01-27T03:44:52Z
PG,2009-05-01,30.42,30.57,29.84,30.48,19345065,49.5,49.75,48.55,49.6,11888500,2026-01-27T03:44:52Z
PG,2009-05-04,31.34,31.36,30.54,30.71,20543816,50.99,51.03,49.69,49.97,12625200,2026-01-27T03:44:52Z
PG,2009-05-05,30.6,31.34,30.43,31.2,20013534,49.79,50.99,49.51,50.76,12299300,2026-01-27T03:44:52Z
PG,2009-05-06,31.24,31.26,30.67,30.73,24297959,50.84,50.86,49.9,50,14932300,2026-01-27T03:44:52Z
PG,2009-05-07,31.55,32.07,31.11,31.34,22322348,51.34,52.19,50.62,51,13718200,2026-01-27T03:44:52Z
PG,2009-05-08,31.69,32.07,31.46,31.96,21832427,51.57,52.19,51.19,52,13417100,2026-01-27T03:44:52Z
PG,2009-05-11,30.95,31.68,30.87,31.6,22612793,50.37,51.55,50.23,51.42,13896700,2026-01-27T03:44:52Z
PG,2009-05-12,31.31,31.56,30.73,30.97,22421267,50.94,51.35,50,50.4,13779000,2026-01-27T03:44:52Z
PG,2009-05-13,31.32,31.47,30.8,31.05,18288055,50.96,51.21,50.11,50.53,11238900,2026-01-27T03:44:52Z
PG,2009-05-14,31.22,31.73,31.19,31.35,18071457,50.8,51.64,50.75,51.02,11105800,2026-01-27T03:44:52Z
PG,2009-05-15,31.14,31.61,30.95,31.61,22976684,50.67,51.43,50.37,51.43,14120300,2026-01-27T03:44:52Z
PG,2009-05-18,32.28,32.33,31.29,31.33,22888501,52.52,52.61,50.92,50.98,14066100,2026-01-27T03:44:52Z
PG,2009-05-19,32.54,32.88,32.12,32.31,24758295,52.95,53.51,52.27,52.57,15215200,2026-01-27T03:44:52Z
PG,2009-05-20,33.2,33.66,32.91,33.03,25977048,54.02,54.77,53.56,53.74,15964200,2026-01-27T03:44:52Z
PG,2009-05-21,32.58,32.87,32.27,32.87,18266885,53.02,53.48,52.51,53.48,11225900,2026-01-27T03:44:52Z
PG,2009-05-22,32.59,33.03,32.55,32.61,11008049,53.03,53.74,52.96,53.07,6765000,2026-01-27T03:44:52Z
PG,2009-05-26,33.05,33.25,32.37,32.53,17766821,53.78,54.1,52.67,52.94,10918600,2026-01-27T03:44:52Z
PG,2009-05-27,31.82,33.05,31.7,33.01,23590593,51.78,53.78,51.58,53.72,14497600,2026-01-27T03:44:52Z
PG,2009-05-28,32.32,32.37,31.41,32.12,27030173,52.59,52.67,51.11,52.26,16611400,2026-01-27T03:44:52Z
PG,2009-05-29,31.92,32.37,31.65,32.34,24625680,51.94,52.68,51.5,52.62,15133700,2026-01-27T03:44:52Z
PG,2009-06-01,32.79,32.97,32.18,32.3,20319412,53.36,53.65,52.36,52.55,12487300,2026-01-27T03:44:52Z
PG,2009-06-02,33.01,33.27,32.67,32.71,19401827,53.71,54.13,53.16,53.23,11923400,2026-01-27T03:44:52Z
PG,2009-06-03,33.07,33.09,32.51,32.8,20573612,53.81,53.84,52.9,53.38,12643500,2026-01-27T03:44:52Z
PG,2009-06-04,32.79,33.1,32.55,33.04,16250935,53.35,53.86,52.97,53.76,9987000,2026-01-27T03:44:52Z
PG,2009-06-05,32.68,33.16,32.52,32.91,17168696,53.18,53.95,52.92,53.56,10551000,2026-01-27T03:44:52Z
PG,2009-06-08,32.66,32.93,32.32,32.53,17332676,53.14,53.58,52.59,52.93,10651800,2026-01-27T03:44:52Z
PG,2009-06-09,32.21,32.51,32.11,32.47,18885401,52.41,52.9,52.25,52.84,11606000,2026-01-27T03:44:52Z
PG,2009-06-10,32.01,32.53,31.69,32.38,21287978,52.08,52.93,51.57,52.69,13082500,2026-01-27T03:44:52Z
PG,2009-06-11,31.96,32.41,31.93,31.99,17675396,52.01,52.74,51.95,52.05,10862400,2026-01-27T03:44:52Z
PG,2009-06-12,32.29,32.43,31.79,31.88,16845984,52.55,52.77,51.73,51.88,10352700,2026-01-27T03:44:52Z
PG,2009-06-15,31.54,32.19,31.39,32.19,19783614,51.33,52.38,51.07,52.38,12158000,2026-01-27T03:44:52Z
PG,2009-06-16,30.79,31.72,30.75,31.72,25582827,50.1,51.61,50.03,51.61,15721900,2026-01-27T03:44:52Z
PG,2009-06-17,30.73,31.19,30.73,30.81,20660186,50.01,50.75,50,50.13,12696700,2026-01-27T03:44:52Z
PG,2009-06-18,31.45,31.56,30.73,30.77,21153053,51.17,51.36,50.01,50.07,12999600,2026-01-27T03:44:52Z
PG,2009-06-19,31.12,31.63,30.88,31.51,31798725,50.64,51.47,50.24,51.28,19541900,2026-01-27T03:44:52Z
PG,2009-06-22,31.07,31.26,30.86,30.93,21141030,50.56,50.87,50.21,50.33,12992200,2026-01-27T03:44:52Z
PG,2009-06-23,31.07,31.23,30.97,31.05,17267595,50.55,50.82,50.39,50.52,10611800,2026-01-27T03:44:52Z
PG,2009-06-24,31.07,31.33,30.76,31.08,20175740,50.55,50.98,50.06,50.58,12399000,2026-01-27T03:44:52Z
PG,2009-06-25,31.76,31.98,30.8,30.99,22330680,51.68,52.03,50.12,50.43,13723300,2026-01-27T03:44:52Z
PG,2009-06-26,31.8,31.98,31.37,31.62,40889835,51.75,52.03,51.05,51.46,25128800,2026-01-27T03:44:52Z
PG,2009-06-29,32.1,32.2,31.71,31.91,14481998,52.23,52.4,51.6,51.92,8899900,2026-01-27T03:44:52Z
PG,2009-06-30,31.4,32.1,31.19,32.1,23421532,51.1,52.23,50.75,52.23,14393700,2026-01-27T03:44:52Z
PG,2009-07-01,31.96,32.28,31.51,31.63,23292328,52,52.53,51.28,51.47,14314300,2026-01-27T03:44:52Z
PG,2009-07-02,31.41,31.85,31.18,31.83,24753111,51.11,51.83,50.74,51.79,15212000,2026-01-27T03:44:52Z
PG,2009-07-06,32.06,32.22,31.05,31.19,26101839,52.17,52.42,50.52,50.75,16040900,2026-01-27T03:44:52Z
PG,2009-07-07,31.9,32.23,31.73,31.95,21854196,51.91,52.44,51.63,51.99,13430500,2026-01-27T03:44:52Z
PG,2009-07-08,32.35,32.45,31.67,31.97,27498994,52.64,52.81,51.54,52.02,16899500,2026-01-27T03:44:52Z
PG,2009-07-09,32.21,32.42,32.07,32.36,18953907,52.41,52.75,52.18,52.65,11648100,2026-01-27T03:44:52Z
PG,2009-07-10,32.09,32.26,31.92,32.07,15079977,52.22,52.5,51.94,52.18,9267400,2026-01-27T03:44:52Z
PG,2009-07-13,32.56,32.66,31.99,31.99,19996945,52.98,53.14,52.05,52.06,12289100,2026-01-27T03:44:52Z
PG,2009-07-14,32.9,33.04,32.41,32.61,20856404,53.54,53.77,52.74,53.07,12817300,2026-01-27T03:44:52Z
PG,2009-07-15,33.59,33.63,32.88,32.95,24670615,54.65,54.73,53.5,53.61,15161300,2026-01-27T03:44:52Z
PG,2009-07-16,33.93,34.07,33.49,33.59,20538609,55.21,55.44,54.5,54.65,12622000,2026-01-27T03:44:52Z
PG,2009-07-17,34.37,34.37,33.76,33.96,21714935,55.92,55.92,54.93,55.26,13344900,2026-01-27T03:44:52Z
PG,2009-07-20,34.14,34.43,33.89,34.42,17777397,55.56,56.03,55.15,56.01,10925100,2026-01-27T03:44:52Z
PG,2009-07-21,34.1,34.52,31.96,34.38,18113732,55.49,56.18,52,55.94,11131800,2026-01-27T03:44:52Z
PG,2009-07-22,33.99,34.29,33.85,34.17,16143192,54.87,55.36,54.65,55.16,10000100,2026-01-27T03:44:52Z
PG,2009-07-23,34.17,34.42,33.95,34.03,24237502,55.16,55.56,54.8,54.93,15014200,2026-01-27T03:44:52Z
PG,2009-07-24,34.59,34.63,34.27,34.47,14061097,55.84,55.9,55.33,55.64,8710300,2026-01-27T03:44:52Z
PG,2009-07-27,34.55,34.68,34.29,34.62,11085098,55.78,55.98,55.35,55.89,6866800,2026-01-27T03:44:52Z
PG,2009-07-28,34.51,34.66,34.24,34.44,13144319,55.71,55.96,55.28,55.6,8142400,2026-01-27T03:44:52Z
PG,2009-07-29,34.76,34.92,34.42,34.42,15604351,56.12,56.37,55.56,55.56,9666300,2026-01-27T03:44:52Z
PG,2009-07-30,34.83,35.31,34.65,35.04,19317596,56.23,57,55.93,56.57,11966500,2026-01-27T03:44:52Z
PG,2009-07-31,34.39,35.15,34.34,34.81,20443405,55.51,56.75,55.43,56.2,12663900,2026-01-27T03:44:52Z
PG,2009-08-03,34.45,34.69,34.07,34.66,18121522,55.61,56,55,55.96,11225600,2026-01-27T03:44:52Z
PG,2009-08-04,34.36,34.64,34.26,34.33,17738489,55.46,55.92,55.3,55.42,10988300,2026-01-27T03:44:52Z
PG,2009-08-05,33.4,33.56,33.03,33.29,34408241,53.91,54.17,53.32,53.74,21314600,2026-01-27T03:44:52Z
PG,2009-08-06,31.88,33.4,31.68,33.33,47969227,51.46,53.91,51.14,53.81,29715100,2026-01-27T03:44:52Z
PG,2009-08-07,32.23,32.72,31.88,32.11,26337053,52.03,52.82,51.46,51.84,16314800,2026-01-27T03:44:52Z
PG,2009-08-10,32.32,32.38,31.95,32.16,18990369,52.17,52.28,51.58,51.92,11763800,2026-01-27T03:44:52Z
PG,2009-08-11,32.17,32.38,32.17,32.28,15002402,51.93,52.28,51.93,52.11,9293400,2026-01-27T03:44:52Z
PG,2009-08-12,32.26,32.52,32.12,32.21,16382594,52.08,52.49,51.85,52,10148400,2026-01-27T03:44:52Z
PG,2009-08-13,32.4,32.42,32.06,32.39,16928432,52.3,52.34,51.75,52.29,10486500,2026-01-27T03:44:52Z
PG,2009-08-14,32.44,32.71,32.13,32.55,19484017,52.37,52.81,51.87,52.55,12069600,2026-01-27T03:44:52Z
PG,2009-08-17,32.34,32.58,32.29,32.41,18377244,52.21,52.59,52.12,52.32,11384000,2026-01-27T03:44:52Z
PG,2009-08-18,32.49,32.62,32.26,32.46,13467808,52.45,52.66,52.08,52.4,8342800,2026-01-27T03:44:52Z
PG,2009-08-19,32.71,32.86,32.38,32.38,19617987,52.8,53.04,52.27,52.27,12152600,2026-01-27T03:44:52Z
PG,2009-08-20,32.84,32.92,32.62,32.79,13675405,53.02,53.14,52.65,52.93,8471400,2026-01-27T03:44:52Z
PG,2009-08-21,33.19,33.31,32.83,33.11,21426383,53.58,53.77,53,53.45,13272800,2026-01-27T03:44:52Z
PG,2009-08-24,33.04,33.4,32.81,33.31,19019570,53.34,53.92,52.97,53.77,11781900,2026-01-27T03:44:52Z
PG,2009-08-25,33.08,33.45,32.93,33.12,20472001,53.4,53.99,53.16,53.46,12681600,2026-01-27T03:44:52Z
PG,2009-08-26,33.05,33.33,33.01,33.09,15143137,53.36,53.8,53.28,53.41,9380600,2026-01-27T03:44:52Z
PG,2009-08-27,32.87,33.08,32.65,33.02,16780557,53.06,53.4,52.7,53.3,10394900,2026-01-27T03:44:52Z
PG,2009-08-28,32.95,33.07,32.62,32.9,14526791,53.19,53.39,52.66,53.11,8998800,2026-01-27T03:44:52Z
PG,2009-08-31,33.52,33.52,32.71,32.83,24806840,54.11,54.12,52.81,53,15366900,2026-01-27T03:44:52Z
PG,2009-09-01,32.84,33.48,32.75,33.36,23285350,53.02,54.04,52.87,53.85,14424400,2026-01-27T03:44:52Z
PG,2009-09-02,32.71,32.97,32.68,32.8,14327268,52.8,53.22,52.75,52.95,8875200,2026-01-27T03:44:52Z
PG,2009-09-03,32.75,32.84,32.53,32.8,14723768,52.87,53.02,52.52,52.95,9120800,2026-01-27T03:44:52Z
PG,2009-09-04,32.74,32.83,32.62,32.7,12152019,52.86,53,52.66,52.79,7527700,2026-01-27T03:44:52Z
PG,2009-09-08,33.57,33.58,32.96,33.11,25303117,54.2,54.2,53.21,53.45,15674300,2026-01-27T03:44:52Z
PG,2009-09-09,33.3,33.64,33.16,33.58,17996464,53.76,54.3,53.53,54.2,11148100,2026-01-27T03:44:52Z
PG,2009-09-10,34.71,34.89,34.18,34.21,43196093,56.04,56.32,55.18,55.23,26758300,2026-01-27T03:44:52Z
PG,2009-09-11,34.47,34.94,34.32,34.76,20179483,55.64,56.4,55.4,56.11,12500400,2026-01-27T03:44:52Z
PG,2009-09-14,34.26,34.37,34.1,34.21,17981758,55.3,55.49,55.05,55.23,11139000,2026-01-27T03:44:52Z
PG,2009-09-15,34.09,34.46,34,34.42,18845865,55.03,55.63,54.89,55.56,11674300,2026-01-27T03:44:52Z
PG,2009-09-16,34.26,34.35,33.83,34.12,20876528,55.31,55.45,54.61,55.08,12932200,2026-01-27T03:44:52Z
PG,2009-09-17,34.4,34.76,34.26,34.27,17217048,55.53,56.11,55.3,55.33,10665300,2026-01-27T03:44:52Z
PG,2009-09-18,35.51,35.62,35,35.04,41778583,57.32,57.51,56.5,56.57,25880200,2026-01-27T03:44:52Z
PG,2009-09-21,35.37,35.59,35.15,35.53,18842469,57.1,57.46,56.75,57.35,11672200,2026-01-27T03:44:52Z
PG,2009-09-22,35.46,35.62,35.28,35.49,18591942,57.24,57.51,56.96,57.3,11517000,2026-01-27T03:44:52Z
PG,2009-09-23,35.46,35.96,35.4,35.52,23587242,57.25,58.05,57.15,57.34,14611400,2026-01-27T03:44:52Z
PG,2009-09-24,35.83,35.91,35.49,35.55,21937573,57.84,57.97,57.3,57.38,13589500,2026-01-27T03:44:52Z
PG,2009-09-25,35.94,36.24,35.88,35.93,21756775,58.01,58.5,57.92,58,13477500,2026-01-27T03:44:52Z
PG,2009-09-28,36.03,36.34,35.94,36.06,14541816,58.16,58.66,58.01,58.21,9008100,2026-01-27T03:44:52Z
PG,2009-09-29,35.87,36.16,35.78,36.14,12309567,57.91,58.37,57.76,58.34,7625300,2026-01-27T03:44:52Z
PG,2009-09-30,35.88,36.02,35.52,35.83,22676636,57.92,58.14,57.34,57.84,14047300,2026-01-27T03:44:52Z
PG,2009-10-01,35.07,35.7,34.96,35.7,25658260,56.62,57.63,56.44,57.63,15894300,2026-01-27T03:44:52Z
PG,2009-10-02,35.15,35.25,34.81,34.94,21127406,56.75,56.91,56.2,56.4,13087600,2026-01-27T03:44:52Z
PG,2009-10-05,35.11,35.27,34.7,35.18,17562985,56.68,56.94,56.02,56.79,10879600,2026-01-27T03:44:52Z
PG,2009-10-06,35.33,35.46,35.18,35.23,19371980,57.03,57.24,56.79,56.88,12000200,2026-01-27T03:44:52Z
PG,2009-10-07,35.28,35.36,35.16,35.32,12258884,56.95,57.08,56.76,57.01,7593900,2026-01-27T03:44:52Z
PG,2009-10-08,35.71,35.84,35.4,35.54,20690687,57.65,57.85,57.14,57.37,12817100,2026-01-27T03:44:52Z
PG,2009-10-09,35.66,35.7,35.49,35.52,10439391,57.56,57.63,57.3,57.34,6466800,2026-01-27T03:44:52Z
PG,2009-10-12,35.62,36.16,35.57,35.72,12798548,57.5,58.37,57.42,57.67,7928200,2026-01-27T03:44:52Z
PG,2009-10-13,35.47,35.54,35.2,35.54,18210152,57.26,57.37,56.83,57.37,11280500,2026-01-27T03:44:52Z
PG,2009-10-14,35.5,35.61,35.33,35.61,13536449,57.31,57.49,57.03,57.49,8385300,2026-01-27T03:44:52Z
PG,2009-10-15,35.46,35.58,35.23,35.48,19038944,57.24,57.43,56.87,57.28,11793900,2026-01-27T03:44:52Z
PG,2009-10-16,35.58,35.74,35.37,35.38,19773122,57.44,57.69,57.1,57.12,12248700,2026-01-27T03:44:52Z
PG,2009-10-19,35.8,35.94,35.45,35.62,12741060,57.79,58.02,57.22,57.51,7892600,2026-01-27T03:44:52Z
PG,2009-10-20,36.01,36.45,35.85,35.88,18276034,58.13,58.85,57.88,57.93,11321300,2026-01-27T03:44:52Z
PG,2009-10-21,35.88,36.35,35.83,36.15,18373826,57.49,58.24,57.4,57.92,11468700,2026-01-27T03:44:52Z
PG,2009-10-22,36.28,36.4,35.81,35.88,16448956,58.13,58.32,57.37,57.48,10267200,2026-01-27T03:44:52Z
PG,2009-10-23,35.98,36.28,35.71,36.28,17321269,57.64,58.13,57.21,58.13,10811700,2026-01-27T03:44:52Z
PG,2009-10-26,35.52,36.12,35.32,35.98,16746443,56.9,57.86,56.58,57.65,10452900,2026-01-27T03:44:52Z
PG,2009-10-27,35.69,35.84,35.37,35.5,16714867,57.18,57.42,56.67,56.88,10433200,2026-01-27T03:44:52Z
PG,2009-10-28,35.72,36.15,35.56,35.57,25060936,57.23,57.92,56.97,56.98,15642700,2026-01-27T03:44:52Z
PG,2009-10-29,37.16,37.44,36.77,37.07,42519256,59.54,59.98,58.91,59.39,26539900,2026-01-27T03:44:52Z
PG,2009-10-30,36.2,37.16,36.12,36.94,34255803,58,59.54,57.86,59.18,21382000,2026-01-27T03:44:52Z
PG,2009-11-02,36.8,36.82,36.2,36.45,23613933,58.95,58.99,58,58.39,14739500,2026-01-27T03:44:52Z
PG,2009-11-03,36.56,36.78,36.33,36.48,19387178,58.58,58.92,58.2,58.45,12101200,2026-01-27T03:44:52Z
PG,2009-11-04,36.85,37.24,36.64,36.79,21109092,59.03,59.66,58.7,58.94,13176000,2026-01-27T03:44:52Z
PG,2009-11-05,37.74,37.85,36.88,36.98,26160171,60.47,60.64,59.08,59.24,16328800,2026-01-27T03:44:52Z
PG,2009-11-06,38.1,38.31,37.45,37.56,25647653,61.04,61.38,60,60.17,16008900,2026-01-27T03:44:52Z
PG,2009-11-09,38.61,38.64,37.98,38.19,22930666,61.85,61.9,60.84,61.19,14313000,2026-01-27T03:44:52Z
PG,2009-11-10,38.61,38.92,38.37,38.44,24221751,61.86,62.36,61.47,61.58,15118900,2026-01-27T03:44:52Z
PG,2009-11-11,38.84,38.87,38.4,38.62,15762607,62.23,62.28,61.52,61.87,9838800,2026-01-27T03:44:52Z
PG,2009-11-12,38.26,38.77,38.21,38.77,22698203,61.3,62.12,61.22,62.11,14167900,2026-01-27T03:44:52Z
PG,2009-11-13,38.46,38.61,38.1,38.26,18893727,61.61,61.85,61.04,61.3,11793200,2026-01-27T03:44:52Z
PG,2009-11-16,38.87,39.12,38.66,38.7,20093510,62.27,62.68,61.93,62,12542100,2026-01-27T03:44:52Z
PG,2009-11-17,38.89,39.12,38.75,38.81,18475436,62.31,62.68,62.08,62.18,11532100,2026-01-27T03:44:52Z
PG,2009-11-18,38.96,38.98,38.54,38.82,19198257,62.41,62.45,61.74,62.19,11983300,2026-01-27T03:44:52Z
PG,2009-11-19,38.79,38.88,38.39,38.8,14903554,62.15,62.29,61.51,62.16,9302600,2026-01-27T03:44:52Z
PG,2009-11-20,38.57,38.84,38.38,38.7,19791373,61.8,62.22,61.48,62,12353500,2026-01-27T03:44:52Z
PG,2009-11-23,39.16,39.3,38.77,38.82,16952472,62.73,62.96,62.12,62.2,10581500,2026-01-27T03:44:52Z
PG,2009-11-24,39.2,39.29,38.94,39.18,15651897,62.8,62.95,62.38,62.77,9769700,2026-01-27T03:44:52Z
PG,2009-11-25,39.24,39.62,39.14,39.29,13193494,62.87,63.48,62.7,62.94,8235200,2026-01-27T03:44:52Z
PG,2009-11-27,39,39.17,38.45,38.63,9925738,62.48,62.75,61.6,61.89,6195500,2026-01-27T03:44:52Z
PG,2009-11-30,38.92,39.32,38.77,38.93,19837675,62.35,63,62.12,62.37,12382400,2026-01-27T03:44:52Z
PG,2009-12-01,39.27,39.54,39.07,39.08,15316924,62.91,63.35,62.6,62.61,9560600,2026-01-27T03:44:52Z
PG,2009-12-02,39.44,39.57,39.23,39.28,14456913,63.19,63.39,62.85,62.93,9023800,2026-01-27T03:44:52Z
PG,2009-12-03,39.05,39.55,38.96,39.38,15771411,62.56,63.36,62.42,63.09,9844300,2026-01-27T03:44:52Z
PG,2009-12-04,39.07,39.51,38.86,39.42,18103596,62.6,63.3,62.25,63.15,11300000,2026-01-27T03:44:52Z
PG,2009-12-07,38.99,39.16,38.72,38.94,14335470,62.47,62.73,62.04,62.39,8948000,2026-01-27T03:44:52Z
PG,2009-12-08,38.62,38.89,38.45,38.79,17893218,61.87,62.3,61.6,62.14,11168700,2026-01-27T03:44:52Z
PG,2009-12-09,38.85,38.96,38.51,38.66,14608319,62.24,62.41,61.7,61.93,9118300,2026-01-27T03:44:52Z
PG,2009-12-10,38.85,39.23,38.75,38.92,16069584,62.24,62.85,62.08,62.35,10030400,2026-01-27T03:44:52Z
PG,2009-12-11,38.91,39.23,38.83,38.88,14310621,62.34,62.85,62.21,62.29,8932500,2026-01-27T03:44:52Z
PG,2009-12-14,39.33,39.37,38.94,39.04,15277160,63.01,63.08,62.39,62.54,9535800,2026-01-27T03:44:52Z
PG,2009-12-15,38.77,39.21,38.63,39.14,18313307,62.12,62.82,61.89,62.7,11430900,2026-01-27T03:44:52Z
PG,2009-12-16,38.8,39.12,38.77,38.94,15815479,62.16,62.67,62.12,62.38,9871800,2026-01-27T03:44:52Z
