ticker,tradeDate,clsPx,hiPx,loPx,open,stockVolume,unadjClsPx,unadjHiPx,unadjLoPx,unadjOpen,unadjStockVolume,updatedAt
PNC,2006-01-03,35.73,35.78,34.73,34.99,2891120,63.56,63.64,61.78,62.25,1625300,2026-01-24T03:45:24Z
PNC,2006-01-04,35.96,36.03,35.63,35.71,2532863,63.96,64.1,63.38,63.52,1423900,2026-01-24T03:45:24Z
PNC,2006-01-05,35.97,36.11,35.65,35.96,1676897,63.99,64.23,63.41,63.96,942700,2026-01-24T03:45:24Z
PNC,2006-01-06,36.27,36.38,35.86,36.17,2039951,64.51,64.71,63.79,64.34,1146800,2026-01-24T03:45:24Z
PNC,2006-01-09,36.24,36.46,36.16,36.27,1540281,64.47,64.86,64.32,64.51,865900,2026-01-24T03:45:24Z
PNC,2006-01-10,36.25,36.4,36.07,36.12,1673694,64.48,64.75,64.16,64.25,940900,2026-01-24T03:45:24Z
PNC,2006-01-11,36.53,36.53,36.18,36.32,1908524,64.48,64.48,63.86,64.1,1081300,2026-01-24T03:45:24Z
PNC,2006-01-12,36.07,36.4,35.94,36.4,1532925,63.67,64.25,63.44,64.25,868500,2026-01-24T03:45:24Z
PNC,2006-01-13,36.13,36.32,35.94,36.13,1038367,63.77,64.1,63.44,63.77,588300,2026-01-24T03:45:24Z
PNC,2006-01-17,35.36,35.9,35.27,35.85,2591591,62.41,63.36,62.25,63.28,1468300,2026-01-24T03:45:24Z
PNC,2006-01-18,35.99,36.02,35.09,35.1,3542411,63.52,63.57,61.94,61.95,2007000,2026-01-24T03:45:24Z
PNC,2006-01-19,36.07,36.6,35.98,36.25,3138218,63.67,64.6,63.51,63.98,1778000,2026-01-24T03:45:24Z
PNC,2006-01-20,37.39,38.67,36.76,37.14,12179952,66,68.25,64.88,65.55,6900700,2026-01-24T03:45:24Z
PNC,2006-01-23,36.63,37.63,36.53,37.35,3920125,64.66,66.41,64.48,65.92,2221000,2026-01-24T03:45:24Z
PNC,2006-01-24,37.11,37.32,36.75,36.83,2683371,65.5,65.87,64.86,65,1520300,2026-01-24T03:45:24Z
PNC,2006-01-25,37.09,37.16,36.6,37.11,2456389,65.47,65.59,64.6,65.5,1391700,2026-01-24T03:45:24Z
PNC,2006-01-26,37.75,37.85,37.16,37.38,4606194,66.63,66.8,65.58,65.98,2609700,2026-01-24T03:45:24Z
PNC,2006-01-27,37.46,38.24,37.14,37.84,3707270,66.12,67.5,65.56,66.79,2100400,2026-01-24T03:45:24Z
PNC,2006-01-30,36.95,37.45,36.88,37.45,2675958,65.21,66.1,65.09,66.1,1516100,2026-01-24T03:45:24Z
PNC,2006-01-31,36.75,37,36.55,36.88,2977425,64.86,65.3,64.51,65.1,1686900,2026-01-24T03:45:24Z
PNC,2006-02-01,36.88,36.88,36.23,36.42,3308897,65.09,65.09,63.95,64.28,1874700,2026-01-24T03:45:24Z
PNC,2006-02-02,36.46,36.82,36.44,36.81,2098091,64.35,64.99,64.31,64.97,1188700,2026-01-24T03:45:24Z
PNC,2006-02-03,36.25,36.47,35.77,36.16,2153511,63.98,64.37,63.13,63.83,1220100,2026-01-24T03:45:24Z
PNC,2006-02-06,35.84,36.19,35.8,36.15,1710666,63.25,63.88,63.18,63.8,969200,2026-01-24T03:45:24Z
PNC,2006-02-07,35.83,36.08,35.59,35.94,2071616,63.24,63.69,62.82,63.43,1173700,2026-01-24T03:45:24Z
PNC,2006-02-08,36.3,36.3,35.56,36.15,1543340,64.07,64.07,62.77,63.81,874400,2026-01-24T03:45:24Z
PNC,2006-02-09,36.22,36.71,36.06,36.32,1468502,63.93,64.79,63.65,64.1,832000,2026-01-24T03:45:24Z
PNC,2006-02-10,36.59,36.69,35.95,36.24,1855753,64.58,64.76,63.46,63.97,1051400,2026-01-24T03:45:24Z
PNC,2006-02-13,37.73,38.78,37.38,38.45,6961631,66.59,68.45,65.97,67.86,3944200,2026-01-24T03:45:24Z
PNC,2006-02-14,37.94,38.29,37.56,37.56,3364676,66.97,67.59,66.3,66.3,1906300,2026-01-24T03:45:24Z
PNC,2006-02-15,39.13,39.38,38.49,38.58,9544218,69.07,69.5,67.94,68.1,5407400,2026-01-24T03:45:24Z
PNC,2006-02-16,39.78,39.78,39.16,39.4,4618196,70.21,70.21,69.11,69.55,2616500,2026-01-24T03:45:24Z
PNC,2006-02-17,39.22,39.91,38.92,39.66,3297078,69.23,70.45,68.7,70,1868000,2026-01-24T03:45:24Z
PNC,2006-02-21,39.18,39.64,39.1,39.43,1980364,69.15,69.96,69.02,69.6,1122000,2026-01-24T03:45:24Z
PNC,2006-02-22,40.32,40.32,39.07,39.07,3121455,71.16,71.16,68.95,68.95,1768500,2026-01-24T03:45:24Z
PNC,2006-02-23,40.07,40.25,39.65,40.04,3036381,70.72,71.04,69.98,70.67,1720300,2026-01-24T03:45:24Z
PNC,2006-02-24,40.17,40.46,39.89,40.11,2518873,70.9,71.42,70.41,70.8,1427100,2026-01-24T03:45:24Z
PNC,2006-02-27,40.21,40.39,39.95,40.03,1699724,70.98,71.28,70.52,70.66,963000,2026-01-24T03:45:24Z
PNC,2006-02-28,39.86,40.17,39.53,40.17,2558409,70.35,70.9,69.77,70.9,1449500,2026-01-24T03:45:24Z
PNC,2006-03-01,40.17,40.29,39.87,39.9,2765622,70.91,71.12,70.37,70.43,1566900,2026-01-24T03:45:24Z
PNC,2006-03-02,40.02,40.21,39.88,40.17,2072499,70.63,70.97,70.38,70.91,1174200,2026-01-24T03:45:24Z
PNC,2006-03-03,39.94,40.16,39.66,39.91,2000484,70.49,70.89,70,70.45,1133400,2026-01-24T03:45:24Z
PNC,2006-03-06,39.57,39.97,39.25,39.97,2306364,69.85,70.55,69.28,70.55,1306700,2026-01-24T03:45:24Z
PNC,2006-03-07,39.57,39.65,39.2,39.38,1533812,69.84,69.98,69.18,69.51,869000,2026-01-24T03:45:24Z
PNC,2006-03-08,39.68,39.74,39.37,39.57,1638653,70.03,70.15,69.48,69.85,928400,2026-01-24T03:45:24Z
PNC,2006-03-09,39.43,39.9,39.38,39.73,2391615,69.59,70.42,69.5,70.13,1355000,2026-01-24T03:45:24Z
PNC,2006-03-10,39.65,39.73,39.1,39.15,1678364,69.98,70.13,69.01,69.1,950900,2026-01-24T03:45:24Z
PNC,2006-03-13,39.72,39.93,39.41,39.63,1673951,70.1,70.47,69.56,69.95,948400,2026-01-24T03:45:24Z
PNC,2006-03-14,40.04,40.15,39.33,39.55,4577422,70.68,70.86,69.41,69.8,2593400,2026-01-24T03:45:24Z
PNC,2006-03-15,39.6,39.91,39.33,39.83,3436863,69.89,70.45,69.41,70.3,1947200,2026-01-24T03:45:24Z
PNC,2006-03-16,39.38,39.8,39.26,39.8,2594238,69.51,70.24,69.29,70.24,1469800,2026-01-24T03:45:24Z
PNC,2006-03-17,39.52,39.89,39.51,39.89,2361959,69.75,70.41,69.73,70.41,1338200,2026-01-24T03:45:24Z
PNC,2006-03-20,39.69,39.81,39.29,39.49,1441147,70.05,70.26,69.35,69.7,816500,2026-01-24T03:45:24Z
PNC,2006-03-21,39.34,39.67,39.2,39.48,2654958,69.44,70.01,69.18,69.69,1504200,2026-01-24T03:45:24Z
PNC,2006-03-22,39.74,39.81,39.25,39.4,2578002,70.14,70.26,69.28,69.54,1460600,2026-01-24T03:45:24Z
PNC,2006-03-23,39.53,39.73,39.35,39.68,1388197,69.78,70.13,69.45,70.04,786500,2026-01-24T03:45:24Z
PNC,2006-03-24,39.54,39.6,39.22,39.44,1051428,69.79,69.89,69.23,69.61,595700,2026-01-24T03:45:24Z
PNC,2006-03-27,39.5,39.56,39.19,39.3,1153798,69.72,69.83,69.17,69.36,653700,2026-01-24T03:45:24Z
PNC,2006-03-28,38.91,39.57,38.82,39.53,1458089,68.67,69.85,68.52,69.77,826100,2026-01-24T03:45:24Z
PNC,2006-03-29,38.81,39.09,38.66,38.97,1531867,68.5,69,68.23,68.78,867900,2026-01-24T03:45:24Z
PNC,2006-03-30,37.95,38.79,37.81,38.67,2997729,66.99,68.47,66.74,68.26,1698400,2026-01-24T03:45:24Z
PNC,2006-03-31,38.14,38.34,38.03,38.17,3092687,67.31,67.67,67.13,67.37,1752200,2026-01-24T03:45:24Z
PNC,2006-04-03,38.12,38.65,37.98,38.17,2933126,67.29,68.21,67.04,67.37,1661800,2026-01-24T03:45:24Z
PNC,2006-04-04,38.33,38.56,37.85,38.01,2494337,67.65,68.06,66.81,67.09,1413200,2026-01-24T03:45:24Z
PNC,2006-04-05,38.42,38.61,38.17,38.24,1562758,67.81,68.14,67.37,67.5,885400,2026-01-24T03:45:24Z
PNC,2006-04-06,38.41,39.09,38.39,38.79,2726087,67.79,69,67.75,68.47,1544500,2026-01-24T03:45:24Z
PNC,2006-04-07,38.06,38.78,37.91,38.54,1931118,67.18,68.44,66.92,68.02,1094100,2026-01-24T03:45:24Z
PNC,2006-04-10,37.98,38.22,37.61,38.2,3538528,67.04,67.45,66.38,67.42,2004800,2026-01-24T03:45:24Z
PNC,2006-04-11,37.74,38.21,37.57,37.97,2120442,66.07,66.88,65.77,66.47,1211300,2026-01-24T03:45:24Z
PNC,2006-04-12,37.75,37.98,37.55,37.79,2566477,66.08,66.49,65.74,66.15,1466100,2026-01-24T03:45:24Z
PNC,2006-04-13,37.62,37.92,37.3,37.73,2312648,65.85,66.39,65.3,66.05,1321100,2026-01-24T03:45:24Z
PNC,2006-04-17,37.81,38.34,37.67,37.99,3499345,66.18,67.12,65.95,66.5,1999000,2026-01-24T03:45:24Z
PNC,2006-04-18,38.95,39.1,37.95,37.95,5294358,68.18,68.45,66.43,66.43,3024400,2026-01-24T03:45:24Z
PNC,2006-04-19,39.32,39.87,38.87,38.95,3692083,68.84,69.8,68.05,68.19,2109100,2026-01-24T03:45:24Z
PNC,2006-04-20,39.71,39.92,39.02,39.02,2764288,69.52,69.89,68.3,68.3,1579100,2026-01-24T03:45:24Z
PNC,2006-04-21,39.81,40.07,39.53,40.07,3497769,69.69,70.15,69.2,70.14,1998100,2026-01-24T03:45:24Z
PNC,2006-04-24,39.75,39.95,39.5,39.95,2087356,69.59,69.94,69.15,69.94,1192400,2026-01-24T03:45:24Z
PNC,2006-04-25,39.6,39.79,39.46,39.77,2625124,69.33,69.66,69.07,69.61,1499600,2026-01-24T03:45:24Z
PNC,2006-04-26,39.99,39.99,39.69,39.8,2376017,70,70,69.48,69.67,1357300,2026-01-24T03:45:24Z
PNC,2006-04-27,40.34,40.44,39.65,39.71,2990464,70.61,70.8,69.41,69.51,1708300,2026-01-24T03:45:24Z
PNC,2006-04-28,40.83,40.93,40.21,40.24,2552825,71.47,71.65,70.39,70.45,1458300,2026-01-24T03:45:24Z
PNC,2006-05-01,40.03,41.06,39.88,40.76,2100481,70.08,71.88,69.81,71.36,1199900,2026-01-24T03:45:24Z
PNC,2006-05-02,40.21,40.44,40.09,40.09,2049544,70.39,70.8,70.18,70.18,1170800,2026-01-24T03:45:24Z
PNC,2006-05-03,40.15,40.3,39.82,40.1,1678602,70.29,70.54,69.7,70.2,958900,2026-01-24T03:45:24Z
PNC,2006-05-04,40.5,40.52,40.13,40.13,2165427,70.89,70.93,70.25,70.25,1237000,2026-01-24T03:45:24Z
PNC,2006-05-05,40.9,40.98,40.52,40.59,1881662,71.6,71.74,70.94,71.05,1074900,2026-01-24T03:45:24Z
PNC,2006-05-08,40.58,41.13,40.53,40.94,1585298,71.03,72,70.95,71.67,905600,2026-01-24T03:45:24Z
PNC,2006-05-09,40.64,40.74,40.34,40.44,1898119,71.14,71.32,70.61,70.8,1084300,2026-01-24T03:45:24Z
PNC,2006-05-10,40.62,40.74,40.36,40.55,1660222,71.11,71.31,70.65,70.99,948400,2026-01-24T03:45:24Z
PNC,2006-05-11,39.8,40.59,39.56,40.53,2254359,69.67,71.06,69.25,70.95,1287800,2026-01-24T03:45:24Z
PNC,2006-05-12,39.28,40.07,39.26,39.84,1734269,68.77,70.15,68.73,69.74,990700,2026-01-24T03:45:24Z
PNC,2006-05-15,39.74,39.86,39.26,39.28,1569192,69.56,69.77,68.73,68.76,896400,2026-01-24T03:45:24Z
PNC,2006-05-16,39.75,39.92,39.67,39.71,1663022,69.58,69.88,69.44,69.52,950000,2026-01-24T03:45:24Z
PNC,2006-05-17,39.26,39.54,39.01,39.35,2365690,68.73,69.21,68.28,68.88,1351400,2026-01-24T03:45:24Z
PNC,2006-05-18,38.81,39.54,38.81,39.26,2113086,67.94,69.22,67.93,68.73,1207100,2026-01-24T03:45:24Z
PNC,2006-05-19,39.11,39.34,38.84,39.16,2270813,68.46,68.86,67.99,68.55,1297200,2026-01-24T03:45:24Z
PNC,2006-05-22,39.01,39.21,38.69,39.06,2506087,68.29,68.64,67.73,68.37,1431600,2026-01-24T03:45:24Z
PNC,2006-05-23,39.08,39.47,39,39.1,2136893,68.41,69.09,68.27,68.44,1220700,2026-01-24T03:45:24Z
PNC,2006-05-24,39.23,39.59,38.67,39.08,2230024,68.67,69.3,67.69,68.41,1273900,2026-01-24T03:45:24Z
PNC,2006-05-25,39.56,39.56,39.18,39.42,1313962,69.25,69.25,68.58,69,750600,2026-01-24T03:45:24Z
PNC,2006-05-26,39.39,39.8,39.31,39.69,1112124,68.95,69.67,68.82,69.48,635300,2026-01-24T03:45:24Z
PNC,2006-05-30,38.92,39.25,38.85,39.25,1096369,68.14,68.71,68,68.71,626300,2026-01-24T03:45:24Z
PNC,2006-05-31,39.36,39.37,38.87,39.07,2475626,68.91,68.92,68.04,68.39,1414200,2026-01-24T03:45:24Z
PNC,2006-06-01,39.75,39.77,39.29,39.42,1565342,69.59,69.62,68.78,69,894200,2026-01-24T03:45:24Z
PNC,2006-06-02,39.51,39.92,39.36,39.79,2526043,69.17,69.89,68.9,69.66,1443000,2026-01-24T03:45:24Z
PNC,2006-06-05,38.63,39.35,38.57,39.31,1967441,67.62,68.89,67.52,68.81,1123900,2026-01-24T03:45:24Z
PNC,2006-06-06,38.57,38.78,38.09,38.76,1868713,67.51,67.89,66.68,67.85,1067500,2026-01-24T03:45:24Z
PNC,2006-06-07,38.81,39.18,38.37,38.65,2327878,67.93,68.59,67.17,67.66,1329800,2026-01-24T03:45:24Z
PNC,2006-06-08,39.51,39.64,38.6,38.8,3284380,69.16,69.39,67.58,67.92,1876200,2026-01-24T03:45:24Z
PNC,2006-06-09,39.5,39.9,39.27,39.62,2227397,69.14,69.85,68.74,69.35,1272400,2026-01-24T03:45:24Z
PNC,2006-06-12,39.36,39.74,39.25,39.64,2033261,68.9,69.57,68.71,69.39,1161500,2026-01-24T03:45:24Z
PNC,2006-06-13,38.95,39.68,38.72,39.39,2880703,68.19,69.46,67.78,68.96,1645600,2026-01-24T03:45:24Z
PNC,2006-06-14,38.21,39.03,37.64,38.89,3088316,66.89,68.32,65.89,68.07,1764200,2026-01-24T03:45:24Z
PNC,2006-06-15,39.74,39.74,38.39,38.63,3171470,69.56,69.56,67.2,67.63,1811700,2026-01-24T03:45:24Z
PNC,2006-06-16,39.57,39.83,39.37,39.65,3509504,69.27,69.72,68.92,69.4,2004800,2026-01-24T03:45:24Z
PNC,2006-06-19,39.18,39.82,39.11,39.75,1431248,68.58,69.71,68.47,69.58,817600,2026-01-24T03:45:24Z
PNC,2006-06-20,39.11,39.41,39.03,39.19,2170857,68.46,68.99,68.32,68.61,1240100,2026-01-24T03:45:24Z
PNC,2006-06-21,39.18,39.44,39.03,39.03,1840351,68.58,69.04,68.33,68.33,1051300,2026-01-24T03:45:24Z
PNC,2006-06-22,39.25,39.28,38.97,39.05,1687706,68.71,68.76,68.22,68.35,964100,2026-01-24T03:45:24Z
PNC,2006-06-23,38.91,39.2,38.58,39.14,1581096,68.12,68.62,67.54,68.51,903200,2026-01-24T03:45:24Z
PNC,2006-06-26,38.99,39.14,38.9,38.9,1311860,68.26,68.51,68.09,68.09,749400,2026-01-24T03:45:24Z
PNC,2006-06-27,38.82,39.3,38.82,39.05,1143983,67.96,68.79,67.96,68.36,653500,2026-01-24T03:45:24Z
PNC,2006-06-28,39.35,39.55,39.05,39.06,1547658,68.88,69.24,68.36,68.38,884100,2026-01-24T03:45:24Z
PNC,2006-06-29,40.34,40.51,39.46,39.65,2368143,70.61,70.91,69.08,69.4,1352800,2026-01-24T03:45:24Z
PNC,2006-06-30,40.08,40.52,40.05,40.39,2412779,70.17,70.94,70.11,70.7,1378300,2026-01-24T03:45:24Z
PNC,2006-07-03,40.42,40.48,40.15,40.23,520788,70.75,70.86,70.29,70.42,297500,2026-01-24T03:45:24Z
PNC,2006-07-05,39.94,40.16,39.7,40.16,1914052,69.91,70.31,69.5,70.3,1093400,2026-01-24T03:45:24Z
PNC,2006-07-06,39.9,40.19,39.73,39.94,1217155,69.85,70.36,69.55,69.92,695300,2026-01-24T03:45:24Z
PNC,2006-07-07,39.74,40.11,39.7,39.9,2996766,69.57,70.21,69.49,69.85,1711900,2026-01-24T03:45:24Z
PNC,2006-07-10,40.17,40.17,39.87,39.99,1543457,70.32,70.32,69.79,70.01,881700,2026-01-24T03:45:24Z
PNC,2006-07-11,40.42,40.51,39.86,40.07,1347922,70.75,70.92,69.78,70.15,770000,2026-01-24T03:45:24Z
PNC,2006-07-12,40.03,40.72,40.03,40.51,1636890,69.53,70.73,69.53,70.37,942400,2026-01-24T03:45:24Z
PNC,2006-07-13,39.95,40.27,39.79,40.03,2904161,69.39,69.94,69.12,69.53,1672000,2026-01-24T03:45:24Z
PNC,2006-07-14,40.73,40.8,39.97,39.97,3069350,70.75,70.86,69.42,69.42,1767100,2026-01-24T03:45:24Z
PNC,2006-07-17,40.81,40.93,40.36,40.73,2251421,70.88,71.1,70.1,70.75,1296200,2026-01-24T03:45:24Z
PNC,2006-07-18,40.86,40.89,40.31,40.73,2835555,70.97,71.02,70.01,70.75,1632500,2026-01-24T03:45:24Z
PNC,2006-07-19,40.58,41.21,40.17,40.86,5095141,70.48,71.58,69.78,70.97,2933400,2026-01-24T03:45:24Z
PNC,2006-07-20,40.19,40.62,40.05,40.59,2949846,69.8,70.56,69.57,70.5,1698300,2026-01-24T03:45:24Z
PNC,2006-07-21,39.49,40.15,39.3,40.13,4122631,68.6,69.74,68.26,69.7,2373500,2026-01-24T03:45:24Z
PNC,2006-07-24,39.52,39.92,39.43,39.83,3576183,68.64,69.33,68.49,69.18,2058900,2026-01-24T03:45:24Z
PNC,2006-07-25,39.66,39.77,39.2,39.55,1994701,68.89,69.07,68.09,68.7,1148400,2026-01-24T03:45:24Z
PNC,2006-07-26,39.7,39.87,39.53,39.66,3183988,68.95,69.25,68.67,68.89,1833100,2026-01-24T03:45:24Z
PNC,2006-07-27,39.81,40.15,39.67,39.9,3763431,69.14,69.74,68.91,69.3,2166700,2026-01-24T03:45:24Z
PNC,2006-07-28,40.85,40.91,39.6,39.93,4963312,70.96,71.06,68.79,69.35,2857500,2026-01-24T03:45:24Z
PNC,2006-07-31,40.78,41.04,40.66,40.76,3124057,70.84,71.28,70.62,70.8,1798600,2026-01-24T03:45:24Z
PNC,2006-08-01,40.65,40.8,40.34,40.49,2378912,70.6,70.87,70.06,70.33,1369600,2026-01-24T03:45:24Z
PNC,2006-08-02,40.23,40.79,40.23,40.79,2170131,69.88,70.85,69.87,70.85,1249400,2026-01-24T03:45:24Z
PNC,2006-08-03,40.72,40.86,40.17,40.23,2844068,70.73,70.97,69.77,69.88,1637400,2026-01-24T03:45:24Z
PNC,2006-08-04,41.26,41.35,40.88,40.92,3017066,71.67,71.83,71,71.08,1737000,2026-01-24T03:45:24Z
PNC,2006-08-07,41.27,41.51,41.1,41.27,2009815,71.69,72.1,71.38,71.68,1157100,2026-01-24T03:45:24Z
PNC,2006-08-08,40.95,41.52,40.83,41.42,3517305,71.13,72.11,70.92,71.94,2025000,2026-01-24T03:45:24Z
PNC,2006-08-09,40.65,41.38,40.6,41.26,1813193,70.61,71.88,70.52,71.67,1043900,2026-01-24T03:45:24Z
PNC,2006-08-10,40.78,40.88,40.4,40.59,1543443,70.84,71,70.18,70.5,888600,2026-01-24T03:45:24Z
PNC,2006-08-11,40.54,40.75,40.43,40.71,1493075,70.42,70.78,70.22,70.71,859600,2026-01-24T03:45:24Z
PNC,2006-08-14,40.67,41.13,40.55,40.86,1542403,70.64,71.44,70.43,70.97,888000,2026-01-24T03:45:24Z
PNC,2006-08-15,41.17,41.21,40.86,40.99,1810065,71.51,71.58,70.97,71.2,1042100,2026-01-24T03:45:24Z
PNC,2006-08-16,41.14,41.45,40.74,41.44,1779669,71.46,71.99,70.76,71.98,1024600,2026-01-24T03:45:24Z
PNC,2006-08-17,40.97,41.11,40.61,41.11,1429503,71.17,71.4,70.53,71.4,823000,2026-01-24T03:45:24Z
PNC,2006-08-18,41.03,41.18,40.81,41.18,1218810,71.26,71.53,70.88,71.53,701700,2026-01-24T03:45:24Z
PNC,2006-08-21,40.84,41.03,40.74,40.88,1253028,70.93,71.27,70.77,71.01,721400,2026-01-24T03:45:24Z
PNC,2006-08-22,40.75,41.03,40.67,40.87,1309827,70.78,71.27,70.65,70.98,754100,2026-01-24T03:45:24Z
PNC,2006-08-23,40.6,40.74,40.43,40.6,815146,70.52,70.76,70.23,70.52,469300,2026-01-24T03:45:24Z
PNC,2006-08-24,40.58,40.85,40.52,40.81,861349,70.49,70.96,70.38,70.88,495900,2026-01-24T03:45:24Z
PNC,2006-08-25,40.05,40.54,39.81,40.47,1275436,69.56,70.42,69.15,70.3,734300,2026-01-24T03:45:24Z
PNC,2006-08-28,40.46,40.58,39.93,39.93,886014,70.28,70.48,69.35,69.35,510100,2026-01-24T03:45:24Z
PNC,2006-08-29,40.58,40.59,40.13,40.54,2584570,70.49,70.5,69.7,70.42,1488000,2026-01-24T03:45:24Z
PNC,2006-08-30,40.62,40.84,40.54,40.78,1034002,70.56,70.94,70.41,70.84,595300,2026-01-24T03:45:24Z
PNC,2006-08-31,40.76,40.82,40.52,40.7,1252680,70.79,70.9,70.38,70.7,721200,2026-01-24T03:45:24Z
PNC,2006-09-01,40.88,40.97,40.63,40.87,876285,71,71.16,70.57,70.98,504500,2026-01-24T03:45:24Z
PNC,2006-09-05,40.91,41.12,40.86,40.93,932909,71.05,71.42,70.97,71.09,537100,2026-01-24T03:45:24Z
PNC,2006-09-06,40.88,41.06,40.7,40.91,1325805,71,71.32,70.69,71.06,763300,2026-01-24T03:45:24Z
PNC,2006-09-07,40.31,40.92,40.24,40.88,1163748,70.02,71.07,69.9,71,670000,2026-01-24T03:45:24Z
PNC,2006-09-08,41.29,41.29,40.31,40.31,2655434,71.72,71.72,70.02,70.02,1528800,2026-01-24T03:45:24Z
PNC,2006-09-11,41.16,41.22,40.77,40.77,2221371,71.49,71.6,70.81,70.81,1278900,2026-01-24T03:45:24Z
PNC,2006-09-12,41.57,41.57,40.85,41.11,2326457,72.21,72.21,70.95,71.4,1339400,2026-01-24T03:45:24Z
PNC,2006-09-13,41.85,42.01,41.33,41.59,3050418,72.69,72.96,71.78,72.24,1756200,2026-01-24T03:45:24Z
PNC,2006-09-14,41.37,42.01,41.26,41.91,2213385,71.85,72.97,71.66,72.8,1274300,2026-01-24T03:45:24Z
PNC,2006-09-15,41.94,42,41.56,41.66,2099785,72.85,72.95,72.19,72.36,1208900,2026-01-24T03:45:24Z
PNC,2006-09-18,41.74,42.02,41.51,42.02,1448259,72.5,72.98,72.1,72.98,833800,2026-01-24T03:45:24Z
PNC,2006-09-19,41.45,41.8,41.34,41.8,1796864,72,72.6,71.8,72.6,1034500,2026-01-24T03:45:24Z
PNC,2006-09-20,42.1,42.1,41.42,41.45,1548654,73.13,73.13,71.95,72,891600,2026-01-24T03:45:24Z
PNC,2006-09-21,41.9,42.35,41.72,42.1,1740414,72.77,73.55,72.47,73.13,1002000,2026-01-24T03:45:24Z
PNC,2006-09-22,41.99,42.1,41.66,41.9,1306701,72.93,73.13,72.36,72.77,752300,2026-01-24T03:45:24Z
PNC,2006-09-25,42.21,42.31,41.77,42.13,1556644,73.32,73.49,72.55,73.18,896200,2026-01-24T03:45:24Z
PNC,2006-09-26,42,42.25,41.68,42.16,1460768,72.95,73.39,72.39,73.22,841000,2026-01-24T03:45:24Z
PNC,2006-09-27,41.87,42.03,41.76,41.91,2017631,72.72,73,72.54,72.8,1161600,2026-01-24T03:45:24Z
PNC,2006-09-28,41.86,42,41.81,41.95,1231838,72.7,72.95,72.62,72.86,709200,2026-01-24T03:45:24Z
PNC,2006-09-29,41.71,42.17,41.65,41.74,1906292,72.44,73.25,72.35,72.5,1097500,2026-01-24T03:45:24Z
PNC,2006-10-02,41.66,41.9,41.34,41.82,1927481,72.36,72.77,71.81,72.64,1109700,2026-01-24T03:45:24Z
PNC,2006-10-03,41.91,42.21,41.79,41.79,1841157,72.79,73.32,72.59,72.59,1060000,2026-01-24T03:45:24Z
PNC,2006-10-04,42.28,42.33,41.78,41.82,2162493,73.44,73.53,72.57,72.64,1245000,2026-01-24T03:45:24Z
PNC,2006-10-05,42.5,42.6,42.16,42.28,2120805,73.82,74,73.23,73.44,1221000,2026-01-24T03:45:24Z
PNC,2006-10-06,42.37,42.51,42.24,42.5,1053279,73.6,73.84,73.36,73.82,606400,2026-01-24T03:45:24Z
PNC,2006-10-09,40.53,40.64,39.24,40.1,19313754,70.4,70.59,68.16,69.65,11119400,2026-01-24T03:45:24Z
PNC,2006-10-10,40.45,40.9,40.31,40.85,7059106,70.26,71.04,70.01,70.95,4064100,2026-01-24T03:45:24Z
PNC,2006-10-11,40.91,40.92,40.14,40.45,4394876,70.5,70.51,69.18,69.71,2550200,2026-01-24T03:45:24Z
PNC,2006-10-12,40.68,41.05,40.62,41,2945886,70.1,70.75,70.01,70.66,1709400,2026-01-24T03:45:24Z
PNC,2006-10-13,40.28,40.65,40.15,40.57,3666409,69.42,70.06,69.2,69.92,2127500,2026-01-24T03:45:24Z
PNC,2006-10-16,40.06,40.26,39.34,40.24,2558300,69.03,69.38,67.79,69.35,1484500,2026-01-24T03:45:24Z
PNC,2006-10-17,40,40.06,39.81,40.04,1890509,68.94,69.04,68.6,69,1097000,2026-01-24T03:45:24Z
PNC,2006-10-18,40.13,40.26,39.95,40.15,2533314,69.15,69.38,68.85,69.2,1470000,2026-01-24T03:45:24Z
PNC,2006-10-19,40.18,40.18,39.84,40.04,2010281,69.25,69.25,68.66,69,1166500,2026-01-24T03:45:24Z
PNC,2006-10-20,39.83,40.28,39.78,40.28,3672966,68.64,69.42,68.55,69.42,2131300,2026-01-24T03:45:24Z
PNC,2006-10-23,39.78,40.01,39.69,39.8,2652055,68.55,68.95,68.4,68.59,1538900,2026-01-24T03:45:24Z
PNC,2006-10-24,39.74,39.86,39.47,39.67,2298596,68.49,68.7,68.02,68.37,1333800,2026-01-24T03:45:24Z
PNC,2006-10-25,39.72,39.94,39.62,39.89,2222768,68.45,68.83,68.28,68.74,1289800,2026-01-24T03:45:24Z
PNC,2006-10-26,40.06,40.12,39.62,39.68,2085932,69.03,69.14,68.28,68.39,1210400,2026-01-24T03:45:24Z
PNC,2006-10-27,39.5,39.85,39.44,39.84,1655271,68.07,68.67,67.96,68.65,960500,2026-01-24T03:45:24Z
PNC,2006-10-30,39.77,40.02,39.23,39.28,2797332,68.53,68.96,67.61,67.7,1623200,2026-01-24T03:45:24Z
PNC,2006-10-31,40.64,41.09,39.77,40.24,6495974,70.03,70.81,68.53,69.34,3769400,2026-01-24T03:45:24Z
PNC,2006-11-01,40.23,40.87,40.23,40.71,4611498,69.33,70.44,69.33,70.15,2675900,2026-01-24T03:45:24Z
PNC,2006-11-02,39.94,40.11,39.79,40.05,2303421,68.83,69.12,68.57,69.02,1336600,2026-01-24T03:45:24Z
PNC,2006-11-03,39.89,40.22,39.68,40.17,1605810,68.75,69.32,68.39,69.23,931800,2026-01-24T03:45:24Z
PNC,2006-11-06,40.18,40.36,39.98,40,2564336,69.25,69.56,68.9,68.93,1488000,2026-01-24T03:45:24Z
PNC,2006-11-07,40.29,40.67,40.18,40.18,1921698,69.44,70.09,69.25,69.25,1115100,2026-01-24T03:45:24Z
PNC,2006-11-08,40.35,40.42,40.21,40.28,2165380,69.53,69.66,69.3,69.41,1256500,2026-01-24T03:45:24Z
PNC,2006-11-09,40.1,40.47,39.98,40.39,2049571,69.1,69.74,68.89,69.6,1189300,2026-01-24T03:45:24Z
PNC,2006-11-10,40.02,40.56,39.96,40.24,3055491,68.97,69.89,68.86,69.35,1773000,2026-01-24T03:45:24Z
PNC,2006-11-13,40.24,40.43,40.03,40.11,1654066,69.34,69.68,68.99,69.12,959800,2026-01-24T03:45:24Z
PNC,2006-11-14,40.36,40.47,40.17,40.42,2459210,69.55,69.75,69.23,69.65,1427000,2026-01-24T03:45:24Z
PNC,2006-11-15,40.33,40.49,40.28,40.45,2464035,69.5,69.78,69.41,69.71,1429800,2026-01-24T03:45:24Z
PNC,2006-11-16,40.33,40.46,40.22,40.39,1620631,69.51,69.73,69.32,69.61,940400,2026-01-24T03:45:24Z
PNC,2006-11-17,40.28,40.37,40.15,40.25,1259245,69.42,69.57,69.19,69.37,730700,2026-01-24T03:45:24Z
PNC,2006-11-20,40.17,40.31,40,40.21,2084384,69.22,69.47,68.93,69.3,1209500,2026-01-24T03:45:24Z
PNC,2006-11-21,40.14,40.25,39.96,40.1,1738853,69.17,69.37,68.87,69.11,1009000,2026-01-24T03:45:24Z
PNC,2006-11-22,40.21,40.43,39.96,40.14,1501894,69.3,69.67,68.87,69.18,871500,2026-01-24T03:45:24Z
PNC,2006-11-24,40.39,40.4,40,40.07,686407,69.6,69.62,68.94,69.06,398300,2026-01-24T03:45:24Z
PNC,2006-11-27,40.08,40.45,40.07,40.45,3308127,69.07,69.7,69.05,69.7,1919600,2026-01-24T03:45:24Z
PNC,2006-11-28,40.39,40.58,40.09,40.2,3931464,69.6,69.94,69.09,69.27,2281300,2026-01-24T03:45:24Z
PNC,2006-11-29,41.03,41.14,40.63,40.65,2745631,70.71,70.9,70.02,70.06,1593200,2026-01-24T03:45:24Z
PNC,2006-11-30,41.02,41.23,40.71,40.97,2635854,70.69,71.06,70.15,70.6,1529500,2026-01-24T03:45:24Z
PNC,2006-12-01,41.19,41.37,40.94,41.02,3472707,70.98,71.29,70.55,70.69,2015100,2026-01-24T03:45:24Z
PNC,2006-12-04,41.51,41.63,41.23,41.46,2594667,71.53,71.75,71.06,71.45,1505600,2026-01-24T03:45:24Z
PNC,2006-12-05,41.47,41.55,41.29,41.45,2457660,71.46,71.6,71.15,71.44,1426100,2026-01-24T03:45:24Z
PNC,2006-12-06,41.47,41.62,41.3,41.52,1529295,71.47,71.73,71.17,71.55,887400,2026-01-24T03:45:24Z
PNC,2006-12-07,41.71,42.16,41.63,41.69,2521941,71.88,72.65,71.74,71.85,1463400,2026-01-24T03:45:24Z
PNC,2006-12-08,41.67,41.95,41.57,41.72,2079386,71.82,72.29,71.63,71.89,1206600,2026-01-24T03:45:24Z
PNC,2006-12-11,41.96,41.98,41.75,41.77,2314107,72.31,72.35,71.95,71.99,1342800,2026-01-24T03:45:24Z
PNC,2006-12-12,42.19,42.21,41.77,42.02,3224550,72.7,72.75,71.99,72.42,1871100,2026-01-24T03:45:24Z
PNC,2006-12-13,42.26,42.31,42.02,42.3,1421585,72.83,72.92,72.42,72.9,824900,2026-01-24T03:45:24Z
PNC,2006-12-14,42.63,42.7,42.15,42.29,3370863,73.46,73.58,72.63,72.88,1956000,2026-01-24T03:45:24Z
PNC,2006-12-15,42.67,42.82,42.47,42.67,3878208,73.53,73.8,73.19,73.54,2250400,2026-01-24T03:45:24Z
PNC,2006-12-18,43.09,43.12,42.58,42.82,3261941,74.26,74.31,73.38,73.8,1892800,2026-01-24T03:45:24Z
PNC,2006-12-19,42.55,43.03,42.55,42.78,3707257,73.33,74.16,73.33,73.72,2151200,2026-01-24T03:45:24Z
PNC,2006-12-20,43.21,43.23,42.66,42.7,2926754,74.46,74.5,73.51,73.58,1698300,2026-01-24T03:45:24Z
PNC,2006-12-21,43.11,43.34,42.89,42.95,1825019,74.29,74.69,73.91,74.02,1059000,2026-01-24T03:45:24Z
PNC,2006-12-22,42.98,43.22,42.86,43.22,1253560,74.07,74.48,73.86,74.48,727400,2026-01-24T03:45:24Z
PNC,2006-12-26,43.22,43.25,42.93,42.98,950941,74.48,74.53,73.99,74.07,551800,2026-01-24T03:45:24Z
PNC,2006-12-27,43.51,43.55,43.22,43.35,1398494,74.98,75.05,74.48,74.7,811500,2026-01-24T03:45:24Z
PNC,2006-12-28,43.36,43.61,43.31,43.51,968691,74.73,75.15,74.63,74.98,562100,2026-01-24T03:45:24Z
PNC,2006-12-29,42.96,43.51,42.9,43.37,1447091,74.04,74.98,73.93,74.74,839700,2026-01-24T03:45:24Z
PNC,2007-01-03,43.61,43.87,43.2,43.21,3213173,75.15,75.6,74.44,74.47,1864500,2026-01-24T03:45:24Z
PNC,2007-01-04,43.5,43.6,43.29,43.47,1479836,74.96,75.13,74.61,74.91,858700,2026-01-24T03:45:24Z
PNC,2007-01-05,43,43.5,42.86,43.5,1551698,74.1,74.96,73.86,74.96,900400,2026-01-24T03:45:24Z
PNC,2007-01-08,43.49,43.53,42.77,43.06,2737533,74.94,75.01,73.7,74.2,1588500,2026-01-24T03:45:24Z
PNC,2007-01-09,43.58,43.9,43.27,43.5,3468744,75.11,75.65,74.57,74.96,2012800,2026-01-24T03:45:24Z
PNC,2007-01-10,43.82,43.82,43.51,43.58,2152777,74.97,74.97,74.43,74.56,1258400,2026-01-24T03:45:24Z
PNC,2007-01-11,43.83,44.11,43.7,43.91,2036616,74.98,75.46,74.75,75.12,1190500,2026-01-24T03:45:24Z
PNC,2007-01-12,43.74,43.82,43.61,43.75,1799682,74.83,74.96,74.6,74.85,1052000,2026-01-24T03:45:24Z
PNC,2007-01-16,43.7,43.88,43.55,43.85,2014890,74.76,75.06,74.5,75.02,1177800,2026-01-24T03:45:24Z
PNC,2007-01-17,43.64,43.84,43.5,43.7,1903866,74.66,74.99,74.41,74.76,1112900,2026-01-24T03:45:24Z
PNC,2007-01-18,43.75,43.84,43.61,43.72,1375422,74.85,75,74.61,74.8,804000,2026-01-24T03:45:24Z
PNC,2007-01-19,43.74,43.93,43.43,43.93,2124033,74.82,75.15,74.3,75.15,1241600,2026-01-24T03:45:24Z
PNC,2007-01-22,43.21,43.64,43.05,43.64,2605944,73.92,74.65,73.65,74.65,1523300,2026-01-24T03:45:24Z
PNC,2007-01-23,42.75,43.43,42.67,43.43,3193239,73.14,74.3,73,74.3,1866600,2026-01-24T03:45:24Z
PNC,2007-01-24,43.08,43.11,42.62,42.79,2278169,73.7,73.74,72.91,73.2,1331700,2026-01-24T03:45:24Z
PNC,2007-01-25,42.47,43.15,42.28,43.15,2970843,72.65,73.81,72.32,73.81,1736600,2026-01-24T03:45:24Z
PNC,2007-01-26,42.61,42.64,42.1,42.49,2383382,72.9,72.95,72.02,72.68,1393200,2026-01-24T03:45:24Z
PNC,2007-01-29,42.61,42.74,42.44,42.63,2216929,72.9,73.12,72.6,72.92,1295900,2026-01-24T03:45:24Z
PNC,2007-01-30,42.95,42.96,42.56,42.63,1824828,73.48,73.5,72.8,72.92,1066700,2026-01-24T03:45:24Z
PNC,2007-01-31,43.12,43.21,42.54,42.7,1928156,73.77,73.92,72.78,73.04,1127100,2026-01-24T03:45:24Z
PNC,2007-02-01,43.06,43.26,42.91,43.18,1935343,73.67,74,73.4,73.87,1131300,2026-01-24T03:45:24Z
PNC,2007-02-02,43.24,43.3,43.13,43.2,1263711,73.97,74.07,73.78,73.9,738700,2026-01-24T03:45:24Z
PNC,2007-02-05,43.39,43.47,43.02,43.28,1524940,74.22,74.37,73.59,74.04,891400,2026-01-24T03:45:24Z
PNC,2007-02-06,43.43,43.67,43.27,43.44,1897537,74.29,74.71,74.02,74.31,1109200,2026-01-24T03:45:24Z
PNC,2007-02-07,43.71,43.8,43.26,43.41,1331457,74.77,74.93,74,74.27,778300,2026-01-24T03:45:24Z
PNC,2007-02-08,43.61,43.71,43.26,43.71,2138061,74.6,74.78,74,74.78,1249800,2026-01-24T03:45:24Z
PNC,2007-02-09,43.62,43.96,43.45,43.69,2166974,74.63,75.2,74.33,74.74,1266700,2026-01-24T03:45:24Z
PNC,2007-02-12,43.77,43.79,43.55,43.7,1692077,74.87,74.92,74.5,74.75,989100,2026-01-24T03:45:24Z
PNC,2007-02-13,44.29,44.29,43.75,43.84,3991294,75.76,75.76,74.85,75,2333100,2026-01-24T03:45:24Z
PNC,2007-02-14,44.23,44.46,44.14,44.31,2704998,75.67,76.05,75.51,75.8,1581200,2026-01-24T03:45:24Z
PNC,2007-02-15,44.2,44.42,44.17,44.26,2138574,75.61,75.99,75.56,75.72,1250100,2026-01-24T03:45:24Z
PNC,2007-02-16,44.21,44.35,43.87,44.15,9450734,75.63,75.87,75.05,75.52,5524400,2026-01-24T03:45:24Z
PNC,2007-02-20,44.56,44.67,43.4,44.34,2103676,76.23,76.41,74.24,75.85,1229700,2026-01-24T03:45:24Z
PNC,2007-02-21,44.34,44.51,44.27,44.43,1734505,75.85,76.15,75.73,76,1013900,2026-01-24T03:45:24Z
PNC,2007-02-22,44.25,44.55,44,44.37,2098201,75.7,76.21,75.27,75.91,1226500,2026-01-24T03:45:24Z
PNC,2007-02-23,44.13,44.4,44.01,44.4,3119502,75.5,75.95,75.28,75.95,1823500,2026-01-24T03:45:24Z
PNC,2007-02-26,44.23,44.36,44.05,44.12,2868370,75.66,75.88,75.36,75.47,1676700,2026-01-24T03:45:24Z
PNC,2007-02-27,42.88,43.94,42.74,43.57,3731943,73.35,75.16,73.11,74.54,2181500,2026-01-24T03:45:24Z
PNC,2007-02-28,42.84,43.32,42.56,43.26,3717575,73.29,74.1,72.8,74,2173100,2026-01-24T03:45:24Z
PNC,2007-03-01,42.72,43.03,42.04,42.47,2685836,73.09,73.61,71.92,72.65,1570000,2026-01-24T03:45:24Z
PNC,2007-03-02,42.82,43.18,42.42,42.73,14575549,73.25,73.87,72.57,73.1,8520100,2026-01-24T03:45:24Z
PNC,2007-03-05,41.91,42.43,41.74,42.16,5201795,71.7,72.58,71.41,72.12,3040700,2026-01-24T03:45:24Z
PNC,2007-03-06,42.4,42.53,42.06,42.36,5307698,72.53,72.76,71.96,72.47,3102600,2026-01-24T03:45:24Z
PNC,2007-03-07,41.87,42.44,41.87,42.4,2657439,71.62,72.6,71.62,72.54,1553400,2026-01-24T03:45:24Z
PNC,2007-03-08,42.11,42.53,41.7,42.23,3383468,72.03,72.75,71.33,72.25,1977800,2026-01-24T03:45:24Z
PNC,2007-03-09,41.94,42.35,41.88,42.28,1854596,71.75,72.45,71.64,72.32,1084100,2026-01-24T03:45:24Z
PNC,2007-03-12,42.11,42.15,41.56,41.95,2570019,72.03,72.11,71.1,71.76,1502300,2026-01-24T03:45:24Z
PNC,2007-03-13,40.86,41.94,40.79,41.94,4691317,69.9,71.75,69.78,71.75,2742300,2026-01-24T03:45:24Z
PNC,2007-03-14,40.76,41.17,40.19,41.08,4740931,69.73,70.43,68.76,70.28,2771300,2026-01-24T03:45:24Z
PNC,2007-03-15,41.06,41.85,40.1,40.1,3443519,70.24,71.6,68.6,68.6,2012900,2026-01-24T03:45:24Z
PNC,2007-03-16,40.98,41.42,40.76,41.14,3652567,70.1,70.86,69.73,70.38,2135100,2026-01-24T03:45:24Z
PNC,2007-03-19,41.53,41.65,41.06,41.21,2659148,71.04,71.25,70.24,70.5,1554400,2026-01-24T03:45:24Z
PNC,2007-03-20,41.71,41.86,41.43,41.59,2566085,71.35,71.61,70.87,71.14,1500000,2026-01-24T03:45:24Z
PNC,2007-03-21,42.4,42.57,41.52,41.71,3476875,72.54,72.82,71.02,71.36,2032400,2026-01-24T03:45:24Z
PNC,2007-03-22,42.23,42.56,42.11,42.48,4714752,72.25,72.8,72.04,72.67,2756000,2026-01-24T03:45:24Z
PNC,2007-03-23,42.22,42.5,42.11,42.24,1807381,72.22,72.7,72.04,72.26,1056500,2026-01-24T03:45:24Z
PNC,2007-03-26,42.19,42.2,41.69,42.09,2387313,72.18,72.2,71.32,72.01,1395500,2026-01-24T03:45:24Z
PNC,2007-03-27,42.44,42.45,41.95,42.19,4636235,72.61,72.62,71.76,72.18,2710100,2026-01-24T03:45:24Z
PNC,2007-03-28,41.76,42.44,41.74,42.44,2941760,71.44,72.61,71.4,72.61,1719600,2026-01-24T03:45:24Z
PNC,2007-03-29,42.18,42.24,41.87,42.13,3214452,72.15,72.26,71.63,72.07,1879000,2026-01-24T03:45:24Z
PNC,2007-03-30,42.07,42.35,41.74,42.26,3888134,71.97,72.44,71.41,72.3,2272800,2026-01-24T03:45:24Z
PNC,2007-04-02,41.38,42.07,41.25,42.07,4682598,70.79,71.97,70.57,71.97,2737200,2026-01-24T03:45:24Z
PNC,2007-04-03,42.01,42.39,41.53,41.53,5275873,71.86,72.52,71.05,71.05,3084000,2026-01-24T03:45:24Z
PNC,2007-04-04,42.16,42.43,41.91,42.13,4931845,72.12,72.58,71.69,72.07,2882900,2026-01-24T03:45:24Z
PNC,2007-04-05,42.54,42.61,42.15,42.2,2843739,72.77,72.9,72.11,72.2,1662300,2026-01-24T03:45:24Z
PNC,2007-04-09,42.44,42.82,42.24,42.54,3281341,72.61,73.25,72.26,72.78,1918100,2026-01-24T03:45:24Z
PNC,2007-04-10,42.6,42.71,42.35,42.45,4786781,72.88,73.07,72.44,72.62,2798100,2026-01-24T03:45:24Z
PNC,2007-04-11,42.47,42.81,42.32,42.81,2707902,72.03,72.6,71.77,72.6,1596700,2026-01-24T03:45:24Z
PNC,2007-04-12,41.92,42.45,41.72,42.45,3633208,71.1,72,70.76,72,2142300,2026-01-24T03:45:24Z
PNC,2007-04-13,42.98,43.13,41.46,41.46,4922456,72.89,73.15,70.31,70.31,2902500,2026-01-24T03:45:24Z
PNC,2007-04-16,43.41,43.78,43.16,43.17,3975779,73.62,74.24,73.19,73.22,2344300,2026-01-24T03:45:24Z
PNC,2007-04-17,43.56,43.69,43.26,43.51,3101016,73.87,74.09,73.37,73.79,1828500,2026-01-24T03:45:24Z
PNC,2007-04-18,44.42,44.73,43.89,44.19,5786369,75.34,75.86,74.43,74.95,3411900,2026-01-24T03:45:24Z
PNC,2007-04-19,44.59,44.81,44.02,44.42,4156574,75.62,76,74.65,75.34,2450900,2026-01-24T03:45:24Z
PNC,2007-04-20,44.72,44.9,44.34,44.87,4098056,75.85,76.15,75.2,76.1,2416400,2026-01-24T03:45:24Z
PNC,2007-04-23,44.09,44.75,44.02,44.73,2836964,74.78,75.9,74.65,75.85,1672800,2026-01-24T03:45:24Z
PNC,2007-04-24,43.96,44.31,43.56,44.29,2787272,74.56,75.15,73.88,75.12,1643500,2026-01-24T03:45:24Z
PNC,2007-04-25,44.13,44.34,44,44.28,2446388,74.84,75.2,74.62,75.1,1442500,2026-01-24T03:45:24Z
PNC,2007-04-26,44.08,44.31,43.95,44.21,3511779,74.76,75.14,74.53,74.98,2070700,2026-01-24T03:45:24Z
PNC,2007-04-27,43.98,44.12,43.78,43.91,1665070,74.59,74.83,74.25,74.46,981800,2026-01-24T03:45:24Z
PNC,2007-04-30,43.69,44.15,43.66,43.99,2818983,74.1,74.88,74.05,74.61,1662200,2026-01-24T03:45:24Z
PNC,2007-05-01,43.86,44.08,43.45,43.77,5042185,74.39,74.75,73.68,74.23,2973100,2026-01-24T03:45:24Z
PNC,2007-05-02,43.88,44.06,43.78,43.91,2014770,74.42,74.72,74.24,74.47,1188000,2026-01-24T03:45:24Z
PNC,2007-05-03,44.21,44.21,43.81,43.98,2384993,74.98,74.98,74.3,74.59,1406300,2026-01-24T03:45:24Z
PNC,2007-05-04,44.15,44.37,43.98,44.26,2161131,74.88,75.24,74.59,75.06,1274300,2026-01-24T03:45:24Z
PNC,2007-05-07,44.39,44.5,44.22,44.39,1097948,75.28,75.46,75,75.28,647400,2026-01-24T03:45:24Z
PNC,2007-05-08,44.36,44.46,44.19,44.34,2775737,75.24,75.4,74.95,75.2,1636700,2026-01-24T03:45:24Z
PNC,2007-05-09,44.38,44.51,44.12,44.35,1618430,75.27,75.49,74.82,75.21,954300,2026-01-24T03:45:24Z
PNC,2007-05-10,43.72,44.31,43.71,44.31,1950833,74.15,75.15,74.13,75.14,1150300,2026-01-24T03:45:24Z
PNC,2007-05-11,44.07,44.14,43.72,43.78,1610289,74.74,74.85,74.15,74.25,949500,2026-01-24T03:45:24Z
PNC,2007-05-14,43.69,44.07,43.62,44.07,1938793,74.1,74.74,73.98,74.74,1143200,2026-01-24T03:45:24Z
PNC,2007-05-15,43.91,44.35,43.8,43.84,2122466,74.47,75.22,74.28,74.35,1251500,2026-01-24T03:45:24Z
PNC,2007-05-16,44.12,44.29,43.78,44.15,1819910,74.83,75.11,74.24,74.88,1073100,2026-01-24T03:45:24Z
PNC,2007-05-17,44.02,44.19,43.83,44.11,1720696,74.65,74.95,74.34,74.8,1014600,2026-01-24T03:45:24Z
PNC,2007-05-18,44.17,44.29,44.01,44.25,1810920,74.91,75.12,74.64,75.05,1067800,2026-01-24T03:45:24Z
PNC,2007-05-21,44.01,44.2,43.81,44.06,2012567,74.63,74.96,74.3,74.73,1186700,2026-01-24T03:45:24Z
PNC,2007-05-22,43.73,44.1,43.35,44.05,3339125,74.16,74.79,73.51,74.7,1968900,2026-01-24T03:45:24Z
PNC,2007-05-23,43.67,43.92,43.63,43.81,2642268,74.06,74.48,74,74.3,1558000,2026-01-24T03:45:24Z
PNC,2007-05-24,43.27,43.84,43.21,43.65,2394833,73.39,74.35,73.28,74.02,1412100,2026-01-24T03:45:24Z
PNC,2007-05-25,43.46,43.5,43.16,43.46,1377609,73.7,73.77,73.19,73.7,812300,2026-01-24T03:45:24Z
PNC,2007-05-29,43.34,43.81,43.17,43.58,2230155,73.5,74.3,73.21,73.9,1315000,2026-01-24T03:45:24Z
PNC,2007-05-30,43.7,43.75,43.16,43.27,2017654,74.12,74.2,73.2,73.39,1189700,2026-01-24T03:45:24Z
PNC,2007-05-31,43.52,43.97,43.52,43.77,2474709,73.8,74.57,73.8,74.23,1459200,2026-01-24T03:45:24Z
PNC,2007-06-01,43.5,43.79,43.35,43.76,2211330,73.77,74.27,73.51,74.22,1303900,2026-01-24T03:45:24Z
PNC,2007-06-04,43.53,43.6,43.38,43.48,1557038,73.83,73.95,73.57,73.74,918100,2026-01-24T03:45:24Z
PNC,2007-06-05,42.78,43.4,42.73,43.02,3258574,72.55,73.6,72.47,72.95,1921400,2026-01-24T03:45:24Z
PNC,2007-06-06,42.36,42.63,42.05,42.51,3338618,71.84,72.3,71.32,72.1,1968600,2026-01-24T03:45:24Z
PNC,2007-06-07,42.05,42.36,41.96,42.36,3591481,71.32,71.84,71.16,71.84,2117700,2026-01-24T03:45:24Z
PNC,2007-06-08,42.7,42.7,42.05,42.06,3906926,72.42,72.42,71.32,71.33,2303700,2026-01-24T03:45:24Z
PNC,2007-06-11,43.02,43.16,42.55,42.7,2146036,72.96,73.19,72.16,72.41,1265400,2026-01-24T03:45:24Z
PNC,2007-06-12,42.74,43.29,42.74,43.02,3735295,72.49,73.41,72.49,72.96,2202500,2026-01-24T03:45:24Z
PNC,2007-06-13,43.61,43.61,42.87,42.88,3986470,73.96,73.96,72.71,72.72,2350600,2026-01-24T03:45:24Z
PNC,2007-06-14,43.57,43.73,43.37,43.58,2323430,73.9,74.17,73.56,73.9,1370000,2026-01-24T03:45:24Z
PNC,2007-06-15,43.78,43.91,43.69,43.75,4255107,74.24,74.47,74.1,74.19,2509000,2026-01-24T03:45:24Z
PNC,2007-06-18,43.96,44.05,43.71,43.82,2982305,74.55,74.71,74.12,74.31,1758500,2026-01-24T03:45:24Z
PNC,2007-06-19,44.05,44.28,43.88,43.95,3355067,74.71,75.1,74.42,74.54,1978300,2026-01-24T03:45:24Z
PNC,2007-06-20,43.28,44.15,43.25,44.08,3712915,73.4,74.87,73.34,74.75,2189300,2026-01-24T03:45:24Z
PNC,2007-06-21,43.1,43.31,42.9,43.26,3249755,73.1,73.45,72.75,73.37,1916200,2026-01-24T03:45:24Z
PNC,2007-06-22,42.44,43.04,42.37,43.03,4558341,71.97,72.99,71.86,72.98,2687800,2026-01-24T03:45:24Z
PNC,2007-06-25,42.11,42.92,41.98,42.61,3116285,71.42,72.79,71.2,72.26,1837500,2026-01-24T03:45:24Z
PNC,2007-06-26,42.03,42.51,42.02,42.25,3230757,71.28,72.1,71.27,71.65,1905000,2026-01-24T03:45:24Z
PNC,2007-06-27,42.46,42.5,41.75,41.88,3127986,72.01,72.08,70.8,71.03,1844400,2026-01-24T03:45:24Z
PNC,2007-06-28,42.55,42.83,42.11,42.36,2602920,72.17,72.64,71.41,71.84,1534800,2026-01-24T03:45:24Z
PNC,2007-06-29,42.21,42.56,41.97,42.43,5073729,71.58,72.17,71.17,71.96,2991700,2026-01-24T03:45:24Z
PNC,2007-07-02,43.13,43.13,42.44,42.44,3019785,73.15,73.15,71.98,71.98,1780600,2026-01-24T03:45:24Z
PNC,2007-07-03,43.37,43.77,43.27,43.28,2165030,73.56,74.23,73.38,73.4,1276600,2026-01-24T03:45:24Z
PNC,2007-07-05,43.04,43.54,43,43.43,2228119,73,73.84,72.92,73.65,1313800,2026-01-24T03:45:24Z
PNC,2007-07-06,43.04,43.16,42.88,43.16,2398221,72.99,73.2,72.72,73.2,1414100,2026-01-24T03:45:24Z
PNC,2007-07-09,42.7,43.2,42.66,43.18,2609196,72.41,73.27,72.34,73.23,1538500,2026-01-24T03:45:24Z
PNC,2007-07-10,42.15,42.57,42.07,42.52,3956959,71.48,72.19,71.35,72.11,2333200,2026-01-24T03:45:24Z
PNC,2007-07-11,42.36,42.44,42.11,42.24,4285179,71.2,71.34,70.78,71,2549200,2026-01-24T03:45:24Z
PNC,2007-07-12,43.72,43.73,42.36,42.6,3545206,73.49,73.51,71.2,71.61,2109000,2026-01-24T03:45:24Z
PNC,2007-07-13,43.68,43.92,43.49,43.61,3849802,73.43,73.83,73.11,73.31,2290200,2026-01-24T03:45:24Z
PNC,2007-07-16,43.74,43.99,43.59,43.64,1840346,73.53,73.94,73.28,73.36,1094800,2026-01-24T03:45:24Z
PNC,2007-07-17,43.94,44.09,43.68,43.86,2819016,73.87,74.12,73.42,73.72,1677000,2026-01-24T03:45:24Z
PNC,2007-07-18,43.55,43.94,43.19,43.8,3884265,73.21,73.87,72.6,73.62,2310700,2026-01-24T03:45:24Z
PNC,2007-07-19,42.46,43.55,41.86,43.55,7746997,71.37,73.2,70.37,73.2,4608600,2026-01-24T03:45:24Z
PNC,2007-07-20,42.42,42.81,42.12,42.37,6310265,71.3,71.96,70.81,71.23,3753900,2026-01-24T03:45:24Z
PNC,2007-07-23,42.15,42.63,42.04,42.56,6681588,70.86,71.66,70.67,71.55,3974800,2026-01-24T03:45:24Z
PNC,2007-07-24,40.86,41.92,40.72,41.85,6778252,68.68,70.47,68.45,70.35,4032300,2026-01-24T03:45:24Z
PNC,2007-07-25,40.7,41.36,39.38,39.89,8122207,68.42,69.52,66.2,67.05,4831800,2026-01-24T03:45:24Z
PNC,2007-07-26,39.24,40.36,38.8,40.36,8598932,65.96,67.84,65.22,67.84,5115400,2026-01-24T03:45:24Z
PNC,2007-07-27,39.58,40.23,39.24,39.35,8296529,66.54,67.63,65.96,66.15,4935500,2026-01-24T03:45:24Z
PNC,2007-07-30,40.56,40.76,39.51,39.54,7390291,68.18,68.52,66.42,66.47,4396400,2026-01-24T03:45:24Z
PNC,2007-07-31,39.65,41.3,39.61,40.87,7350792,66.65,69.42,66.58,68.7,4372900,2026-01-24T03:45:24Z
PNC,2007-08-01,40.14,40.19,39.2,39.73,5581217,67.47,67.56,65.9,66.79,3320200,2026-01-24T03:45:24Z
PNC,2007-08-02,40.18,40.62,39.83,40.27,3272715,67.55,68.28,66.95,67.7,1946900,2026-01-24T03:45:24Z
PNC,2007-08-03,38.13,40.24,38.11,39.64,6494158,64.09,67.65,64.06,66.64,3863300,2026-01-24T03:45:24Z
PNC,2007-08-06,40.63,40.68,38.07,38.13,6697236,68.3,68.39,64,64.1,3984100,2026-01-24T03:45:24Z
PNC,2007-08-07,40.79,41.23,39.77,40.34,5845465,68.57,69.3,66.86,67.81,3477400,2026-01-24T03:45:24Z
PNC,2007-08-08,42.74,43.31,40.95,41.03,7554204,71.84,72.81,68.84,68.97,4493900,2026-01-24T03:45:24Z
PNC,2007-08-09,42.15,42.64,41.09,41.34,8356692,70.86,71.67,69.07,69.49,4971300,2026-01-24T03:45:24Z
PNC,2007-08-10,42.01,42.63,40.8,41.15,5895569,70.61,71.66,68.58,69.18,3507200,2026-01-24T03:45:24Z
PNC,2007-08-13,40.93,42.31,40.83,42.28,4903611,68.8,71.13,68.64,71.07,2917100,2026-01-24T03:45:24Z
PNC,2007-08-14,40.2,41.05,39.89,40.89,3454934,67.57,69.01,67.06,68.74,2055300,2026-01-24T03:45:24Z
PNC,2007-08-15,40.39,41.37,40.23,40.29,4062781,67.9,69.55,67.62,67.72,2416900,2026-01-24T03:45:24Z
PNC,2007-08-16,42.63,42.64,39.91,40.14,8452679,71.66,71.67,67.09,67.48,5028400,2026-01-24T03:45:24Z
PNC,2007-08-17,43.15,45.21,42.37,43.72,8287951,72.53,75.99,71.22,73.5,4930400,2026-01-24T03:45:24Z
PNC,2007-08-20,43.05,43.48,42.5,43.35,7036458,72.37,73.09,71.44,72.87,4185900,2026-01-24T03:45:24Z
PNC,2007-08-21,43.25,43.87,42.77,43.81,4161960,72.71,73.75,71.89,73.64,2475900,2026-01-24T03:45:24Z
PNC,2007-08-22,43.43,43.93,42.7,43.71,3284821,73,73.85,71.78,73.48,1954100,2026-01-24T03:45:24Z
PNC,2007-08-23,43,43.75,42.6,43.52,3149672,72.29,73.55,71.61,73.16,1873700,2026-01-24T03:45:24Z
PNC,2007-08-24,43.14,43.49,42.57,42.68,2172172,72.52,73.11,71.56,71.75,1292200,2026-01-24T03:45:24Z
PNC,2007-08-27,42.2,43.15,42.19,43.12,2957195,70.93,72.54,70.92,72.48,1759200,2026-01-24T03:45:24Z
PNC,2007-08-28,41.05,41.94,41.04,41.92,3710280,69.01,70.5,68.98,70.46,2207200,2026-01-24T03:45:24Z
PNC,2007-08-29,42.07,42.12,40.58,41.01,2721183,70.72,70.8,68.22,68.94,1618800,2026-01-24T03:45:24Z
PNC,2007-08-30,41.41,42.08,41.29,41.59,2888775,69.61,70.73,69.4,69.91,1718500,2026-01-24T03:45:24Z
PNC,2007-08-31,41.86,42.22,41.54,41.89,3587731,70.37,70.97,69.82,70.42,2134300,2026-01-24T03:45:24Z
PNC,2007-09-04,41.87,42.25,41.64,42.08,2608892,70.39,71.02,70,70.73,1552000,2026-01-24T03:45:24Z
PNC,2007-09-05,40.97,41.64,40.85,41.57,3265659,68.87,69.99,68.66,69.87,1942700,2026-01-24T03:45:24Z
PNC,2007-09-06,41.36,41.43,40.54,40.83,1926413,69.52,69.64,68.14,68.63,1146000,2026-01-24T03:45:24Z
PNC,2007-09-07,40.66,41.3,40.48,40.57,2975013,68.35,69.43,68.05,68.2,1769800,2026-01-24T03:45:24Z
PNC,2007-09-10,40.49,40.92,40.09,40.76,2299086,68.06,68.78,67.39,68.52,1367700,2026-01-24T03:45:24Z
PNC,2007-09-11,41.09,41.4,40.58,40.63,2260087,69.08,69.59,68.22,68.3,1344500,2026-01-24T03:45:24Z
PNC,2007-09-12,40.71,41.04,40.57,40.99,2291861,68.44,68.98,68.19,68.9,1363400,2026-01-24T03:45:24Z
PNC,2007-09-13,41.02,41.17,40.69,41.06,2437936,68.96,69.2,68.4,69.02,1450300,2026-01-24T03:45:24Z
PNC,2007-09-14,41.18,41.26,40.54,40.71,2089135,69.22,69.35,68.15,68.44,1242800,2026-01-24T03:45:24Z
PNC,2007-09-17,41.14,41.32,40.69,40.98,2170324,69.15,69.45,68.4,68.89,1291100,2026-01-24T03:45:24Z
PNC,2007-09-18,42.88,42.9,41.2,41.35,4104472,72.08,72.12,69.25,69.51,2441700,2026-01-24T03:45:24Z
PNC,2007-09-19,42.81,43.37,42.63,43.07,3301293,71.97,72.9,71.66,72.4,1963900,2026-01-24T03:45:24Z
PNC,2007-09-20,41.99,42.85,41.84,42.76,3114367,70.58,72.03,70.33,71.87,1852700,2026-01-24T03:45:24Z
PNC,2007-09-21,41.8,42.46,41.57,42.45,3256582,70.26,71.37,69.88,71.36,1937300,2026-01-24T03:45:24Z
PNC,2007-09-24,41.43,41.84,41.24,41.7,2861382,69.65,70.34,69.33,70.09,1702200,2026-01-24T03:45:24Z
PNC,2007-09-25,41.37,41.64,41.09,41.18,2354054,69.55,70,69.07,69.23,1400400,2026-01-24T03:45:24Z
PNC,2007-09-26,40.78,41.64,40.71,41.64,3041074,68.55,70,68.43,70,1809100,2026-01-24T03:45:24Z
PNC,2007-09-27,40.93,41.21,40.51,41.1,2617470,68.81,69.27,68.09,69.09,1557100,2026-01-24T03:45:24Z
PNC,2007-09-28,40.51,40.98,40.42,40.77,3450226,68.1,68.89,67.95,68.54,2052500,2026-01-24T03:45:24Z
PNC,2007-10-01,41.17,41.17,40.45,40.51,5679227,69.2,69.2,67.99,68.1,3378500,2026-01-24T03:45:24Z
PNC,2007-10-02,41.3,41.67,41.01,41.34,3884762,69.43,70.05,68.93,69.49,2311000,2026-01-24T03:45:24Z
PNC,2007-10-03,41.58,41.79,41.14,41.2,2310352,69.89,70.25,69.15,69.25,1374400,2026-01-24T03:45:24Z
PNC,2007-10-04,42.19,42.54,41.76,41.81,3038552,70.92,71.5,70.2,70.28,1807600,2026-01-24T03:45:24Z
PNC,2007-10-05,42.72,43.11,42.34,42.48,2558465,71.81,72.47,71.18,71.4,1522000,2026-01-24T03:45:24Z
PNC,2007-10-08,42.61,42.98,42.45,42.74,1368492,71.62,72.25,71.36,71.85,814100,2026-01-24T03:45:24Z
PNC,2007-10-09,42.58,42.81,42.05,42.75,2228149,71.58,71.97,70.68,71.86,1325500,2026-01-24T03:45:24Z
PNC,2007-10-10,42.29,42.67,42.18,42.62,3135610,70.46,71.09,70.28,71.01,1881900,2026-01-24T03:45:24Z
PNC,2007-10-11,41.63,42.61,41.48,42.59,4310278,69.37,70.99,69.12,70.96,2586900,2026-01-24T03:45:24Z
PNC,2007-10-12,42.05,42.31,41.7,41.77,3402869,70.06,70.5,69.48,69.6,2042300,2026-01-24T03:45:24Z
PNC,2007-10-15,41.09,42.1,40.82,42.08,2611089,68.46,70.15,68.02,70.12,1567100,2026-01-24T03:45:24Z
PNC,2007-10-16,39.75,41.12,39.7,41.04,4032187,66.23,68.51,66.14,68.38,2420000,2026-01-24T03:45:24Z
PNC,2007-10-17,40.37,40.66,39.67,40.15,6182571,67.27,67.75,66.1,66.9,3710600,2026-01-24T03:45:24Z
PNC,2007-10-18,42.02,42.64,39.94,40.15,7541363,70.01,71.05,66.55,66.89,4526100,2026-01-24T03:45:24Z
PNC,2007-10-19,41.13,42.61,41.05,41.98,5574080,68.53,70.99,68.39,69.94,3345400,2026-01-24T03:45:24Z
PNC,2007-10-22,41.11,41.49,40.4,40.61,3427024,68.5,69.13,67.31,67.67,2056800,2026-01-24T03:45:24Z
PNC,2007-10-23,41.44,41.51,40.85,41.26,2163550,69.05,69.16,68.07,68.74,1298500,2026-01-24T03:45:24Z
PNC,2007-10-24,41.59,41.83,40.48,41.26,4013194,69.29,69.69,67.44,68.75,2408600,2026-01-24T03:45:24Z
PNC,2007-10-25,41.84,42.25,41.17,41.81,4429740,69.72,70.39,68.59,69.67,2658600,2026-01-24T03:45:24Z
PNC,2007-10-26,43.28,43.28,41.88,42.19,4463730,72.11,72.11,69.78,70.29,2679000,2026-01-24T03:45:24Z
PNC,2007-10-29,43.1,43.88,43,43.36,3942216,71.81,73.11,71.65,72.25,2366000,2026-01-24T03:45:24Z
PNC,2007-10-30,42.92,43.47,42.79,42.97,2238530,71.52,72.43,71.3,71.6,1343500,2026-01-24T03:45:24Z
PNC,2007-10-31,43.31,43.61,42.29,43.18,3728274,72.16,72.66,70.46,71.95,2237600,2026-01-24T03:45:24Z
PNC,2007-11-01,41.89,42.97,41.86,42.62,5410796,69.8,71.6,69.75,71.01,3247400,2026-01-24T03:45:24Z
PNC,2007-11-02,41.58,42.05,40.81,42.02,4906773,69.28,70.06,68,70.01,2944900,2026-01-24T03:45:24Z
PNC,2007-11-05,41.17,41.76,40.42,40.96,4114996,68.59,69.58,67.35,68.25,2469700,2026-01-24T03:45:24Z
PNC,2007-11-06,42.26,42.31,40.84,41.05,4094670,70.41,70.5,68.05,68.4,2457500,2026-01-24T03:45:24Z
PNC,2007-11-07,40.36,41.67,40.31,41.54,4004868,67.24,69.43,67.17,69.22,2403600,2026-01-24T03:45:24Z
PNC,2007-11-08,40.43,40.64,39.05,40.39,7055492,67.36,67.71,65.06,67.3,4234500,2026-01-24T03:45:24Z
PNC,2007-11-09,41.27,41.98,39.67,39.82,7320757,68.76,69.94,66.09,66.35,4393700,2026-01-24T03:45:24Z
PNC,2007-11-12,42.41,43.46,41.09,41.11,7440893,70.67,72.42,68.47,68.5,4465800,2026-01-24T03:45:24Z
PNC,2007-11-13,43.95,44.05,42.64,42.68,5226180,73.23,73.39,71.05,71.12,3136600,2026-01-24T03:45:24Z
PNC,2007-11-14,42.92,44.35,42.71,44.13,4942927,71.51,73.9,71.17,73.53,2966600,2026-01-24T03:45:24Z
PNC,2007-11-15,41.72,42.67,41.35,42.66,5313163,69.51,71.1,68.89,71.08,3188800,2026-01-24T03:45:24Z
PNC,2007-11-16,41.81,42.22,41.32,42.01,5065224,69.67,70.34,68.84,70,3040000,2026-01-24T03:45:24Z
PNC,2007-11-19,41.41,41.96,40.66,41.47,5005751,69,69.91,67.74,69.09,3004300,2026-01-24T03:45:24Z
PNC,2007-11-20,41.52,42.43,40.42,41.26,7007341,69.18,70.69,67.34,68.75,4205600,2026-01-24T03:45:24Z
PNC,2007-11-21,40.72,41.76,40.45,41.05,4216465,67.85,69.58,67.4,68.4,2530600,2026-01-24T03:45:24Z
PNC,2007-11-23,41.92,42.22,40.9,41.2,2091405,69.84,70.35,68.15,68.64,1255200,2026-01-24T03:45:24Z
PNC,2007-11-26,40.13,41.9,40.06,41.83,4230797,66.87,69.82,66.75,69.7,2539200,2026-01-24T03:45:24Z
PNC,2007-11-27,41.54,41.57,40.36,40.42,6528811,69.21,69.27,67.25,67.35,3918400,2026-01-24T03:45:24Z
PNC,2007-11-28,44.16,44.26,41.75,41.77,6582469,73.58,73.75,69.56,69.59,3950600,2026-01-24T03:45:24Z
PNC,2007-11-29,43.42,44.07,42.79,44.07,3424695,72.34,73.42,71.3,73.42,2055400,2026-01-24T03:45:24Z
PNC,2007-11-30,43.94,44.75,43.66,44.02,4420908,73.21,74.56,72.75,73.35,2653300,2026-01-24T03:45:24Z
PNC,2007-12-03,43.73,44.2,43.21,43.99,2528449,72.86,73.64,72,73.3,1517500,2026-01-24T03:45:24Z
PNC,2007-12-04,43.2,43.76,42.86,43.38,2744718,71.98,72.92,71.41,72.28,1647300,2026-01-24T03:45:24Z
PNC,2007-12-05,43.79,44.09,43.13,43.51,2743556,72.96,73.47,71.87,72.5,1646600,2026-01-24T03:45:24Z
PNC,2007-12-06,44.35,44.51,43.23,43.77,5232846,73.89,74.16,72.03,72.93,3140600,2026-01-24T03:45:24Z
PNC,2007-12-07,43.33,44.44,43.13,44.34,3997364,72.2,74.05,71.86,73.88,2399100,2026-01-24T03:45:24Z
PNC,2007-12-10,44.33,44.63,43.37,43.37,3355046,73.87,74.36,72.26,72.26,2013600,2026-01-24T03:45:24Z
PNC,2007-12-11,42.47,44.53,42.47,44.32,5733712,70.76,74.2,70.76,73.84,3441200,2026-01-24T03:45:24Z
PNC,2007-12-12,40.96,42.4,40.24,41.45,10288418,68.25,70.65,67.05,69.07,6174800,2026-01-24T03:45:24Z
PNC,2007-12-13,39.95,41.14,39.56,40.68,8368798,66.56,68.54,65.91,67.78,5022700,2026-01-24T03:45:24Z
PNC,2007-12-14,38.9,39.89,38.77,39.89,8972794,64.81,66.46,64.59,66.46,5385200,2026-01-24T03:45:24Z
PNC,2007-12-17,38.82,39.18,38.41,38.81,5435626,64.68,65.28,64,64.66,3262300,2026-01-24T03:45:24Z
PNC,2007-12-18,38.59,39.16,38.14,38.97,5391296,64.3,65.24,63.54,64.93,3235700,2026-01-24T03:45:24Z
PNC,2007-12-19,38.95,39.36,38.45,38.65,3877894,64.9,65.58,64.06,64.4,2327400,2026-01-24T03:45:24Z
PNC,2007-12-20,38.72,39.31,38.37,39.31,5062061,64.51,65.5,63.93,65.5,3038100,2026-01-24T03:45:24Z
PNC,2007-12-21,39.48,39.62,38.53,39.09,8610890,65.78,66.02,64.2,65.13,5168000,2026-01-24T03:45:24Z
PNC,2007-12-24,39.92,40.34,39.42,39.73,1905127,66.52,67.21,65.69,66.2,1143400,2026-01-24T03:45:24Z
PNC,2007-12-26,40,40.03,39.5,39.67,1968110,66.64,66.7,65.81,66.1,1181200,2026-01-24T03:45:24Z
PNC,2007-12-27,39.29,39.84,39.28,39.84,2239034,65.47,66.38,65.45,66.38,1343800,2026-01-24T03:45:24Z
PNC,2007-12-28,39.41,39.69,39.11,39.41,3674288,65.66,66.13,65.16,65.67,2205200,2026-01-24T03:45:24Z
PNC,2007-12-31,39.4,39.79,38.66,39.28,3238245,65.65,66.3,64.42,65.45,1943500,2026-01-24T03:45:24Z
PNC,2008-01-02,38.85,39.72,38.73,39.32,3686456,64.73,66.18,64.53,65.51,2212500,2026-01-24T03:45:24Z
PNC,2008-01-03,38.41,39.11,38.2,38.9,3453686,64,65.17,63.65,64.82,2072800,2026-01-24T03:45:24Z
PNC,2008-01-04,37.54,38.15,37.48,38,5047061,62.55,63.57,62.45,63.32,3029100,2026-01-24T03:45:24Z
PNC,2008-01-07,38.09,38.43,37.01,37.84,4622688,63.47,64.03,61.66,63.05,2774400,2026-01-24T03:45:24Z
PNC,2008-01-08,36.9,39.02,36.82,38.36,5768358,61.48,65.01,61.35,63.91,3462000,2026-01-24T03:45:24Z
PNC,2008-01-09,37.66,37.69,36.09,37.25,6430256,62.1,62.16,59.52,61.43,3899200,2026-01-24T03:45:24Z
PNC,2008-01-10,37.92,38.67,36.87,37.44,7728426,62.54,63.77,60.81,61.75,4686400,2026-01-24T03:45:24Z
PNC,2008-01-11,37.91,38.6,37.19,37.65,5887033,62.52,63.66,61.33,62.09,3569800,2026-01-24T03:45:24Z
PNC,2008-01-14,37.47,38.24,37.21,38.15,3803038,61.8,63.06,61.36,62.91,2306100,2026-01-24T03:45:24Z
PNC,2008-01-15,36.1,36.99,36.08,36.99,6415572,59.54,61,59.5,61,3890300,2026-01-24T03:45:24Z
PNC,2008-01-16,36.98,37.49,35.92,35.97,7100114,60.99,61.83,59.23,59.32,4305400,2026-01-24T03:45:24Z
PNC,2008-01-17,34.34,37.26,34.26,36.75,7698922,56.63,61.45,56.49,60.6,4668500,2026-01-24T03:45:24Z
PNC,2008-01-18,34.79,35.08,33.73,34.51,9133967,57.37,57.85,55.63,56.91,5538700,2026-01-24T03:45:24Z
PNC,2008-01-22,34.69,35.71,33.04,33.04,13673360,57.21,58.89,54.49,54.49,8291300,2026-01-24T03:45:24Z
PNC,2008-01-23,36.38,36.92,32.2,32.2,13843718,60,60.88,53.1,53.1,8394600,2026-01-24T03:45:24Z
PNC,2008-01-24,37.58,37.73,36.6,36.6,11255238,61.98,62.22,60.35,60.35,6825000,2026-01-24T03:45:24Z
PNC,2008-01-25,36.78,39.42,36.42,38.02,9113685,60.66,65,60.06,62.7,5526400,2026-01-24T03:45:24Z
PNC,2008-01-28,37.41,37.54,36.29,36.76,5979708,61.7,61.91,59.85,60.62,3626000,2026-01-24T03:45:24Z
PNC,2008-01-29,38.83,38.83,37.63,37.77,7944958,64.03,64.04,62.05,62.29,4817700,2026-01-24T03:45:24Z
PNC,2008-01-30,38.32,39.78,37.81,38.66,6740118,63.19,65.6,62.36,63.76,4087100,2026-01-24T03:45:24Z
PNC,2008-01-31,39.78,40.17,37.18,37.19,7422192,65.6,66.24,61.31,61.33,4500700,2026-01-24T03:45:24Z
PNC,2008-02-01,40.28,40.77,39.42,39.88,6589722,66.42,67.23,65.01,65.77,3995900,2026-01-24T03:45:24Z
PNC,2008-02-04,39.03,40,38.73,39.76,4474561,64.37,65.96,63.87,65.56,2713300,2026-01-24T03:45:24Z
PNC,2008-02-05,38.34,39.08,37.86,38.42,5323358,63.22,64.44,62.43,63.36,3228000,2026-01-24T03:45:24Z
PNC,2008-02-06,38.55,39.23,37.88,38.52,6735506,63.57,64.69,62.47,63.53,4084300,2026-01-24T03:45:24Z
PNC,2008-02-07,39.1,39.36,38.19,38.39,6129125,64.48,64.91,62.98,63.31,3716600,2026-01-24T03:45:24Z
PNC,2008-02-08,38.38,39.03,37.9,38.86,3797268,63.29,64.37,62.5,64.08,2302600,2026-01-24T03:45:24Z
PNC,2008-02-11,37.82,38.41,37.47,38.29,3863885,62.37,63.34,61.79,63.15,2343000,2026-01-24T03:45:24Z
PNC,2008-02-12,38.64,39.03,37.94,38.2,4919483,63.73,64.36,62.56,62.99,2983100,2026-01-24T03:45:24Z
PNC,2008-02-13,38.55,39.16,37.89,38.96,4264957,63.57,64.58,62.49,64.25,2586200,2026-01-24T03:45:24Z
PNC,2008-02-14,38.06,39.07,37.72,38.49,4024342,62.76,64.43,62.2,63.47,2440300,2026-01-24T03:45:24Z
PNC,2008-02-15,38.54,38.59,37.4,38.02,4399353,63.56,63.64,61.68,62.7,2667700,2026-01-24T03:45:24Z
PNC,2008-02-19,37.83,39.31,37.68,38.91,5125794,62.39,64.83,62.14,64.17,3108200,2026-01-24T03:45:24Z
PNC,2008-02-20,38.22,38.37,37.09,37.47,5014806,63.03,63.27,61.16,61.8,3040900,2026-01-24T03:45:24Z
PNC,2008-02-21,37.49,38.55,37.39,38.35,2890909,61.83,63.58,61.66,63.24,1753000,2026-01-24T03:45:24Z
PNC,2008-02-22,38.18,38.24,36.83,37.61,4235105,62.97,63.07,60.73,62.03,2568100,2026-01-24T03:45:24Z
PNC,2008-02-25,38.35,38.46,37.18,38.05,4966493,63.24,63.42,61.31,62.75,3011600,2026-01-24T03:45:24Z
PNC,2008-02-26,38.43,38.78,37.92,38.09,3173397,63.37,63.96,62.53,62.82,1924300,2026-01-24T03:45:24Z
PNC,2008-02-27,38.57,39.23,37.8,37.97,3882690,63.6,64.7,62.34,62.62,2354400,2026-01-24T03:45:24Z
PNC,2008-02-28,38.08,38.38,37.58,38.12,6145613,62.8,63.29,61.98,62.86,3726600,2026-01-24T03:45:24Z
PNC,2008-02-29,37.25,38.16,37.02,37.48,8147800,61.43,62.93,61.05,61.81,4940700,2026-01-24T03:45:24Z
PNC,2008-03-03,36.43,37.23,36.08,37.14,5003758,60.07,61.4,59.5,61.25,3034200,2026-01-24T03:45:24Z
PNC,2008-03-04,36.75,37.04,35.35,36.02,7378156,60.6,61.08,58.3,59.4,4474000,2026-01-24T03:45:24Z
PNC,2008-03-05,36.39,37.51,36.03,36.61,5227051,60.01,61.86,59.41,60.37,3169600,2026-01-24T03:45:24Z
PNC,2008-03-06,35.26,36.14,35.2,36.14,4999146,58.15,59.6,58.05,59.6,3031400,2026-01-24T03:45:24Z
PNC,2008-03-07,35.97,36.52,34.61,35.05,7707162,59.32,60.22,57.08,57.8,4673500,2026-01-24T03:45:24Z
PNC,2008-03-10,35.35,36.48,35.14,35.93,4244013,58.29,60.16,57.95,59.26,2573500,2026-01-24T03:45:24Z
PNC,2008-03-11,38.23,38.34,36.21,36.21,5971636,63.04,63.22,59.72,59.72,3621100,2026-01-24T03:45:24Z
PNC,2008-03-12,37.84,39.49,37.84,37.9,6360000,62.41,65.13,62.41,62.5,3856600,2026-01-24T03:45:24Z
PNC,2008-03-13,37.55,37.8,35.98,36.44,7327204,61.92,62.34,59.34,60.1,4443100,2026-01-24T03:45:24Z
PNC,2008-03-14,36.61,38.32,35.61,37.6,10367349,60.38,63.19,58.72,62,6286600,2026-01-24T03:45:24Z
PNC,2008-03-17,37.35,37.77,34.57,35.66,9007812,61.6,62.28,57.01,58.8,5462200,2026-01-24T03:45:24Z
PNC,2008-03-18,38.99,39.08,37.53,38,7341550,64.3,64.45,61.89,62.66,4451800,2026-01-24T03:45:24Z
PNC,2008-03-19,38.51,39.83,38.13,39.11,8419743,63.5,65.69,62.88,64.49,5105600,2026-01-24T03:45:24Z
PNC,2008-03-20,40.94,41.19,38.51,38.78,8424526,67.51,67.92,63.5,63.95,5108500,2026-01-24T03:45:24Z
PNC,2008-03-24,41.73,43.18,40.48,40.48,8090084,68.81,71.2,66.75,66.75,4905700,2026-01-24T03:45:24Z
PNC,2008-03-25,41.13,41.77,40.76,41.23,6668221,67.83,68.88,67.21,68,4043500,2026-01-24T03:45:24Z
PNC,2008-03-26,40.32,41.11,40.14,40.84,8013893,66.49,67.79,66.19,67.35,4859500,2026-01-24T03:45:24Z
PNC,2008-03-27,41.1,42.33,39.83,40.63,10661397,67.78,69.8,65.68,67,6464900,2026-01-24T03:45:24Z
PNC,2008-03-28,39.91,41.26,39.76,41.26,6031660,65.81,68.04,65.57,68.04,3657500,2026-01-24T03:45:24Z
PNC,2008-03-31,39.76,40.66,39.6,39.82,4617865,65.57,67.05,65.3,65.66,2800200,2026-01-24T03:45:24Z
PNC,2008-04-01,42.15,42.21,40.41,40.41,6152200,69.51,69.61,66.64,66.64,3730600,2026-01-24T03:45:24Z
PNC,2008-04-02,41.89,42.91,41.74,42.14,4721431,69.08,70.76,68.83,69.5,2863000,2026-01-24T03:45:24Z
PNC,2008-04-03,41.54,42.05,40.88,41.48,4066070,68.5,69.34,67.42,68.41,2465600,2026-01-24T03:45:24Z
PNC,2008-04-04,41.07,41.61,40.86,41.55,5595133,67.73,68.62,67.39,68.52,3392800,2026-01-24T03:45:24Z
PNC,2008-04-07,41.28,42.07,41.12,41.29,3139596,68.08,69.37,67.81,68.09,1903800,2026-01-24T03:45:24Z
PNC,2008-04-08,40.56,41.3,40.29,41.07,3410541,66.88,68.11,66.44,67.73,2068100,2026-01-24T03:45:24Z
PNC,2008-04-09,40.09,41.21,39.98,40.34,5211220,66.12,67.96,65.93,66.53,3160000,2026-01-24T03:45:24Z
PNC,2008-04-10,39.63,40.3,39.18,40.23,5447367,64.7,65.79,63.97,65.68,3336500,2026-01-24T03:45:24Z
PNC,2008-04-11,39.35,40.25,38.59,39.16,4951849,64.24,65.72,63,63.94,3033000,2026-01-24T03:45:24Z
PNC,2008-04-14,37.86,39.28,37.83,39.26,5738797,61.82,64.13,61.76,64.09,3515000,2026-01-24T03:45:24Z
PNC,2008-04-15,38.37,39.22,38.06,38.26,5859606,62.64,64.03,62.14,62.47,3589000,2026-01-24T03:45:24Z
PNC,2008-04-16,40.05,40.13,38.89,39.03,4876592,65.39,65.51,63.5,63.73,2986900,2026-01-24T03:45:24Z
PNC,2008-04-17,40.52,40.88,38.66,38.96,5013083,66.15,66.75,63.11,63.6,3070500,2026-01-24T03:45:24Z
PNC,2008-04-18,40.73,42.16,40.43,41.48,4672180,66.5,68.84,66.01,67.72,2861700,2026-01-24T03:45:24Z
PNC,2008-04-21,39.99,40.74,39.7,40.5,3259928,65.29,66.51,64.82,66.12,1996700,2026-01-24T03:45:24Z
PNC,2008-04-22,40.26,40.49,39.43,39.79,3876093,65.73,66.1,64.37,64.97,2374100,2026-01-24T03:45:24Z
PNC,2008-04-23,40.54,41.19,40.36,40.36,4891446,66.18,67.25,65.89,65.9,2996000,2026-01-24T03:45:24Z
PNC,2008-04-24,41.99,42.25,40.62,40.74,4177650,68.55,68.98,66.32,66.52,2558800,2026-01-24T03:45:24Z
PNC,2008-04-25,43.22,43.29,41.78,42.11,3519193,70.57,70.68,68.21,68.75,2155500,2026-01-24T03:45:24Z
PNC,2008-04-28,42.61,43.21,42.54,43.21,3868582,69.57,70.55,69.46,70.55,2369500,2026-01-24T03:45:24Z
PNC,2008-04-29,42.1,43,41.99,42.62,3000990,68.74,70.21,68.56,69.59,1838100,2026-01-24T03:45:24Z
PNC,2008-04-30,42.48,43.13,41.91,42.11,5384511,69.35,70.42,68.42,68.75,3298000,2026-01-24T03:45:24Z
PNC,2008-05-01,43.94,44.2,42.48,42.57,5339772,71.74,72.17,69.36,69.5,3270600,2026-01-24T03:45:24Z
PNC,2008-05-02,43.27,44.71,42.97,44.28,3722949,70.65,73,70.15,72.3,2280300,2026-01-24T03:45:24Z
PNC,2008-05-05,42.92,43.28,42.54,43.1,2351189,70.08,70.66,69.45,70.37,1440100,2026-01-24T03:45:24Z
PNC,2008-05-06,43.26,43.46,42.12,42.42,3779933,70.63,70.95,68.77,69.26,2315200,2026-01-24T03:45:24Z
PNC,2008-05-07,42.13,43.55,41.99,43.11,4117565,68.78,71.1,68.56,70.39,2522000,2026-01-24T03:45:24Z
PNC,2008-05-08,41.61,42.37,41.28,42.22,2879357,67.94,69.17,67.39,68.93,1763600,2026-01-24T03:45:24Z
PNC,2008-05-09,41.04,41.79,40.24,40.53,3360336,67.01,68.22,65.7,66.18,2058200,2026-01-24T03:45:24Z
PNC,2008-05-12,41.69,41.69,41.09,41.28,2584825,68.06,68.06,67.09,67.4,1583200,2026-01-24T03:45:24Z
PNC,2008-05-13,41.36,41.94,41.24,41.67,2844904,67.52,68.47,67.33,68.04,1742500,2026-01-24T03:45:24Z
PNC,2008-05-14,41.63,41.88,41.36,41.47,2334864,67.97,68.37,67.52,67.7,1430100,2026-01-24T03:45:24Z
PNC,2008-05-15,42.5,42.5,41.34,41.57,2627275,69.39,69.39,67.5,67.87,1609200,2026-01-24T03:45:24Z
PNC,2008-05-16,41.63,42.49,41.22,42.49,3348089,67.96,69.37,67.3,69.37,2050700,2026-01-24T03:45:24Z
PNC,2008-05-19,41.18,42.21,41.1,41.74,2874945,67.24,68.92,67.1,68.14,1760900,2026-01-24T03:45:24Z
PNC,2008-05-20,40.74,41,40.51,40.82,3401314,66.52,66.93,66.13,66.65,2083300,2026-01-24T03:45:24Z
PNC,2008-05-21,40.25,41.29,40.16,40.87,3544335,65.72,67.41,65.57,66.72,2170900,2026-01-24T03:45:24Z
PNC,2008-05-22,40.85,41.04,40.05,40.25,2982703,66.69,67.01,65.39,65.71,1826900,2026-01-24T03:45:24Z
PNC,2008-05-23,40.03,40.62,39.99,40.55,1968824,65.35,66.32,65.29,66.2,1205900,2026-01-24T03:45:24Z
PNC,2008-05-27,40.38,40.64,39.9,40.06,2696334,65.93,66.35,65.15,65.41,1651500,2026-01-24T03:45:24Z
PNC,2008-05-28,39.8,40.52,39.17,40.46,3336012,64.98,66.16,63.95,66.06,2043300,2026-01-24T03:45:24Z
PNC,2008-05-29,40.08,40.39,39.63,39.79,4328182,65.43,65.94,64.7,64.97,2651000,2026-01-24T03:45:24Z
PNC,2008-05-30,39.35,40.33,39.16,40.33,4160502,64.25,65.85,63.93,65.85,2548300,2026-01-24T03:45:24Z
PNC,2008-06-02,38.82,39.29,38.45,39.29,3478870,63.38,64.15,62.77,64.15,2130800,2026-01-24T03:45:24Z
PNC,2008-06-03,38.78,39.47,38.18,39.14,3629396,63.32,64.44,62.33,63.9,2223000,2026-01-24T03:45:24Z
PNC,2008-06-04,38.03,39.33,37.69,38.68,4791852,62.09,64.21,61.53,63.15,2935000,2026-01-24T03:45:24Z
PNC,2008-06-05,38.61,38.64,37.92,38.1,3970793,63.03,63.08,61.91,62.2,2432100,2026-01-24T03:45:24Z
PNC,2008-06-06,37.35,38.21,37.3,37.67,5393490,60.98,62.38,60.89,61.5,3303500,2026-01-24T03:45:24Z
PNC,2008-06-09,36.66,37.8,36.27,37.42,5544349,59.86,61.71,59.22,61.09,3395900,2026-01-24T03:45:24Z
PNC,2008-06-10,36.92,37.98,36.26,36.4,5074463,60.28,62,59.2,59.42,3108100,2026-01-24T03:45:24Z
PNC,2008-06-11,35.81,36.86,35.53,36.6,5765411,58.46,60.18,58,59.76,3531300,2026-01-24T03:45:24Z
PNC,2008-06-12,36.58,37.33,35.58,36.15,6957574,59.73,60.94,58.09,59.02,4261500,2026-01-24T03:45:24Z
PNC,2008-06-13,36.45,37.07,35.57,37.01,6647542,59.51,60.52,58.07,60.43,4071600,2026-01-24T03:45:24Z
PNC,2008-06-16,37.06,37.47,35.67,36.13,6346148,60.5,61.18,58.23,58.99,3887000,2026-01-24T03:45:24Z
PNC,2008-06-17,35.61,37.96,35.61,37.44,4853408,58.14,61.98,58.14,61.12,2972700,2026-01-24T03:45:24Z
PNC,2008-06-18,35.13,35.59,34.55,35.25,7196259,57.35,58.1,56.41,57.55,4407700,2026-01-24T03:45:24Z
PNC,2008-06-19,35.43,35.64,34.52,35.13,10127219,57.85,58.19,56.36,57.35,6202900,2026-01-24T03:45:24Z
PNC,2008-06-20,35.44,36.21,33.82,34.02,10096042,57.86,59.12,55.22,55.54,6183800,2026-01-24T03:45:24Z
PNC,2008-06-23,34.64,35.56,34.32,35.51,5237399,56.55,58.05,56.03,57.98,3207900,2026-01-24T03:45:24Z
PNC,2008-06-24,36.03,36.34,34.39,34.95,6511211,58.82,59.33,56.14,57.06,3988100,2026-01-24T03:45:24Z
PNC,2008-06-25,35.94,37.4,35.77,36.15,7397735,58.68,61.06,58.4,59.02,4531100,2026-01-24T03:45:24Z
PNC,2008-06-26,35.39,36.16,35,35.52,6724763,57.78,59.03,57.15,57.99,4118900,2026-01-24T03:45:24Z
PNC,2008-06-27,35.52,36.03,35.27,35.56,5839037,58,58.83,57.59,58.05,3576400,2026-01-24T03:45:24Z
PNC,2008-06-30,34.97,35.79,34.81,35.65,6102230,57.1,58.43,56.83,58.21,3737600,2026-01-24T03:45:24Z
PNC,2008-07-01,35.27,35.75,33.93,34.6,8957080,57.59,58.37,55.4,56.49,5486200,2026-01-24T03:45:24Z
PNC,2008-07-02,34.93,36.28,34.92,35.57,7491607,57.03,59.24,57.02,58.07,4588600,2026-01-24T03:45:24Z
PNC,2008-07-03,34.11,35.62,34.01,35.16,3565890,55.69,58.15,55.53,57.4,2184100,2026-01-24T03:45:24Z
PNC,2008-07-07,33.34,34.59,32.73,34.32,7632833,54.43,56.48,53.44,56.03,4675100,2026-01-24T03:45:24Z
PNC,2008-07-08,35.78,35.83,32.93,33.36,8008844,58.41,58.49,53.77,54.46,4905400,2026-01-24T03:45:24Z
PNC,2008-07-09,34.29,36.11,34.23,36.11,7562900,55.35,58.29,55.26,58.29,4685200,2026-01-24T03:45:24Z
PNC,2008-07-10,34.64,35.24,33.61,34.25,6940948,55.91,56.89,54.26,55.29,4299900,2026-01-24T03:45:24Z
PNC,2008-07-11,35.05,35.99,33.26,34.03,9567746,56.58,58.1,53.69,54.93,5927200,2026-01-24T03:45:24Z
PNC,2008-07-14,32.24,35.56,32.22,35.56,12668149,52.05,57.4,52.01,57.4,7847900,2026-01-24T03:45:24Z
PNC,2008-07-15,30.89,32.83,30.36,31.73,13871054,49.87,52.99,49.01,51.22,8593100,2026-01-24T03:45:24Z
PNC,2008-07-16,35.88,36.18,31.06,31.78,15231861,57.91,58.4,50.13,51.3,9436100,2026-01-24T03:45:24Z
PNC,2008-07-17,40.73,40.73,37.52,37.64,21702246,65.75,65.75,60.56,60.75,13444500,2026-01-24T03:45:24Z
PNC,2008-07-18,40.26,40.91,39.29,40.57,10118187,64.98,66.03,63.42,65.49,6268200,2026-01-24T03:45:24Z
PNC,2008-07-21,39.46,40.81,39.13,40.76,7459754,63.69,65.87,63.16,65.8,4621300,2026-01-24T03:45:24Z
PNC,2008-07-22,43.48,43.66,38.63,39.25,12877192,70.18,70.47,62.36,63.36,7977400,2026-01-24T03:45:24Z
PNC,2008-07-23,43.15,44.42,42.13,43.62,13613774,69.66,71.71,68,70.41,8433700,2026-01-24T03:45:24Z
PNC,2008-07-24,42.09,43.61,41.95,43.09,12784867,67.94,70.39,67.71,69.56,7920200,2026-01-24T03:45:24Z
PNC,2008-07-25,42.02,43.37,41.42,42.17,7588734,67.83,70,66.86,68.07,4701200,2026-01-24T03:45:24Z
PNC,2008-07-28,40.99,43.06,40.83,42.07,8842318,66.16,69.5,65.9,67.91,5477800,2026-01-24T03:45:24Z
PNC,2008-07-29,44.16,44.16,41.01,41.12,10393903,71.28,71.28,66.19,66.37,6439000,2026-01-24T03:45:24Z
PNC,2008-07-30,44.58,45.19,43.26,44.35,10399543,71.96,72.95,69.83,71.59,6442500,2026-01-24T03:45:24Z
PNC,2008-07-31,44.16,45.07,43.57,43.57,6737069,71.29,72.75,70.33,70.33,4173600,2026-01-24T03:45:24Z
PNC,2008-08-01,44.49,44.72,43.1,44.2,5369837,71.81,72.18,69.57,71.34,3326600,2026-01-24T03:45:24Z
PNC,2008-08-04,44.38,44.88,42.98,44.33,6916250,71.64,72.44,69.38,71.56,4284600,2026-01-24T03:45:24Z
PNC,2008-08-05,45.61,45.72,43.82,44.78,8626184,73.63,73.8,70.74,72.28,5343900,2026-01-24T03:45:24Z
PNC,2008-08-06,45.4,46.12,44.82,45.29,9604553,73.28,74.44,72.35,73.1,5950000,2026-01-24T03:45:24Z
PNC,2008-08-07,42.99,45.21,42.46,44.87,13343213,69.39,72.98,68.54,72.43,8266100,2026-01-24T03:45:24Z
PNC,2008-08-08,44.39,44.69,42.74,42.74,7248454,71.66,72.14,68.99,68.99,4490400,2026-01-24T03:45:24Z
PNC,2008-08-11,45.29,45.75,44.05,44.93,8270890,73.11,73.85,71.11,72.52,5123800,2026-01-24T03:45:24Z
PNC,2008-08-12,43.69,45.54,43.3,44.68,7609870,70.53,73.51,69.9,72.12,4714300,2026-01-24T03:45:24Z
PNC,2008-08-13,43.41,44,42.69,43.36,9264764,70.08,71.03,68.91,69.99,5739500,2026-01-24T03:45:24Z
PNC,2008-08-14,43.66,43.98,42.92,43.06,5563377,70.48,70.99,69.28,69.5,3446500,2026-01-24T03:45:24Z
PNC,2008-08-15,44.45,45.22,43.84,43.92,5656674,71.75,73,70.77,70.9,3504300,2026-01-24T03:45:24Z
PNC,2008-08-18,43.35,44.56,43.01,44.14,5397108,69.98,71.93,69.43,71.25,3343500,2026-01-24T03:45:24Z
PNC,2008-08-19,42.57,43.25,42.01,42.5,5769995,68.72,69.81,67.82,68.61,3574500,2026-01-24T03:45:24Z
PNC,2008-08-20,43.23,43.53,41.73,42.7,6773382,69.78,70.26,67.36,68.92,4196100,2026-01-24T03:45:24Z
PNC,2008-08-21,43.51,43.85,42.19,42.71,4946751,70.24,70.79,68.11,68.94,3064500,2026-01-24T03:45:24Z
PNC,2008-08-22,44.58,44.74,43.3,44.45,6043276,71.96,72.22,69.9,71.75,3743800,2026-01-24T03:45:24Z
PNC,2008-08-25,42.78,44.24,42.77,44.15,4707202,69.05,71.41,69.04,71.26,2916100,2026-01-24T03:45:24Z
PNC,2008-08-26,43,43.07,42.04,42.75,5163058,69.41,69.53,67.86,69,3198500,2026-01-24T03:45:24Z
PNC,2008-08-27,43.51,43.95,42.65,42.89,2960787,70.24,70.95,68.85,69.23,1834200,2026-01-24T03:45:24Z
PNC,2008-08-28,44.59,44.7,43.45,43.87,3416957,71.97,72.16,70.13,70.82,2116800,2026-01-24T03:45:24Z
PNC,2008-08-29,44.57,44.91,44,44.18,3786612,71.95,72.5,71.02,71.32,2345800,2026-01-24T03:45:24Z
PNC,2008-09-02,45.5,45.82,44.88,45.12,4783876,73.44,73.96,72.45,72.84,2963600,2026-01-24T03:45:24Z
PNC,2008-09-03,45.92,46,44.78,45.3,5339806,74.12,74.26,72.29,73.13,3308000,2026-01-24T03:45:24Z
PNC,2008-09-04,45.07,45.94,45,45.78,7329318,72.75,74.16,72.64,73.89,4540500,2026-01-24T03:45:24Z
PNC,2008-09-05,46.02,46.19,44.05,44.69,8075894,74.29,74.56,71.1,72.14,5003000,2026-01-24T03:45:24Z
PNC,2008-09-08,47.57,48.28,45.97,47.48,13661238,76.78,77.93,74.21,76.64,8463100,2026-01-24T03:45:24Z
PNC,2008-09-09,45.13,47.62,45.09,46.98,9539342,72.85,76.86,72.79,75.83,5909600,2026-01-24T03:45:24Z
PNC,2008-09-10,43.9,45.35,43.22,44.61,11132892,70.86,73.21,69.77,72.01,6896800,2026-01-24T03:45:24Z
PNC,2008-09-11,45.24,45.4,42.54,42.78,10406177,73.02,73.29,68.66,69.06,6446600,2026-01-24T03:45:24Z
PNC,2008-09-12,45.2,45.57,44.24,44.45,9980977,72.97,73.56,71.41,71.75,6183200,2026-01-24T03:45:24Z
PNC,2008-09-15,43.63,46.15,43.15,43.68,12348721,70.42,74.49,69.65,70.51,7650000,2026-01-24T03:45:24Z
PNC,2008-09-16,47.57,47.58,41.97,42.44,15528560,76.78,76.8,67.75,68.5,9619900,2026-01-24T03:45:24Z
PNC,2008-09-17,44.58,47.29,43.48,46.34,14849756,71.96,76.34,70.19,74.8,9199400,2026-01-24T03:45:24Z
PNC,2008-09-18,48.94,49.56,41.05,45.73,22355538,79,80,66.26,73.81,13849200,2026-01-24T03:45:24Z
PNC,2008-09-19,50.31,54.51,48.68,53.28,14909823,81.21,87.99,78.58,86.01,9236600,2026-01-24T03:45:24Z
PNC,2008-09-22,46.83,50.25,46.48,50.25,5772744,75.6,81.11,75.03,81.11,3576200,2026-01-24T03:45:24Z
PNC,2008-09-23,44.41,48.14,44.41,46.46,4364664,71.68,77.71,71.68,75,2703900,2026-01-24T03:45:24Z
PNC,2008-09-24,45.11,47.05,44.94,45.5,6340624,72.81,75.95,72.54,73.45,3928000,2026-01-24T03:45:24Z
PNC,2008-09-25,44.79,46.25,44.59,44.92,4508328,72.3,74.66,71.97,72.51,2792900,2026-01-24T03:45:24Z
PNC,2008-09-26,46.77,47.97,43.69,44.45,6779198,75.5,77.44,70.52,71.75,4199700,2026-01-24T03:45:24Z
PNC,2008-09-29,42.13,48.32,42.13,46.46,9463298,68,77.99,68,75,5862500,2026-01-24T03:45:24Z
PNC,2008-09-30,46.28,48.32,42.14,44.24,6766284,74.7,78,68.03,71.41,4191700,2026-01-24T03:45:24Z
PNC,2008-10-01,47.95,48.94,45.29,46.46,6925775,77.4,79,73.1,75,4290500,2026-01-24T03:45:24Z
PNC,2008-10-02,48.12,48.94,47.14,48.63,5881214,77.68,79,76.09,78.5,3643400,2026-01-24T03:45:24Z
PNC,2008-10-03,45.94,49.56,45.94,48.79,6210832,74.15,80,74.15,78.75,3847600,2026-01-24T03:45:24Z
PNC,2008-10-06,46.71,48.23,44.04,45.22,7791155,75.4,77.86,71.09,73,4826600,2026-01-24T03:45:24Z
PNC,2008-10-07,42.93,47.2,42.93,47.16,6316084,69.3,76.19,69.3,76.12,3912800,2026-01-24T03:45:24Z
PNC,2008-10-08,42.37,45.22,39.74,42.14,7898104,67.75,72.3,63.53,67.38,4939900,2026-01-24T03:45:24Z
PNC,2008-10-09,37.43,43.09,37.43,42.54,10785583,59.85,68.9,59.85,68.01,6745900,2026-01-24T03:45:24Z
PNC,2008-10-10,42.53,42.53,35.24,36.02,13732895,68,68,56.35,57.59,8589300,2026-01-24T03:45:24Z
PNC,2008-10-13,42.75,45.33,40.49,44.41,10010802,68.35,72.47,64.74,71,6261300,2026-01-24T03:45:24Z
PNC,2008-10-14,39.43,43.35,36.56,43.33,20052114,63.04,69.31,58.46,69.28,12541700,2026-01-24T03:45:24Z
PNC,2008-10-15,38.47,40.34,37.53,38.62,10585888,61.5,64.5,60.01,61.75,6621000,2026-01-24T03:45:24Z
PNC,2008-10-16,38.4,39.47,35.65,37.42,12232226,61.4,63.1,57,59.83,7650700,2026-01-24T03:45:24Z
PNC,2008-10-17,36.24,38.91,35.91,37.23,6606401,57.94,62.21,57.42,59.53,4132000,2026-01-24T03:45:24Z
PNC,2008-10-20,37.31,37.56,35.57,35.67,5404232,59.66,60.05,56.87,57.03,3380100,2026-01-24T03:45:24Z
PNC,2008-10-21,36.9,38.13,36.68,36.9,4321013,58.99,60.96,58.64,59,2702600,2026-01-24T03:45:24Z
PNC,2008-10-22,34.79,37.11,34.1,36.54,7175257,55.62,59.34,54.52,58.42,4487800,2026-01-24T03:45:24Z
PNC,2008-10-23,35.58,35.69,33.81,34.92,7926864,56.88,57.06,54.06,55.84,4957900,2026-01-24T03:45:24Z
PNC,2008-10-24,36.83,38.15,26.59,31.9,25783941,58.88,61,42.51,51,16126700,2026-01-24T03:45:24Z
PNC,2008-10-27,36.67,38.68,35.91,36.15,14516803,58.63,61.84,57.41,57.8,9079600,2026-01-24T03:45:24Z
PNC,2008-10-28,40.93,40.96,36.45,37.12,11554462,65.44,65.49,58.27,59.35,7226800,2026-01-24T03:45:24Z
PNC,2008-10-29,39.34,41.76,38.48,40.41,11467178,62.9,66.77,61.53,64.61,7172200,2026-01-24T03:45:24Z
PNC,2008-10-30,40.32,41.39,39.5,41.01,8521792,64.47,66.18,63.16,65.57,5330000,2026-01-24T03:45:24Z
PNC,2008-10-31,41.7,41.89,39.5,40.27,8577911,66.67,66.98,63.15,64.38,5365100,2026-01-24T03:45:24Z
PNC,2008-11-03,42.76,43.03,41.09,41.78,5700977,68.37,68.8,65.7,66.8,3565700,2026-01-24T03:45:24Z
PNC,2008-11-04,45.43,45.75,42.68,43.16,11181298,72.63,73.15,68.23,69.01,6993400,2026-01-24T03:45:24Z
PNC,2008-11-05,42.74,46.71,42.56,44.8,11692286,68.34,74.68,68.05,71.62,7313000,2026-01-24T03:45:24Z
PNC,2008-11-06,42.37,45.65,41.82,43.15,17971085,67.74,72.99,66.87,68.99,11240100,2026-01-24T03:45:24Z
PNC,2008-11-07,42.11,42.79,40.7,42.56,8560814,67.32,68.42,65.07,68.05,5354400,2026-01-24T03:45:24Z
PNC,2008-11-10,41.76,43.13,41.26,42.5,6058153,66.77,68.95,65.96,67.95,3789100,2026-01-24T03:45:24Z
PNC,2008-11-11,40.05,42.06,39.32,41.28,8114888,64.03,67.25,62.87,66,5075500,2026-01-24T03:45:24Z
PNC,2008-11-12,38.57,40.1,38.24,39.64,8221387,61.66,64.11,61.14,63.38,5142100,2026-01-24T03:45:24Z
PNC,2008-11-13,41.36,42.16,37.18,39.02,11093361,66.12,67.4,59.44,62.39,6938400,2026-01-24T03:45:24Z
PNC,2008-11-14,38.99,42.15,38.82,40.25,7359295,62.34,67.39,62.07,64.36,4602900,2026-01-24T03:45:24Z
PNC,2008-11-17,37.02,39.59,36.91,38.47,8751704,59.19,63.29,59.01,61.5,5473800,2026-01-24T03:45:24Z
PNC,2008-11-18,34.68,37.45,33.87,37.16,17883450,55.45,59.87,54.15,59.41,11185300,2026-01-24T03:45:24Z
PNC,2008-11-19,31.17,35.32,30.96,34.41,17353298,49.83,56.47,49.5,55.01,10853700,2026-01-24T03:45:24Z
PNC,2008-11-20,28,31.33,27.52,30.82,18558822,44.77,50.09,44,49.28,11607700,2026-01-24T03:45:24Z
PNC,2008-11-21,27.33,29.4,24.45,28.71,19188130,43.69,47.01,39.09,45.9,12001300,2026-01-24T03:45:24Z
PNC,2008-11-24,30.37,30.97,27.02,28.21,12196257,48.55,49.51,43.2,45.11,7628200,2026-01-24T03:45:24Z
PNC,2008-11-25,32.63,32.83,31.18,31.79,10457982,52.17,52.49,49.85,50.83,6541000,2026-01-24T03:45:24Z
PNC,2008-11-26,32.78,33.01,30.44,31.59,7750196,52.41,52.77,48.67,50.5,4847400,2026-01-24T03:45:24Z
PNC,2008-11-28,33.01,33.01,31.58,32.73,3351326,52.77,52.77,50.49,52.33,2096100,2026-01-24T03:45:24Z
PNC,2008-12-01,27.69,32.09,27.25,31.65,8912549,44.27,51.31,43.57,50.6,5574400,2026-01-24T03:45:24Z
PNC,2008-12-02,27.06,28.35,26.29,27.77,13419982,43.26,45.32,42.04,44.4,8393600,2026-01-24T03:45:24Z
PNC,2008-12-03,29.38,29.69,26.23,26.37,13390401,46.98,47.47,41.93,42.16,8375100,2026-01-24T03:45:24Z
PNC,2008-12-04,29.91,31.93,28.34,28.76,10922149,47.82,51.05,45.31,45.98,6831300,2026-01-24T03:45:24Z
PNC,2008-12-05,32.82,32.97,29.2,29.46,10923720,52.48,52.71,46.68,47.1,6832300,2026-01-24T03:45:24Z
PNC,2008-12-08,34.87,34.91,32.62,33.75,9468151,55.75,55.82,52.16,53.96,5921900,2026-01-24T03:45:24Z
PNC,2008-12-09,32.6,35.96,32.27,34.23,15205895,52.12,57.5,51.59,54.72,9510600,2026-01-24T03:45:24Z
PNC,2008-12-10,32.96,33.78,32.12,33.02,8514447,52.69,54,51.36,52.8,5325400,2026-01-24T03:45:24Z
PNC,2008-12-11,29.18,33.46,28.98,32.46,11358761,46.65,53.49,46.33,51.9,7104400,2026-01-24T03:45:24Z
PNC,2008-12-12,30.75,31.04,28.5,29.04,8451146,49.16,49.63,45.57,46.43,5285800,2026-01-24T03:45:24Z
PNC,2008-12-15,28.77,31.22,27.92,30.81,10211296,46,49.91,44.64,49.26,6386700,2026-01-24T03:45:24Z
PNC,2008-12-16,30.77,30.83,28.84,29.53,14545884,49.2,49.29,46.11,47.22,9097800,2026-01-24T03:45:24Z
PNC,2008-12-17,28.76,30.9,28.59,30.3,11368691,45.98,49.41,45.71,48.45,7110600,2026-01-24T03:45:24Z
PNC,2008-12-18,27.81,29.63,27.25,29.1,8648113,44.46,47.37,43.56,46.52,5409000,2026-01-24T03:45:24Z
PNC,2008-12-19,27.76,28.85,27.53,27.9,9279979,44.39,46.12,44.02,44.61,5804200,2026-01-24T03:45:24Z
PNC,2008-12-22,26.69,28.23,26.48,27.83,6188618,42.68,45.13,42.33,44.49,3870700,2026-01-24T03:45:24Z
PNC,2008-12-23,26.9,27.25,26.28,26.95,5434127,43.01,43.56,42.01,43.08,3398800,2026-01-24T03:45:24Z
PNC,2008-12-24,27.24,27.49,26.53,27.49,1925322,43.55,43.95,42.41,43.95,1204200,2026-01-24T03:45:24Z
PNC,2008-12-26,27.34,27.6,27.01,27.48,2145797,43.72,44.12,43.19,43.94,1342100,2026-01-24T03:45:24Z
PNC,2008-12-29,27.33,27.49,26.69,27.44,3783169,43.69,43.95,42.67,43.87,2366200,2026-01-24T03:45:24Z
PNC,2008-12-30,28.88,29.07,27.23,27.35,5283036,46.18,46.48,43.54,43.72,3304300,2026-01-24T03:45:24Z
PNC,2008-12-31,30.65,30.91,28.84,28.97,13110932,49,49.42,46.11,46.31,8200300,2026-01-24T03:45:24Z
PNC,2009-01-02,30.39,30.78,29.5,30.33,6761330,48.59,49.21,47.17,48.49,4228900,2026-01-24T03:45:24Z
PNC,2009-01-05,30.08,30.79,29.57,30.08,8039422,48.1,49.22,47.27,48.1,5028300,2026-01-24T03:45:24Z
PNC,2009-01-06,30.42,31.54,29.54,30.33,10275569,48.64,50.42,47.23,48.5,6426900,2026-01-24T03:45:24Z
PNC,2009-01-07,30.22,31.14,29.93,30.12,10666965,48.31,49.79,47.85,48.16,6671700,2026-01-24T03:45:24Z
PNC,2009-01-08,30.62,30.82,29.89,30.33,9961555,48.95,49.28,47.79,48.49,6230500,2026-01-24T03:45:24Z
PNC,2009-01-09,29.62,30.9,29.4,30.8,10714597,47.35,49.4,47,49.24,6701500,2026-01-24T03:45:24Z
PNC,2009-01-12,28.76,30.49,28.25,29.63,16287329,45.99,48.74,45.17,47.38,10187000,2026-01-24T03:45:24Z
PNC,2009-01-13,28.78,28.87,28.06,28.5,9537549,46.02,46.15,44.86,45.56,5965300,2026-01-24T03:45:24Z
PNC,2009-01-14,27.55,28.62,27.26,28.37,9498301,43.42,45.1,42.96,44.71,6027200,2026-01-24T03:45:24Z
PNC,2009-01-15,26.43,27.83,25.56,27.48,13731364,41.65,43.86,40.28,43.31,8713300,2026-01-24T03:45:24Z
PNC,2009-01-16,23.82,27.36,22.86,27.28,21257097,37.54,43.12,36.03,42.99,13488800,2026-01-24T03:45:24Z
PNC,2009-01-20,13.96,23.07,13.52,22.13,55325583,22,36.36,21.31,34.88,35107100,2026-01-24T03:45:24Z
PNC,2009-01-21,19.14,19.27,15.43,15.55,56295920,30.16,30.36,24.31,24.51,35722900,2026-01-24T03:45:24Z
PNC,2009-01-22,18.8,20.38,17.46,18.52,23649511,29.62,32.12,27.52,29.18,15006900,2026-01-24T03:45:24Z
PNC,2009-01-23,19.21,19.35,17.77,18.16,13608892,30.27,30.49,28.01,28.61,8635600,2026-01-24T03:45:24Z
PNC,2009-01-26,19.33,21,18.86,19.87,14644901,30.47,33.1,29.72,31.32,9293000,2026-01-24T03:45:24Z
PNC,2009-01-27,20.4,20.5,19.13,20.15,12487675,32.15,32.3,30.14,31.76,7924100,2026-01-24T03:45:24Z
PNC,2009-01-28,23.69,23.83,22.49,22.76,21498200,37.34,37.56,35.44,35.87,13641800,2026-01-24T03:45:24Z
PNC,2009-01-29,21.71,23.48,21.58,22.9,14019570,34.22,37,34,36.08,8896200,2026-01-24T03:45:24Z
PNC,2009-01-30,20.64,22.86,20.29,21.95,13952474,32.52,36.02,31.97,34.59,8853600,2026-01-24T03:45:24Z
PNC,2009-02-02,20.42,20.54,19.44,20.24,13609839,32.18,32.37,30.63,31.9,8636200,2026-01-24T03:45:24Z
PNC,2009-02-03,18.94,21.19,16.82,20.99,42806615,29.85,33.4,26.5,33.07,27163200,2026-01-24T03:45:24Z
PNC,2009-02-04,18.29,19.92,17.93,19.16,21847460,28.83,31.39,28.25,30.2,13863400,2026-01-24T03:45:24Z
PNC,2009-02-05,18.93,19.58,16.74,17.76,20485353,29.83,30.85,26.38,27.98,12999100,2026-01-24T03:45:24Z
PNC,2009-02-06,20.67,21.06,18.92,19.4,16761317,32.57,33.19,29.81,30.57,10636000,2026-01-24T03:45:24Z
PNC,2009-02-09,21.26,21.27,20.22,20.8,12883223,33.51,33.52,31.87,32.78,8175100,2026-01-24T03:45:24Z
PNC,2009-02-10,18.93,21.58,18.78,21.04,20361170,29.83,34,29.59,33.15,12920300,2026-01-24T03:45:24Z
PNC,2009-02-11,20.9,21,19.09,19.42,13639505,32.94,33.1,30.08,30.6,8655000,2026-01-24T03:45:24Z
PNC,2009-02-12,19.72,20.27,18.33,20.07,16877832,31.07,31.95,28.88,31.62,10709900,2026-01-24T03:45:24Z
PNC,2009-02-13,17.89,19.79,17.81,19.14,18316722,28.2,31.18,28.07,30.16,11623000,2026-01-24T03:45:24Z
PNC,2009-02-17,16.8,17.11,16.15,16.87,20707862,26.47,26.96,25.45,26.58,13140300,2026-01-24T03:45:24Z
PNC,2009-02-18,16.24,17.13,15.53,17.13,17675387,25.6,27,24.47,27,11216000,2026-01-24T03:45:24Z
PNC,2009-02-19,15.29,16.86,15.13,16.75,19437055,24.1,26.57,23.84,26.4,12333900,2026-01-24T03:45:24Z
PNC,2009-02-20,14.74,15.23,13.35,14.22,27333825,23.23,24,21.04,22.41,17344800,2026-01-24T03:45:24Z
PNC,2009-02-23,15.62,16.47,15.14,15.38,21198791,24.61,25.96,23.86,24.24,13451800,2026-01-24T03:45:24Z
PNC,2009-02-24,18.08,18.11,14.94,15.64,29563737,28.5,28.54,23.54,24.65,18759800,2026-01-24T03:45:24Z
PNC,2009-02-25,18.59,19.52,16.56,17.58,24183352,29.3,30.76,26.1,27.71,15345700,2026-01-24T03:45:24Z
PNC,2009-02-26,18.87,20.45,18.61,19.2,19498668,29.74,32.22,29.33,30.26,12373000,2026-01-24T03:45:24Z
PNC,2009-02-27,17.35,18.71,16.89,17.98,16249215,27.34,29.49,26.61,28.34,10311000,2026-01-24T03:45:24Z
PNC,2009-03-02,16.57,17.64,16,17.08,18586384,26.12,27.8,25.21,26.92,11794100,2026-01-24T03:45:24Z
PNC,2009-03-03,15.75,16.93,15.49,16.92,17038821,24.82,26.68,24.41,26.66,10812100,2026-01-24T03:45:24Z
PNC,2009-03-04,14.76,16.39,13.97,16.2,27484205,23.26,25.83,22.02,25.53,17440300,2026-01-24T03:45:24Z
PNC,2009-03-05,12.69,14.6,12.56,14.26,27430402,20,23,19.8,22.47,17406100,2026-01-24T03:45:24Z
PNC,2009-03-06,11.75,13.36,10.28,12.69,39254797,18.51,21.05,16.2,20,24909300,2026-01-24T03:45:24Z
PNC,2009-03-09,12.51,13.17,11.14,11.37,29547535,19.72,20.75,17.56,17.92,18749500,2026-01-24T03:45:24Z
PNC,2009-03-10,15.68,15.98,13.52,13.75,33015006,24.71,25.18,21.3,21.66,20949900,2026-01-24T03:45:24Z
PNC,2009-03-11,15.74,17.99,15.39,15.95,41190186,24.8,28.35,24.26,25.13,26137500,2026-01-24T03:45:24Z
PNC,2009-03-12,18.12,18.26,15.07,15.64,26483662,28.55,28.78,23.75,24.65,16805300,2026-01-24T03:45:24Z
PNC,2009-03-13,17.86,18.06,16.36,17.93,23374837,28.15,28.46,25.79,28.26,14832600,2026-01-24T03:45:24Z
PNC,2009-03-16,17.34,18.88,17.18,18.11,21306162,27.32,29.75,27.07,28.54,13519900,2026-01-24T03:45:24Z
PNC,2009-03-17,18.09,18.09,16.54,17.29,22621317,28.51,28.51,26.07,27.25,14354500,2026-01-24T03:45:24Z
PNC,2009-03-18,19.97,19.99,17.5,17.58,26427241,31.47,31.5,27.58,27.7,16769500,2026-01-24T03:45:24Z
PNC,2009-03-19,18.19,20.46,18.04,20.46,19664009,28.67,32.25,28.43,32.25,12477900,2026-01-24T03:45:24Z
PNC,2009-03-20,17.08,18.54,16.86,18.54,19194892,26.92,29.21,26.57,29.21,12180200,2026-01-24T03:45:24Z
PNC,2009-03-23,20.77,20.84,17.83,18.47,23707620,32.73,32.84,28.1,29.1,15043800,2026-01-24T03:45:24Z
PNC,2009-03-24,20.51,22.01,19.91,20.09,25813859,32.32,34.69,31.37,31.66,16380300,2026-01-24T03:45:24Z
PNC,2009-03-25,20.55,21.63,18.85,20.83,19892873,32.39,34.09,29.71,32.83,12623100,2026-01-24T03:45:24Z
PNC,2009-03-26,19.96,21.04,19.67,20.84,17906681,31.45,33.16,31,32.84,11362800,2026-01-24T03:45:24Z
PNC,2009-03-27,19.24,20.6,19.16,19.75,17265019,30.32,32.47,30.2,31.12,10955600,2026-01-24T03:45:24Z
PNC,2009-03-30,16.96,18.53,16.82,18.26,17389045,26.72,29.2,26.5,28.77,11034300,2026-01-24T03:45:24Z
PNC,2009-03-31,18.59,18.85,17.1,17.55,18760566,29.29,29.7,26.95,27.66,11904600,2026-01-24T03:45:24Z
PNC,2009-04-01,19.35,19.41,17.45,18.17,14253472,30.5,30.59,27.5,28.64,9044600,2026-01-24T03:45:24Z
PNC,2009-04-02,20.46,20.94,19.56,20.31,19925100,32.24,33,30.82,32.01,12643600,2026-01-24T03:45:24Z
PNC,2009-04-03,22.72,22.72,19.9,19.97,18422017,35.8,35.8,31.36,31.47,11689800,2026-01-24T03:45:24Z
PNC,2009-04-06,21.45,21.73,20.65,21.65,15985536,33.81,34.25,32.54,34.11,10143700,2026-01-24T03:45:24Z
PNC,2009-04-07,20.16,20.91,19.98,20.68,14114624,31.77,32.95,31.49,32.59,8956500,2026-01-24T03:45:24Z
PNC,2009-04-08,20.36,20.52,19.31,20.4,11195537,31.98,32.23,30.33,32.05,7126600,2026-01-24T03:45:24Z
PNC,2009-04-09,24.49,24.81,21.73,22.19,26481743,38.48,38.97,34.13,34.86,16857200,2026-01-24T03:45:24Z
PNC,2009-04-13,25.65,26.04,23.64,23.95,17665310,40.3,40.9,37.13,37.62,11245000,2026-01-24T03:45:24Z
PNC,2009-04-14,23.36,25.83,23.11,24.91,18893810,36.69,40.58,36.3,39.13,12027000,2026-01-24T03:45:24Z
PNC,2009-04-15,24.91,25.07,22.92,23.31,16820629,39.13,39.39,36,36.62,10707300,2026-01-24T03:45:24Z
PNC,2009-04-16,24.86,25.39,23.88,25.39,18360430,39.06,39.89,37.52,39.89,11687500,2026-01-24T03:45:24Z
PNC,2009-04-17,26.48,27.36,23.71,24.74,23875604,41.6,42.98,37.25,38.87,15198200,2026-01-24T03:45:24Z
PNC,2009-04-20,23.48,25.58,23.48,25.27,20040088,36.88,40.19,36.88,39.7,12756700,2026-01-24T03:45:24Z
PNC,2009-04-21,25.72,25.78,21.78,22.25,25716690,40.4,40.5,34.21,34.96,16370200,2026-01-24T03:45:24Z
PNC,2009-04-22,24.23,27.18,24.11,25,24321426,38.06,42.7,37.88,39.27,15482000,2026-01-24T03:45:24Z
PNC,2009-04-23,26.05,26.41,24.07,25.82,32042507,40.93,41.49,37.81,40.56,20396900,2026-01-24T03:45:24Z
PNC,2009-04-24,27.51,28.17,24.92,25.58,32009579,43.22,44.25,39.14,40.19,20376000,2026-01-24T03:45:24Z
PNC,2009-04-27,26.25,27.25,25.88,26.65,12519355,41.23,42.81,40.66,41.86,7969300,2026-01-24T03:45:24Z
PNC,2009-04-28,25.75,26.37,25.25,25.56,11079889,40.45,41.42,39.67,40.15,7053000,2026-01-24T03:45:24Z
PNC,2009-04-29,25.62,26.49,25.16,25.91,15234429,40.24,41.62,39.53,40.7,9697600,2026-01-24T03:45:24Z
PNC,2009-04-30,25.27,26.23,25.1,26.05,14228527,39.7,41.21,39.43,40.93,9057300,2026-01-24T03:45:24Z
PNC,2009-05-01,24.07,25.35,23.61,25.16,14133937,37.82,39.83,37.09,39.52,8997100,2026-01-24T03:45:24Z
PNC,2009-05-04,27.53,27.65,24.19,24.48,19252244,43.25,43.44,38,38.45,12255200,2026-01-24T03:45:24Z
PNC,2009-05-05,26.99,27.38,26.36,26.74,9568006,42.4,43.01,41.41,42,6090600,2026-01-24T03:45:24Z
PNC,2009-05-06,30.21,30.61,27.39,27.69,21047060,47.46,48.08,43.02,43.5,13397700,2026-01-24T03:45:24Z
PNC,2009-05-07,28.31,32.76,27.47,30.94,28858262,44.47,51.46,43.16,48.61,18370000,2026-01-24T03:45:24Z
PNC,2009-05-08,33.79,33.88,28.84,29.4,34014494,53.08,53.22,45.3,46.19,21652200,2026-01-24T03:45:24Z
PNC,2009-05-11,29.71,33.1,29.72,32.96,21493669,46.68,52,46.68,51.78,13682000,2026-01-24T03:45:24Z
PNC,2009-05-12,28.51,30.19,27.46,30.17,20481353,44.79,47.43,43.14,47.39,13037600,2026-01-24T03:45:24Z
PNC,2009-05-13,26.86,28.69,26.73,28.09,14343833,42.2,45.07,41.99,44.13,9130700,2026-01-24T03:45:24Z
PNC,2009-05-14,27.45,28.45,25.69,26.03,28442634,43.12,44.69,40.36,40.89,18105400,2026-01-24T03:45:24Z
PNC,2009-05-15,26.6,28.1,26.45,27.57,12644860,41.79,44.14,41.55,43.31,8049200,2026-01-24T03:45:24Z
PNC,2009-05-18,28.38,29.14,27.11,27.3,12957322,44.58,45.78,42.59,42.89,8248100,2026-01-24T03:45:24Z
PNC,2009-05-19,27.54,28.96,27.54,28.5,9777584,43.26,45.49,43.26,44.77,6224000,2026-01-24T03:45:24Z
PNC,2009-05-20,26.77,28.58,26.51,28.38,10971162,42.06,44.9,41.65,44.59,6983800,2026-01-24T03:45:24Z
PNC,2009-05-21,26.21,26.61,25.46,26.15,12040046,41.18,41.8,40,41.08,7664200,2026-01-24T03:45:24Z
PNC,2009-05-22,26.21,26.67,25.76,26.53,6186858,41.18,41.9,40.47,41.67,3938300,2026-01-24T03:45:24Z
PNC,2009-05-26,27.53,27.69,25.79,26.01,11311432,43.25,43.5,40.52,40.86,7200400,2026-01-24T03:45:24Z
PNC,2009-05-27,26.17,28.33,26.07,28.06,12696250,41.11,44.5,40.96,44.08,8081900,2026-01-24T03:45:24Z
PNC,2009-05-28,27.79,27.79,26.26,26.59,10961735,43.66,43.66,41.25,41.77,6977800,2026-01-24T03:45:24Z
PNC,2009-05-29,29,29,27.23,27.91,11245289,45.55,45.55,42.77,43.85,7158300,2026-01-24T03:45:24Z
PNC,2009-06-01,28.23,29.54,27.89,29.47,13085366,44.34,46.4,43.81,46.29,8329600,2026-01-24T03:45:24Z
PNC,2009-06-02,26.65,28.56,26.26,28.19,16744731,41.87,44.86,41.26,44.28,10659000,2026-01-24T03:45:24Z
PNC,2009-06-03,25.67,26.95,25.43,26.55,12573867,40.33,42.33,39.95,41.71,8004000,2026-01-24T03:45:24Z
PNC,2009-06-04,27.82,27.89,25.96,26.03,11994029,43.7,43.82,40.78,40.89,7634900,2026-01-24T03:45:24Z
PNC,2009-06-05,26.75,27.97,26.38,27.97,10687465,42.02,43.94,41.44,43.94,6803200,2026-01-24T03:45:24Z
PNC,2009-06-08,27.61,28.12,26.38,26.47,11410738,43.38,44.17,41.44,41.58,7263600,2026-01-24T03:45:24Z
PNC,2009-06-09,28.12,28.24,27.28,27.84,8954700,44.18,44.37,42.86,43.73,5700200,2026-01-24T03:45:24Z
PNC,2009-06-10,26.61,28.48,26.13,28.48,12555458,41.8,44.74,41.05,44.74,7992300,2026-01-24T03:45:24Z
PNC,2009-06-11,27.01,27.57,26.66,26.86,9672944,42.43,43.31,41.88,42.19,6157400,2026-01-24T03:45:24Z
PNC,2009-06-12,26.32,27.16,26.1,26.84,9706738,41.34,42.67,41,42.17,6178900,2026-01-24T03:45:24Z
PNC,2009-06-15,25.82,26.7,25.65,26.1,9602579,40.56,41.95,40.3,41,6112600,2026-01-24T03:45:24Z
PNC,2009-06-16,25.07,26.26,25.07,26.02,12692333,39.39,41.25,39.38,40.88,8079400,2026-01-24T03:45:24Z
PNC,2009-06-17,24.18,25.13,23.74,25.08,13399060,37.99,39.47,37.3,39.4,8529300,2026-01-24T03:45:24Z
PNC,2009-06-18,25.16,25.24,24.3,24.3,8423249,39.53,39.65,38.18,38.18,5361900,2026-01-24T03:45:24Z
PNC,2009-06-19,25.58,26.02,25.07,25.42,20691123,40.18,40.87,39.38,39.94,13171100,2026-01-24T03:45:24Z
PNC,2009-06-22,24.51,25.72,24.51,25.2,11526043,38.5,40.41,38.5,39.59,7337000,2026-01-24T03:45:24Z
PNC,2009-06-23,24.95,25.39,24.37,24.81,7481960,39.19,39.89,38.28,38.98,4762700,2026-01-24T03:45:24Z
PNC,2009-06-24,25.49,25.7,24.97,25.02,8031458,40.05,40.38,39.22,39.31,5112500,2026-01-24T03:45:24Z
PNC,2009-06-25,25.6,25.65,24.83,25.3,8426871,40.22,40.3,39.01,39.75,5364200,2026-01-24T03:45:24Z
PNC,2009-06-26,25.08,25.88,25.08,25.58,10272899,39.4,40.65,39.4,40.19,6539300,2026-01-24T03:45:24Z
PNC,2009-06-29,25.2,25.57,24.62,25.25,7637314,39.58,40.17,38.67,39.66,4861600,2026-01-24T03:45:24Z
PNC,2009-06-30,24.7,25.52,24.49,25.23,7540559,38.81,40.09,38.47,39.64,4800000,2026-01-24T03:45:24Z
PNC,2009-07-01,24.39,25.13,24.32,24.85,7349979,38.31,39.47,38.21,39.03,4678700,2026-01-24T03:45:24Z
PNC,2009-07-02,23.48,24.3,23.32,24.18,8520484,36.89,38.18,36.63,37.98,5423800,2026-01-24T03:45:24Z
PNC,2009-07-06,23.93,24.26,23.25,23.25,9186271,37.6,38.11,36.52,36.52,5847600,2026-01-24T03:45:24Z
PNC,2009-07-07,23.87,24.68,23.66,23.84,8071666,37.5,38.77,37.17,37.45,5138100,2026-01-24T03:45:24Z
PNC,2009-07-08,23.14,24.05,22.39,23.94,11597834,36.35,37.78,35.17,37.6,7382700,2026-01-24T03:45:24Z
PNC,2009-07-09,23.35,23.68,23.16,23.47,6900971,36.58,37.1,36.29,36.77,4405000,2026-01-24T03:45:24Z
PNC,2009-07-10,22.81,23.29,22.58,22.99,6351560,35.74,36.49,35.37,36.01,4054300,2026-01-24T03:45:24Z
PNC,2009-07-13,24.22,24.24,22.94,23.29,10024818,37.94,37.98,35.93,36.49,6399000,2026-01-24T03:45:24Z
PNC,2009-07-14,23.43,24.27,23.25,24.13,10138864,36.7,38.02,36.43,37.8,6471800,2026-01-24T03:45:24Z
PNC,2009-07-15,24.82,25.34,23.85,23.96,12618685,38.88,39.69,37.37,37.54,8054700,2026-01-24T03:45:24Z
PNC,2009-07-16,24.73,25.09,24.12,24.57,8468711,38.74,39.3,37.78,38.49,5405700,2026-01-24T03:45:24Z
PNC,2009-07-17,24.05,25.21,23.65,24.71,11351923,37.68,39.5,37.05,38.71,7246100,2026-01-24T03:45:24Z
PNC,2009-07-20,24.36,24.5,23.74,24.17,6834238,38.17,38.38,37.19,37.86,4362400,2026-01-24T03:45:24Z
PNC,2009-07-21,24.08,24.48,23.02,24.48,9596376,37.72,38.35,36.06,38.35,6125500,2026-01-24T03:45:24Z
PNC,2009-07-22,23.88,23.94,22.92,23.64,19566171,37.41,37.5,35.9,37.04,12489400,2026-01-24T03:45:24Z
PNC,2009-07-23,22.85,23.78,22.03,23.09,28512715,35.79,37.25,34.51,36.17,18200100,2026-01-24T03:45:24Z
PNC,2009-07-24,21.81,22.62,21.64,22.62,14229979,34.17,35.43,33.9,35.43,9083200,2026-01-24T03:45:24Z
PNC,2009-07-27,22.3,22.34,21.1,21.74,14283245,34.94,34.99,33.06,34.05,9117200,2026-01-24T03:45:24Z
PNC,2009-07-28,23.3,23.39,22.02,22.1,13329467,36.5,36.64,34.5,34.62,8508400,2026-01-24T03:45:24Z
PNC,2009-07-29,22.49,23.14,22.17,23.13,9862694,35.24,36.25,34.73,36.23,6295500,2026-01-24T03:45:24Z
PNC,2009-07-30,22.69,23.3,22.57,22.83,8869287,35.55,36.5,35.36,35.76,5661400,2026-01-24T03:45:24Z
PNC,2009-07-31,23.4,23.4,22.32,22.63,9490936,36.66,36.66,34.96,35.45,6058200,2026-01-24T03:45:24Z
PNC,2009-08-03,24.23,24.38,23.59,23.77,10374673,37.96,38.2,36.95,37.23,6622300,2026-01-24T03:45:24Z
PNC,2009-08-04,24.62,24.77,23.68,24.09,9779500,38.57,38.8,37.09,37.74,6242400,2026-01-24T03:45:24Z
PNC,2009-08-05,26.31,26.71,24.4,24.72,17766179,41.22,41.84,38.22,38.72,11340400,2026-01-24T03:45:24Z
PNC,2009-08-06,26.31,26.92,25.78,26.68,11747667,41.22,42.17,40.39,41.8,7498700,2026-01-24T03:45:24Z
PNC,2009-08-07,28.23,28.57,26.44,26.69,15048354,44.23,44.76,41.42,41.81,9605600,2026-01-24T03:45:24Z
PNC,2009-08-10,27.36,28.18,26.99,27.86,6812149,42.86,44.14,42.29,43.64,4348300,2026-01-24T03:45:24Z
PNC,2009-08-11,26.04,27.18,25.78,27.17,9538853,40.79,42.58,40.38,42.56,6088800,2026-01-24T03:45:24Z
PNC,2009-08-12,26.27,26.71,25.66,26.01,10623926,41.16,41.84,40.2,40.74,6781400,2026-01-24T03:45:24Z
PNC,2009-08-13,27.15,27.25,26.33,26.73,9008881,42.54,42.69,41.25,41.88,5750500,2026-01-24T03:45:24Z
PNC,2009-08-14,26.71,27.12,26.29,26.93,6033694,41.85,42.49,41.18,42.19,3851400,2026-01-24T03:45:24Z
PNC,2009-08-17,25.47,26.1,25.32,26.01,7077531,39.9,40.89,39.66,40.75,4517700,2026-01-24T03:45:24Z
PNC,2009-08-18,25.73,26.09,25.53,25.71,5634047,40.31,40.87,40,40.28,3596300,2026-01-24T03:45:24Z
PNC,2009-08-19,25.49,25.6,25.14,25.35,6451203,39.94,40.11,39.39,39.71,4117900,2026-01-24T03:45:24Z
PNC,2009-08-20,26.62,26.71,25.55,25.55,7343871,41.71,41.84,40.02,40.02,4687700,2026-01-24T03:45:24Z
PNC,2009-08-21,27.36,27.45,26.41,26.82,8136415,42.86,43,41.38,42.01,5193600,2026-01-24T03:45:24Z
PNC,2009-08-24,26.24,27.51,26.03,27.08,12336399,41.11,43.1,40.78,42.42,7874500,2026-01-24T03:45:24Z
PNC,2009-08-25,26.82,27.04,26.34,26.34,11341264,42.02,42.36,41.26,41.27,7239300,2026-01-24T03:45:24Z
PNC,2009-08-26,26.83,27.13,26.39,26.71,5887683,42.03,42.5,41.34,41.85,3758200,2026-01-24T03:45:24Z
PNC,2009-08-27,26.96,27.13,26.26,26.68,5044226,42.23,42.5,41.14,41.8,3219800,2026-01-24T03:45:24Z
PNC,2009-08-28,27.36,27.7,27,27.13,7571491,42.86,43.39,42.3,42.5,4833000,2026-01-24T03:45:24Z
PNC,2009-08-31,27.19,27.35,26.64,26.87,5556667,42.59,42.85,41.74,42.1,3546900,2026-01-24T03:45:24Z
PNC,2009-09-01,25.8,27.48,25.66,26.99,9393321,40.42,43.05,40.2,42.29,5995900,2026-01-24T03:45:24Z
PNC,2009-09-02,25.19,26.24,25.19,25.69,8104930,39.47,41.11,39.47,40.24,5173500,2026-01-24T03:45:24Z
PNC,2009-09-03,25.52,25.92,25.18,25.53,6567769,39.98,40.61,39.44,40,4192300,2026-01-24T03:45:24Z
PNC,2009-09-04,25.83,26,25.34,25.46,4888656,40.46,40.73,39.69,39.89,3120500,2026-01-24T03:45:24Z
PNC,2009-09-08,25.67,26.35,25.56,26.18,6757334,40.21,41.28,40.04,41.02,4313300,2026-01-24T03:45:24Z
PNC,2009-09-09,26.33,26.47,25.61,25.64,6418929,41.25,41.46,40.12,40.16,4097300,2026-01-24T03:45:24Z
PNC,2009-09-10,26.35,26.43,25.97,26.22,6500562,41.28,41.41,40.68,41.08,4149400,2026-01-24T03:45:24Z
PNC,2009-09-11,26.96,27.42,26.29,26.45,8369862,42.23,42.95,41.18,41.44,5342600,2026-01-24T03:45:24Z
PNC,2009-09-14,27.26,27.29,26.45,26.61,5697510,42.7,42.75,41.43,41.68,3636800,2026-01-24T03:45:24Z
PNC,2009-09-15,28.85,29.27,27.45,27.49,15875890,45.19,45.86,43,43.06,10133800,2026-01-24T03:45:24Z
PNC,2009-09-16,29.95,30.14,28.71,28.91,11463320,46.92,47.22,44.98,45.29,7317200,2026-01-24T03:45:24Z
PNC,2009-09-17,29.14,29.95,28.49,29.81,9136705,45.65,46.92,44.63,46.7,5832100,2026-01-24T03:45:24Z
PNC,2009-09-18,29.35,29.42,28.74,29.32,8097105,45.98,46.09,45.02,45.93,5168500,2026-01-24T03:45:24Z
PNC,2009-09-21,29.58,29.71,28.72,29.03,7657978,46.34,46.55,45,45.48,4888200,2026-01-24T03:45:24Z
PNC,2009-09-22,29.91,30.4,29.8,30.01,8008282,46.86,47.62,46.69,47.02,5111800,2026-01-24T03:45:24Z
PNC,2009-09-23,29.35,30.28,29.33,29.55,5699541,45.98,47.44,45.95,46.29,3638100,2026-01-24T03:45:24Z
PNC,2009-09-24,28.64,29.92,28.34,29.43,7816828,44.87,46.88,44.4,46.1,4989600,2026-01-24T03:45:24Z
PNC,2009-09-25,28.91,29.28,28.27,28.57,6731939,45.29,45.87,44.29,44.76,4297100,2026-01-24T03:45:24Z
PNC,2009-09-28,29.71,29.77,29.02,29.2,5715666,46.55,46.63,45.46,45.74,3648400,2026-01-24T03:45:24Z
PNC,2009-09-29,30.63,30.99,29.78,30.06,10918290,47.99,48.55,46.66,47.09,6969300,2026-01-24T03:45:24Z
PNC,2009-09-30,31.02,31.14,30.07,30.75,11708022,48.59,48.78,47.1,48.17,7473400,2026-01-24T03:45:24Z
PNC,2009-10-01,29.57,31,29.55,30.91,10778390,46.33,48.57,46.29,48.43,6880000,2026-01-24T03:45:24Z
PNC,2009-10-02,28.3,29.34,28.1,28.75,13680386,44.34,45.96,44.02,45.04,8732400,2026-01-24T03:45:24Z
PNC,2009-10-05,29.52,29.8,28.37,28.66,8046807,46.24,46.68,44.45,44.9,5136400,2026-01-24T03:45:24Z
PNC,2009-10-06,29.19,30.03,29.01,29.73,9009985,45.73,47.04,45.44,46.58,5751200,2026-01-24T03:45:24Z
PNC,2009-10-07,29.19,29.61,28.82,29.11,8877762,45.73,46.38,45.15,45.6,5666800,2026-01-24T03:45:24Z
PNC,2009-10-08,28.33,29.24,27.74,28.8,18752465,44.29,45.71,43.37,45.02,11996200,2026-01-24T03:45:24Z
PNC,2009-10-09,28.6,28.79,28.22,28.23,6141341,44.7,45,44.11,44.13,3928700,2026-01-24T03:45:24Z
PNC,2009-10-12,28.54,29.02,28.4,28.97,4958941,44.62,45.36,44.4,45.28,3172300,2026-01-24T03:45:24Z
PNC,2009-10-13,28.49,28.75,27.84,28.44,9341069,44.53,44.94,43.52,44.45,5975600,2026-01-24T03:45:24Z
PNC,2009-10-14,29.92,29.98,28.65,29.1,11581904,46.77,46.87,44.79,45.49,7409100,2026-01-24T03:45:24Z
PNC,2009-10-15,29.3,29.81,29.18,29.81,8512866,45.8,46.6,45.61,46.6,5445800,2026-01-24T03:45:24Z
PNC,2009-10-16,28.6,28.91,28.43,28.69,7567759,44.71,45.19,44.44,44.85,4841200,2026-01-24T03:45:24Z
PNC,2009-10-19,28.56,28.92,28.23,28.6,5613295,44.65,45.2,44.13,44.71,3590900,2026-01-24T03:45:24Z
PNC,2009-10-20,28.7,28.81,28.25,28.53,4788071,44.87,45.03,44.16,44.6,3063000,2026-01-24T03:45:24Z
PNC,2009-10-21,28.76,29.72,28.5,28.67,10489702,44.96,46.46,44.55,44.82,6710400,2026-01-24T03:45:24Z
PNC,2009-10-22,32.4,33.43,30.43,30.59,35771000,50.65,52.26,47.56,47.82,22883200,2026-01-24T03:45:24Z
PNC,2009-10-23,33.53,34.14,32.34,32.76,17221138,52.41,53.36,50.55,51.21,11016600,2026-01-24T03:45:24Z
PNC,2009-10-26,32.44,33.9,32.26,33.75,12044131,50.71,52.99,50.43,52.76,7704800,2026-01-24T03:45:24Z
PNC,2009-10-27,32.44,32.96,32.08,32.48,11743058,50.71,51.53,50.14,50.77,7512200,2026-01-24T03:45:24Z
PNC,2009-10-28,31.73,32.57,31.58,32.31,9174885,49.6,50.92,49.37,50.5,5869300,2026-01-24T03:45:24Z
PNC,2009-10-29,33.45,33.56,31.86,32.11,8538045,52.29,52.46,49.8,50.19,5461900,2026-01-24T03:45:24Z
PNC,2009-10-30,31.31,33.29,31.24,33.15,11167491,48.94,52.04,48.83,51.82,7144000,2026-01-24T03:45:24Z
PNC,2009-11-02,32.57,33.32,31.46,31.96,10439053,50.91,52.09,49.17,49.96,6678000,2026-01-24T03:45:24Z
PNC,2009-11-03,33.25,33.39,32.09,32.26,10213638,51.97,52.19,50.17,50.43,6533800,2026-01-24T03:45:24Z
PNC,2009-11-04,32.48,33.76,32.41,33.55,7967931,50.77,52.77,50.66,52.44,5097200,2026-01-24T03:45:24Z
PNC,2009-11-05,33.66,33.69,32.48,32.77,5408362,52.62,52.67,50.77,51.22,3459800,2026-01-24T03:45:24Z
PNC,2009-11-06,34.21,34.46,32.93,33.06,7896186,53.47,53.86,51.48,51.68,5051300,2026-01-24T03:45:24Z
PNC,2009-11-09,34.67,34.77,34,34.66,6370972,54.19,54.35,53.15,54.18,4075600,2026-01-24T03:45:24Z
PNC,2009-11-10,34.45,34.75,33.82,34.42,4460274,53.85,54.32,52.87,53.81,2853300,2026-01-24T03:45:24Z
PNC,2009-11-11,34.99,35.44,34.67,34.72,4675222,54.7,55.4,54.2,54.28,2990800,2026-01-24T03:45:24Z
PNC,2009-11-12,34.76,35.36,34.63,34.93,4818723,54.34,55.27,54.14,54.6,3082600,2026-01-24T03:45:24Z
PNC,2009-11-13,34.43,35.07,34.31,34.91,5500740,53.82,54.82,53.63,54.57,3518900,2026-01-24T03:45:24Z
PNC,2009-11-16,35.27,35.84,34.72,34.72,5701927,55.14,56.03,54.27,54.27,3647600,2026-01-24T03:45:24Z
PNC,2009-11-17,35.37,35.58,34.87,35.15,4127624,55.29,55.61,54.51,54.95,2640500,2026-01-24T03:45:24Z
PNC,2009-11-18,35.8,36.3,35.08,35.35,4605338,55.96,56.74,54.84,55.26,2946100,2026-01-24T03:45:24Z
PNC,2009-11-19,35.34,35.8,35.14,35.52,5899668,55.24,55.96,54.93,55.52,3774100,2026-01-24T03:45:24Z
PNC,2009-11-20,35.08,35.2,34.78,35.04,5164810,54.84,55.03,54.37,54.78,3304000,2026-01-24T03:45:24Z
PNC,2009-11-23,36.21,36.29,35.5,35.57,4423227,56.6,56.73,55.49,55.6,2829600,2026-01-24T03:45:24Z
PNC,2009-11-24,36.32,36.4,35.64,36.21,4859054,56.78,56.9,55.71,56.6,3108400,2026-01-24T03:45:24Z
PNC,2009-11-25,36.38,37.01,36.21,36.47,4726491,56.87,57.86,56.6,57.01,3023600,2026-01-24T03:45:24Z
PNC,2009-11-27,35.43,36.3,35,35.36,3613965,55.38,56.74,54.71,55.27,2311900,2026-01-24T03:45:24Z
PNC,2009-11-30,36.47,36.53,35.32,35.32,7690310,57.01,57.1,55.21,55.21,4919600,2026-01-24T03:45:24Z
PNC,2009-12-01,35.98,36.7,35.39,36.7,9589445,56.24,57.37,55.32,57.37,6134500,2026-01-24T03:45:24Z
PNC,2009-12-02,36.14,36.49,35.89,36.13,4395407,56.49,57.04,56.1,56.48,2811800,2026-01-24T03:45:24Z
PNC,2009-12-03,33.83,36.34,33.66,36.34,15794233,52.89,56.81,52.62,56.81,10103800,2026-01-24T03:45:24Z
PNC,2009-12-04,34.21,34.39,33.32,34.38,11140292,53.47,53.75,52.09,53.74,7126600,2026-01-24T03:45:24Z
PNC,2009-12-07,33.28,34.47,33.02,34.26,6567625,52.03,53.89,51.61,53.55,4201400,2026-01-24T03:45:24Z
PNC,2009-12-08,34.22,34.66,32.96,33.08,9096095,53.5,54.18,51.53,51.71,5818900,2026-01-24T03:45:24Z
PNC,2009-12-09,34.77,34.85,34.09,34.31,5105102,54.35,54.47,53.29,53.63,3265800,2026-01-24T03:45:24Z
PNC,2009-12-10,34,34.86,33.77,34.85,6382227,53.15,54.5,52.79,54.48,4082800,2026-01-24T03:45:24Z
PNC,2009-12-11,33.74,34.24,33.4,33.96,6059898,52.75,53.53,52.21,53.09,3876600,2026-01-24T03:45:24Z
PNC,2009-12-14,34.14,34.22,33.41,33.95,4079014,53.36,53.49,52.22,53.07,2609400,2026-01-24T03:45:24Z
PNC,2009-12-15,33.15,33.83,32.35,33.62,10451538,51.82,52.88,50.57,52.56,6686000,2026-01-24T03:45:24Z
PNC,2009-12-16,33.27,33.94,33.05,33.21,5987212,52,53.06,51.66,51.92,3830100,2026-01-24T03:45:24Z
PNC,2009-12-17,33.76,34.6,33.14,33.34,7748776,52.78,54.09,51.81,52.11,4957000,2026-01-24T03:45:24Z
PNC,2009-12-18,34.63,34.8,33.69,34.14,7282632,54.14,54.4,52.67,53.36,4658800,2026-01-24T03:45:24Z
PNC,2009-12-21,34.8,35.49,34.46,34.84,5805882,54.4,55.47,53.87,54.46,3714100,2026-01-24T03:45:24Z
