ticker,tradeDate,clsPx,hiPx,loPx,open,stockVolume,unadjClsPx,unadjHiPx,unadjLoPx,unadjOpen,unadjStockVolume,updatedAt
QCOM,2006-01-03,27.66,27.88,26.98,27.19,25178831,44,44.35,42.91,43.25,15828500,2026-03-07T03:45:59Z
QCOM,2006-01-04,28.56,28.6,27.62,27.66,26772224,45.43,45.49,43.93,44,16830200,2026-03-07T03:45:59Z
QCOM,2006-01-05,28.42,28.72,28.29,28.43,17285615,45.21,45.68,45,45.23,10866500,2026-03-07T03:45:59Z
QCOM,2006-01-06,29.77,29.79,28.52,28.64,42456273,47.36,47.39,45.36,45.55,26689900,2026-03-07T03:45:59Z
QCOM,2006-01-09,29.9,29.99,29.49,29.51,23165570,47.57,47.7,46.91,46.94,14562900,2026-03-07T03:45:59Z
QCOM,2006-01-10,29.79,30.18,29.6,29.65,20498759,47.38,48,47.09,47.16,12886400,2026-03-07T03:45:59Z
QCOM,2006-01-11,30.68,31.09,29.73,29.89,31826468,48.8,49.45,47.3,47.55,20007500,2026-03-07T03:45:59Z
QCOM,2006-01-12,30.8,30.99,30.34,30.35,26472265,49,49.3,48.27,48.28,16641600,2026-03-07T03:45:59Z
QCOM,2006-01-13,30.58,30.8,30.21,30.75,18625194,48.64,49,48.06,48.92,11708600,2026-03-07T03:45:59Z
QCOM,2006-01-17,30.25,30.38,29.74,29.81,20958796,48.12,48.33,47.31,47.42,13175600,2026-03-07T03:45:59Z
QCOM,2006-01-18,30.02,30.48,29.8,29.81,21003814,47.75,48.48,47.4,47.42,13203900,2026-03-07T03:45:59Z
QCOM,2006-01-19,30.6,30.63,29.93,30.31,22443228,48.67,48.72,47.61,48.22,14108800,2026-03-07T03:45:59Z
QCOM,2006-01-20,29.52,30.6,29.25,30.5,33455049,46.96,48.68,46.53,48.52,21031300,2026-03-07T03:45:59Z
QCOM,2006-01-23,29.5,29.67,29.23,29.65,17208612,46.92,47.19,46.5,47.16,10818100,2026-03-07T03:45:59Z
QCOM,2006-01-24,30.22,30.36,29.52,29.7,22125412,48.07,48.3,46.96,47.25,13909000,2026-03-07T03:45:59Z
QCOM,2006-01-25,29.91,30.55,29.61,30.31,27606387,47.58,48.6,47.11,48.22,17354600,2026-03-07T03:45:59Z
QCOM,2006-01-26,29.86,30.23,29.23,29.38,31458017,47.5,48.09,46.5,46.74,19775900,2026-03-07T03:45:59Z
QCOM,2006-01-27,30.19,30.28,29.61,29.9,23016513,48.02,48.17,47.1,47.56,14469200,2026-03-07T03:45:59Z
QCOM,2006-01-30,30.53,30.68,30.12,30.23,19754608,48.57,48.8,47.91,48.09,12418600,2026-03-07T03:45:59Z
QCOM,2006-01-31,30.15,30.71,29.89,30.41,20378031,47.96,48.86,47.54,48.37,12810500,2026-03-07T03:45:59Z
QCOM,2006-02-01,30.13,30.36,29.63,29.75,19853689,47.93,48.3,47.13,47.33,12480900,2026-03-07T03:45:59Z
QCOM,2006-02-02,29.47,30.12,29.46,29.92,15683614,46.88,47.91,46.87,47.59,9859400,2026-03-07T03:45:59Z
QCOM,2006-02-03,28.97,29.42,28.76,29.26,18404068,46.08,46.8,45.75,46.55,11569600,2026-03-07T03:45:59Z
QCOM,2006-02-06,28.87,29.13,28.61,28.8,14255613,45.93,46.34,45.51,45.82,8961700,2026-03-07T03:45:59Z
QCOM,2006-02-07,28.75,28.99,28.34,28.82,18883017,45.73,46.12,45.08,45.85,11870700,2026-03-07T03:45:59Z
QCOM,2006-02-08,29.53,29.63,28.8,28.82,18443672,46.97,47.13,45.81,45.85,11594500,2026-03-07T03:45:59Z
QCOM,2006-02-09,29.02,29.75,28.95,29.58,15453583,46.16,47.32,46.06,47.05,9714800,2026-03-07T03:45:59Z
QCOM,2006-02-10,29.33,29.42,28.75,29.17,14155561,46.66,46.8,45.74,46.4,8898800,2026-03-07T03:45:59Z
QCOM,2006-02-13,28.89,29.24,28.59,29.11,14819512,45.95,46.52,45.48,46.3,9316200,2026-03-07T03:45:59Z
QCOM,2006-02-14,29.92,30.15,28.97,29.14,27008656,47.6,47.96,46.09,46.36,16978800,2026-03-07T03:45:59Z
QCOM,2006-02-15,29.76,30.15,29.39,29.72,20074799,47.34,47.96,46.75,47.27,12619900,2026-03-07T03:45:59Z
QCOM,2006-02-16,30.24,30.24,29.55,29.85,22664478,48.1,48.11,47,47.49,14247900,2026-03-07T03:45:59Z
QCOM,2006-02-17,30.37,30.73,29.97,30.02,23552911,48.31,48.88,47.68,47.75,14806400,2026-03-07T03:45:59Z
QCOM,2006-02-21,29.51,30.29,29.36,30.23,18763592,46.94,48.19,46.71,48.08,11795600,2026-03-07T03:45:59Z
QCOM,2006-02-22,30.09,30.54,29.51,29.6,18309874,47.78,48.48,46.85,47,11532500,2026-03-07T03:45:59Z
QCOM,2006-02-23,29.56,30.02,29.51,29.9,13373642,46.93,47.67,46.85,47.47,8423400,2026-03-07T03:45:59Z
QCOM,2006-02-24,29.72,29.78,29.34,29.66,11309647,47.19,47.28,46.58,47.09,7123400,2026-03-07T03:45:59Z
QCOM,2006-02-27,30.45,30.54,29.58,29.68,18161752,48.35,48.49,46.97,47.13,11439200,2026-03-07T03:45:59Z
QCOM,2006-02-28,29.7,30.48,29.6,30.34,22584845,47.16,48.4,46.99,48.17,14225100,2026-03-07T03:45:59Z
QCOM,2006-03-01,30.25,30.42,29.47,29.75,16967371,48.03,48.29,46.79,47.23,10686900,2026-03-07T03:45:59Z
QCOM,2006-03-02,30.13,30.71,29.75,29.82,20387343,47.83,48.76,47.24,47.35,12841000,2026-03-07T03:45:59Z
QCOM,2006-03-03,30,30.7,29.77,29.89,18068244,47.63,48.74,47.27,47.46,11380300,2026-03-07T03:45:59Z
QCOM,2006-03-06,29.75,30.46,29.67,29.95,19916432,47.24,48.36,47.1,47.55,12544400,2026-03-07T03:45:59Z
QCOM,2006-03-07,30.14,30.5,29.88,30.16,37089050,47.86,48.42,47.44,47.89,23360600,2026-03-07T03:45:59Z
QCOM,2006-03-08,31.2,31.42,30.04,30.21,43301537,49.53,49.88,47.7,47.96,27273500,2026-03-07T03:45:59Z
QCOM,2006-03-09,30.3,31.45,30.25,31.21,27124062,48.1,49.94,48.03,49.56,17084100,2026-03-07T03:45:59Z
QCOM,2006-03-10,30.23,30.64,29.92,30.21,18714393,48,48.65,47.5,47.97,11787300,2026-03-07T03:45:59Z
QCOM,2006-03-13,30.37,30.76,30.2,30.64,16280207,48.21,48.83,47.95,48.65,10254100,2026-03-07T03:45:59Z
QCOM,2006-03-14,31.02,31.1,30.23,30.3,20479580,49.25,49.37,48,48.1,12899100,2026-03-07T03:45:59Z
QCOM,2006-03-15,31.37,31.39,30.93,31.12,20248109,49.81,49.84,49.1,49.41,12753300,2026-03-07T03:45:59Z
QCOM,2006-03-16,31.41,32.24,31.41,31.69,37737618,49.87,51.18,49.87,50.31,23769100,2026-03-07T03:45:59Z
QCOM,2006-03-17,31.98,32.11,31.44,31.47,32414844,50.77,50.98,49.92,49.96,20416500,2026-03-07T03:45:59Z
QCOM,2006-03-20,31.69,32.1,31.62,31.9,15427143,50.31,50.96,50.2,50.64,9716800,2026-03-07T03:45:59Z
QCOM,2006-03-21,31.23,32.12,31.18,31.35,27612730,49.59,51,49.51,49.77,17391900,2026-03-07T03:45:59Z
QCOM,2006-03-22,31.34,31.61,31.06,31.15,18443560,49.75,50.19,49.32,49.46,11616700,2026-03-07T03:45:59Z
QCOM,2006-03-23,31.23,31.43,30.96,31.29,15887573,49.58,49.9,49.15,49.68,10006800,2026-03-07T03:45:59Z
QCOM,2006-03-24,31.08,31.62,30.79,31.3,16046147,49.35,50.2,48.89,49.69,10106700,2026-03-07T03:45:59Z
QCOM,2006-03-27,31.31,31.58,31.14,31.16,13111669,49.71,50.14,49.44,49.48,8258400,2026-03-07T03:45:59Z
QCOM,2006-03-28,31.09,31.83,30.97,31.23,20488527,49.36,50.53,49.17,49.58,12904700,2026-03-07T03:45:59Z
QCOM,2006-03-29,31.95,32.19,31.19,31.25,24846863,50.72,51.1,49.52,49.62,15649800,2026-03-07T03:45:59Z
QCOM,2006-03-30,32.03,32.59,31.96,32.09,21492240,50.85,51.75,50.75,50.94,13536900,2026-03-07T03:45:59Z
QCOM,2006-03-31,31.88,32.38,31.76,32.22,19247542,50.61,51.41,50.43,51.16,12123100,2026-03-07T03:45:59Z
QCOM,2006-04-03,32.24,32.58,32.14,32.21,22149030,51.18,51.72,51.03,51.14,13950600,2026-03-07T03:45:59Z
QCOM,2006-04-04,32.63,32.73,32.14,32.15,22225720,51.81,51.96,51.03,51.04,13998900,2026-03-07T03:45:59Z
QCOM,2006-04-05,32.54,32.63,32.24,32.56,15551773,51.67,51.8,51.18,51.69,9795300,2026-03-07T03:45:59Z
QCOM,2006-04-06,32.6,32.75,32.22,32.59,15852630,51.76,51.99,51.16,51.75,9984800,2026-03-07T03:45:59Z
QCOM,2006-04-07,32.73,33.05,32.58,32.7,22438452,51.96,52.48,51.73,51.91,14132900,2026-03-07T03:45:59Z
QCOM,2006-04-10,32.49,32.8,32.12,32.61,11556547,51.58,52.07,51,51.78,7278900,2026-03-07T03:45:59Z
QCOM,2006-04-11,32.37,32.77,32.07,32.52,17516864,51.39,52.03,50.91,51.63,11033000,2026-03-07T03:45:59Z
QCOM,2006-04-12,32.1,32.56,32.1,32.53,11469698,50.97,51.7,50.97,51.64,7224200,2026-03-07T03:45:59Z
QCOM,2006-04-13,32.42,32.65,32.08,32.08,12487091,51.48,51.84,50.93,50.93,7865000,2026-03-07T03:45:59Z
QCOM,2006-04-17,32.13,32.71,31.89,32.39,14965602,51.02,51.93,50.63,51.42,9426100,2026-03-07T03:45:59Z
QCOM,2006-04-18,32.77,33.06,32.32,32.36,19218165,52.03,52.49,51.32,51.38,12104600,2026-03-07T03:45:59Z
QCOM,2006-04-19,33.07,33.12,32.66,33.06,21456012,52.5,52.58,51.85,52.49,13514100,2026-03-07T03:45:59Z
QCOM,2006-04-20,32.65,33,32.25,32.95,21392979,51.84,52.4,51.2,52.31,13474400,2026-03-07T03:45:59Z
QCOM,2006-04-21,32.37,32.81,32.07,32.58,23534327,51.39,52.1,50.91,51.72,14823100,2026-03-07T03:45:59Z
QCOM,2006-04-24,32.94,33.06,32.16,32.17,22990045,52.3,52.49,51.06,51.07,14480300,2026-03-07T03:45:59Z
QCOM,2006-04-25,32.44,33.04,32.28,33.04,16267828,51.5,52.45,51.25,52.45,10246300,2026-03-07T03:45:59Z
QCOM,2006-04-26,32.17,32.67,32.02,32.5,14245429,51.08,51.87,50.84,51.6,8972500,2026-03-07T03:45:59Z
QCOM,2006-04-27,32.77,33.04,31.98,31.98,19653029,52.03,52.46,50.77,50.77,12378500,2026-03-07T03:45:59Z
QCOM,2006-04-28,32.34,32.9,32.32,32.88,12997180,51.34,52.24,51.32,52.21,8186300,2026-03-07T03:45:59Z
QCOM,2006-05-01,31.9,32.57,31.67,32.41,17677170,50.65,51.71,50.28,51.46,11134000,2026-03-07T03:45:59Z
QCOM,2006-05-02,32.16,32.35,31.74,31.93,14123655,51.06,51.36,50.39,50.7,8895800,2026-03-07T03:45:59Z
QCOM,2006-05-03,32.59,32.9,32.15,32.9,28541662,51.75,52.24,51.05,52.24,17977000,2026-03-07T03:45:59Z
QCOM,2006-05-04,32.97,33.39,32.72,32.77,25037827,52.34,53.01,51.95,52.02,15770100,2026-03-07T03:45:59Z
QCOM,2006-05-05,33.1,33.38,32.95,33.2,15665912,52.56,53,52.31,52.71,9867200,2026-03-07T03:45:59Z
QCOM,2006-05-08,33.17,33.23,32.83,32.98,14169840,52.66,52.75,52.12,52.36,8924900,2026-03-07T03:45:59Z
QCOM,2006-05-09,33.22,33.38,33.13,33.24,12121771,52.74,52.99,52.6,52.78,7634900,2026-03-07T03:45:59Z
QCOM,2006-05-10,32.54,33.18,32.39,33.05,16758248,51.66,52.68,51.42,52.47,10555200,2026-03-07T03:45:59Z
QCOM,2006-05-11,31.11,32.59,30.75,32.46,32667133,49.4,51.74,48.82,51.53,20575400,2026-03-07T03:45:59Z
QCOM,2006-05-12,30.86,31.26,30.58,31.08,24163970,48.99,49.63,48.55,49.34,15219700,2026-03-07T03:45:59Z
QCOM,2006-05-15,30.63,30.74,29.83,30.59,29502172,48.63,48.81,47.36,48.56,18582000,2026-03-07T03:45:59Z
QCOM,2006-05-16,30.35,31.18,30.23,30.7,22481520,48.19,49.5,47.99,48.75,14160000,2026-03-07T03:45:59Z
QCOM,2006-05-17,29.54,30.11,29.12,29.18,35621930,46.9,47.81,46.24,46.33,22436500,2026-03-07T03:45:59Z
QCOM,2006-05-18,29.19,30.04,29.15,29.76,24368137,46.35,47.7,46.28,47.25,15348300,2026-03-07T03:45:59Z
QCOM,2006-05-19,29.65,30.04,28.97,29.16,36257924,47.07,47.7,46,46.3,22837100,2026-03-07T03:45:59Z
QCOM,2006-05-22,29.37,29.72,29.04,29.26,22946975,46.63,47.18,46.1,46.45,14453200,2026-03-07T03:45:59Z
QCOM,2006-05-23,28.58,29.71,28.58,29.53,26045243,45.38,47.17,45.38,46.89,16404600,2026-03-07T03:45:59Z
QCOM,2006-05-24,28.79,28.97,27.85,28.49,36862170,45.59,45.88,44.1,45.12,23279200,2026-03-07T03:45:59Z
QCOM,2006-05-25,29.09,29.3,28.67,29.05,20906954,46.06,46.4,45.4,46,13203200,2026-03-07T03:45:59Z
QCOM,2006-05-26,29.07,29.32,28.8,29.2,14502928,46.03,46.43,45.6,46.23,9158900,2026-03-07T03:45:59Z
QCOM,2006-05-30,28.24,28.99,28.24,28.8,23648160,44.72,45.9,44.72,45.61,14934300,2026-03-07T03:45:59Z
QCOM,2006-05-31,28.55,28.71,28.08,28.25,21432355,45.21,45.46,44.46,44.73,13535000,2026-03-07T03:45:59Z
QCOM,2006-06-01,29.71,29.71,28.29,28.55,25304906,47.05,47.05,44.79,45.2,15980600,2026-03-07T03:45:59Z
QCOM,2006-06-02,29.68,30.17,29.34,30.06,18596682,47,47.77,46.46,47.6,11744200,2026-03-07T03:45:59Z
QCOM,2006-06-05,28.85,29.66,28.84,29.47,17855291,45.68,46.97,45.66,46.67,11276000,2026-03-07T03:45:59Z
QCOM,2006-06-06,29.16,29.35,28.74,28.85,21394079,46.17,46.47,45.51,45.68,13510800,2026-03-07T03:45:59Z
QCOM,2006-06-07,28.72,29.51,28.63,29.28,19416121,45.48,46.73,45.34,46.36,12261700,2026-03-07T03:45:59Z
QCOM,2006-06-08,28.07,28.49,26.68,28.3,44309387,44.45,45.11,42.24,44.81,27982300,2026-03-07T03:45:59Z
QCOM,2006-06-09,27.43,28.68,27.18,28.42,28136169,43.44,45.42,43.04,45,17768600,2026-03-07T03:45:59Z
QCOM,2006-06-12,26.01,27.47,25.92,27.33,37167020,41.19,43.5,41.05,43.27,23471800,2026-03-07T03:45:59Z
QCOM,2006-06-13,26.42,27.11,26.25,26.97,59321470,41.84,42.92,41.57,42.71,37462700,2026-03-07T03:45:59Z
QCOM,2006-06-14,27.31,27.34,26.47,26.66,32253064,43.25,43.3,41.92,42.21,20368500,2026-03-07T03:45:59Z
QCOM,2006-06-15,28.35,28.42,27.44,27.57,30824601,44.89,45,43.45,43.65,19466400,2026-03-07T03:45:59Z
QCOM,2006-06-16,27.76,28.42,27.17,28.25,43645024,43.95,45,43.02,44.74,27562800,2026-03-07T03:45:59Z
QCOM,2006-06-19,27.4,28.03,27.18,27.98,23014909,43.39,44.39,43.04,44.31,14534400,2026-03-07T03:45:59Z
QCOM,2006-06-20,27.73,28.04,27.22,27.55,21332454,43.91,44.4,43.1,43.63,13471900,2026-03-07T03:45:59Z
QCOM,2006-06-21,27.91,28.42,27.67,27.81,25031971,44.2,45,43.81,44.04,15808200,2026-03-07T03:45:59Z
QCOM,2006-06-22,26.13,27.72,26.03,27.7,55561972,41.38,43.9,41.22,43.87,35088500,2026-03-07T03:45:59Z
QCOM,2006-06-23,24.95,25.46,24.48,25.39,83793659,39.5,40.32,38.77,40.21,52917500,2026-03-07T03:45:59Z
QCOM,2006-06-26,25.32,25.68,25.07,25.26,26480965,40.09,40.66,39.7,40,16723300,2026-03-07T03:45:59Z
QCOM,2006-06-27,24.43,25.5,24.34,25.2,26312398,38.69,40.38,38.54,39.9,16616800,2026-03-07T03:45:59Z
QCOM,2006-06-28,24.93,24.96,24.36,24.61,21716649,39.47,39.53,38.57,38.97,13714500,2026-03-07T03:45:59Z
QCOM,2006-06-29,25.6,25.75,24.59,25.25,31732704,40.54,40.78,38.94,39.98,20039900,2026-03-07T03:45:59Z
QCOM,2006-06-30,25.3,25.84,25.2,25.73,20222167,40.07,40.92,39.91,40.74,12770700,2026-03-07T03:45:59Z
QCOM,2006-07-03,24.92,25.08,24.72,24.93,11160998,39.46,39.72,39.15,39.47,7048400,2026-03-07T03:45:59Z
QCOM,2006-07-05,24.11,24.89,23.95,24.87,29898080,38.17,39.41,37.92,39.38,18881300,2026-03-07T03:45:59Z
QCOM,2006-07-06,24.29,24.4,23.94,24.11,21682743,38.47,38.64,37.91,38.18,13693100,2026-03-07T03:45:59Z
QCOM,2006-07-07,24,24.32,23.77,24.09,20032902,38,38.51,37.64,38.15,12651200,2026-03-07T03:45:59Z
QCOM,2006-07-10,23.87,24.14,23.43,24.09,23134615,37.8,38.23,37.1,38.15,14610000,2026-03-07T03:45:59Z
QCOM,2006-07-11,24.55,24.63,23.61,23.72,32683502,38.87,39,37.39,37.56,20640300,2026-03-07T03:45:59Z
QCOM,2006-07-12,23.71,24.65,23.49,24.49,22294282,37.55,39.03,37.19,38.78,14079300,2026-03-07T03:45:59Z
QCOM,2006-07-13,23.09,23.9,23.08,23.47,24550895,36.56,37.85,36.55,37.17,15504400,2026-03-07T03:45:59Z
QCOM,2006-07-14,22.97,23.42,22.56,23.05,26131059,36.37,37.09,35.73,36.5,16502300,2026-03-07T03:45:59Z
QCOM,2006-07-17,23.09,23.61,22.92,23.36,23032338,36.56,37.39,36.29,36.99,14545400,2026-03-07T03:45:59Z
QCOM,2006-07-18,23.62,23.68,22.88,23.21,22644364,37.4,37.5,36.23,36.75,14300400,2026-03-07T03:45:59Z
QCOM,2006-07-19,23.2,23.86,23,23.62,52949705,36.73,37.79,36.42,37.4,33438900,2026-03-07T03:45:59Z
QCOM,2006-07-20,22.64,23.54,22.48,22.9,58047385,35.85,37.27,35.59,36.26,36658100,2026-03-07T03:45:59Z
QCOM,2006-07-21,21.75,22.2,21.54,22.1,41078095,34.44,35.15,34.11,35,25941700,2026-03-07T03:45:59Z
QCOM,2006-07-24,22.34,22.48,21.69,21.82,25555618,35.38,35.59,34.34,34.56,16138900,2026-03-07T03:45:59Z
QCOM,2006-07-25,21.65,22.53,21.63,22.29,25788261,34.28,35.68,34.25,35.3,16285800,2026-03-07T03:45:59Z
QCOM,2006-07-26,22.09,22.27,21.43,21.7,33607916,34.98,35.26,33.94,34.36,21224100,2026-03-07T03:45:59Z
QCOM,2006-07-27,21.8,22.47,21.79,22.2,26065013,34.52,35.58,34.5,35.16,16460600,2026-03-07T03:45:59Z
QCOM,2006-07-28,22.6,22.72,21.96,22.07,24693121,35.79,35.98,34.78,34.95,15594200,2026-03-07T03:45:59Z
QCOM,2006-07-31,22.27,22.55,22.22,22.48,16860110,35.26,35.71,35.19,35.59,10647500,2026-03-07T03:45:59Z
QCOM,2006-08-01,21.77,22.08,21.47,22.05,26394425,34.48,34.96,34,34.92,16668600,2026-03-07T03:45:59Z
QCOM,2006-08-02,21.71,21.95,21.34,21.79,20138657,34.37,34.75,33.8,34.5,12718000,2026-03-07T03:45:59Z
QCOM,2006-08-03,22.01,22.27,21.53,21.55,21908558,34.86,35.26,34.09,34.13,13835700,2026-03-07T03:45:59Z
QCOM,2006-08-04,22.3,22.72,22.01,22.38,25501932,35.31,35.97,34.85,35.44,16105000,2026-03-07T03:45:59Z
QCOM,2006-08-07,21.85,22.43,21.76,22.29,21291795,34.6,35.52,34.45,35.3,13446200,2026-03-07T03:45:59Z
QCOM,2006-08-08,21.38,21.85,21.07,21.47,31023039,33.86,34.6,33.37,34,19591700,2026-03-07T03:45:59Z
QCOM,2006-08-09,21.17,22.2,21.11,21.57,28136195,33.53,35.16,33.42,34.16,17768600,2026-03-07T03:45:59Z
QCOM,2006-08-10,21.41,21.47,20.69,21.09,22996345,33.9,34,32.76,33.4,14522700,2026-03-07T03:45:59Z
QCOM,2006-08-11,21.04,21.39,20.93,21.23,13846073,33.31,33.87,33.15,33.61,8744100,2026-03-07T03:45:59Z
QCOM,2006-08-14,21.21,21.76,21.16,21.52,19472186,33.59,34.45,33.51,34.08,12297100,2026-03-07T03:45:59Z
QCOM,2006-08-15,22.39,22.48,21.54,21.74,35736293,35.45,35.6,34.1,34.43,22568200,2026-03-07T03:45:59Z
QCOM,2006-08-16,23.89,23.89,22.87,22.91,43135931,37.83,37.83,36.21,36.28,27241200,2026-03-07T03:45:59Z
QCOM,2006-08-17,23.49,24,23.37,23.8,26790219,37.2,38,37,37.69,16918600,2026-03-07T03:45:59Z
QCOM,2006-08-18,23.57,23.91,23.05,23.52,22238023,37.32,37.86,36.5,37.24,14043800,2026-03-07T03:45:59Z
QCOM,2006-08-21,23.43,23.6,23.13,23.32,20630850,37.1,37.37,36.62,36.93,13028800,2026-03-07T03:45:59Z
QCOM,2006-08-22,23.69,24.09,23.39,23.46,22951366,37.51,38.15,37.04,37.15,14494300,2026-03-07T03:45:59Z
QCOM,2006-08-23,23.22,24.07,23.1,23.84,18827015,36.65,37.99,36.46,37.63,11927800,2026-03-07T03:45:59Z
QCOM,2006-08-24,23.61,23.71,23.26,23.44,13836382,37.27,37.42,36.71,37,8766000,2026-03-07T03:45:59Z
QCOM,2006-08-25,23.68,23.97,23.32,23.4,16492058,37.38,37.84,36.8,36.94,10448500,2026-03-07T03:45:59Z
QCOM,2006-08-28,23.56,23.85,23.45,23.73,16483213,37.18,37.65,37.01,37.45,10442900,2026-03-07T03:45:59Z
QCOM,2006-08-29,23.82,23.87,23.22,23.59,17304428,37.59,37.68,36.65,37.24,10963200,2026-03-07T03:45:59Z
QCOM,2006-08-30,24.02,24.39,23.82,23.85,18475320,37.91,38.5,37.6,37.65,11705000,2026-03-07T03:45:59Z
QCOM,2006-08-31,23.87,24.23,23.77,24.2,13497980,37.67,38.25,37.52,38.2,8551600,2026-03-07T03:45:59Z
QCOM,2006-09-01,24.3,24.58,24.13,24.28,21591544,38.35,38.8,38.09,38.33,13679300,2026-03-07T03:45:59Z
QCOM,2006-09-05,24.83,24.92,23.78,24.3,25568906,39.19,39.33,37.53,38.36,16199100,2026-03-07T03:45:59Z
QCOM,2006-09-06,24.1,25.02,23.95,24.77,30650515,38.04,39.49,37.8,39.1,19418600,2026-03-07T03:45:59Z
QCOM,2006-09-07,23.42,24.07,23.38,23.97,28847186,36.97,38,36.9,37.84,18276100,2026-03-07T03:45:59Z
QCOM,2006-09-08,23.15,23.59,22.99,23.5,26653438,36.54,37.23,36.29,37.1,16886200,2026-03-07T03:45:59Z
QCOM,2006-09-11,23.32,23.52,22.8,22.9,21711538,36.81,37.12,35.99,36.14,13755300,2026-03-07T03:45:59Z
QCOM,2006-09-12,23.85,24.13,23.65,23.7,34584885,37.65,38.09,37.33,37.4,21911200,2026-03-07T03:45:59Z
QCOM,2006-09-13,23.63,24.04,23.61,23.97,25612309,37.3,37.94,37.27,37.83,16226600,2026-03-07T03:45:59Z
QCOM,2006-09-14,23.57,23.83,23.45,23.52,24013794,37.2,37.61,37.01,37.12,15213900,2026-03-07T03:45:59Z
QCOM,2006-09-15,23.32,23.95,23.32,23.76,43423235,36.81,37.81,36.8,37.51,27510700,2026-03-07T03:45:59Z
QCOM,2006-09-18,23.19,23.85,23.12,23.38,31087719,36.6,37.64,36.5,36.91,19695600,2026-03-07T03:45:59Z
QCOM,2006-09-19,23.5,23.63,23.25,23.38,22003254,37.1,37.3,36.7,36.9,13940100,2026-03-07T03:45:59Z
QCOM,2006-09-20,24.14,24.2,23.33,23.44,31782455,38.11,38.2,36.83,37,20135700,2026-03-07T03:45:59Z
QCOM,2006-09-21,24.38,24.85,24.21,24.23,36537759,38.48,39.22,38.21,38.25,23148400,2026-03-07T03:45:59Z
QCOM,2006-09-22,23.99,24.4,23.82,24.39,19922901,37.86,38.51,37.59,38.5,12622100,2026-03-07T03:45:59Z
QCOM,2006-09-25,24.5,24.7,23.76,24.2,24324754,38.67,38.98,37.51,38.2,15410900,2026-03-07T03:45:59Z
QCOM,2006-09-26,24.35,24.9,24.21,24.51,25044247,38.43,39.3,38.22,38.69,15866700,2026-03-07T03:45:59Z
QCOM,2006-09-27,24.16,24.57,23.95,24.39,28838208,38.13,38.79,37.8,38.49,18270400,2026-03-07T03:45:59Z
QCOM,2006-09-28,23.45,24.22,23.28,24.18,37190154,37.02,38.23,36.75,38.16,23561700,2026-03-07T03:45:59Z
QCOM,2006-09-29,23.03,23.62,22.91,23.57,26602054,36.35,37.28,36.17,37.21,16853700,2026-03-07T03:45:59Z
QCOM,2006-10-02,21.96,23.12,21.6,22.88,52546389,34.66,36.49,34.1,36.11,33290700,2026-03-07T03:45:59Z
QCOM,2006-10-03,22.43,22.68,21.93,22,30592786,35.4,35.8,34.62,34.73,19382000,2026-03-07T03:45:59Z
QCOM,2006-10-04,22.69,22.69,22.1,22.43,30079948,35.82,35.82,34.88,35.4,19057100,2026-03-07T03:45:59Z
QCOM,2006-10-05,22.97,23,22.45,22.72,23232700,36.26,36.31,35.44,35.86,14719000,2026-03-07T03:45:59Z
QCOM,2006-10-06,23.04,23.23,22.67,22.8,20121161,36.37,36.67,35.78,35.98,12747700,2026-03-07T03:45:59Z
QCOM,2006-10-09,22.96,23.14,22.81,22.98,12612450,36.24,36.52,36,36.27,7990600,2026-03-07T03:45:59Z
QCOM,2006-10-10,23.49,24,22.17,23.07,52763065,37.07,37.89,35,36.42,33427900,2026-03-07T03:45:59Z
QCOM,2006-10-11,23.92,24.07,23.36,23.41,26724700,37.76,37.99,36.87,36.95,16931400,2026-03-07T03:45:59Z
QCOM,2006-10-12,24.67,24.71,24.02,24.04,26272154,38.94,39.01,37.91,37.94,16644700,2026-03-07T03:45:59Z
QCOM,2006-10-13,25.24,25.24,24.55,24.8,35382554,39.84,39.84,38.75,39.14,22416500,2026-03-07T03:45:59Z
QCOM,2006-10-16,25.23,25.34,25.06,25.15,22601585,39.82,40,39.56,39.7,14319200,2026-03-07T03:45:59Z
QCOM,2006-10-17,24.67,25.09,24.44,25.01,23695559,38.94,39.6,38.58,39.47,15012300,2026-03-07T03:45:59Z
QCOM,2006-10-18,24.15,24.85,24.01,24.82,28087431,38.12,39.22,37.9,39.17,17794700,2026-03-07T03:45:59Z
QCOM,2006-10-19,24.19,24.24,23.47,23.64,34643889,38.18,38.26,37.04,37.31,21948600,2026-03-07T03:45:59Z
QCOM,2006-10-20,24.02,24.34,23.57,24.29,26068943,37.92,38.42,37.2,38.34,16515900,2026-03-07T03:45:59Z
QCOM,2006-10-23,24.13,24.48,23.76,24,21295948,38.08,38.64,37.51,37.88,13492000,2026-03-07T03:45:59Z
QCOM,2006-10-24,23.26,24.04,23.17,23.85,31873417,36.71,37.95,36.57,37.65,20193300,2026-03-07T03:45:59Z
QCOM,2006-10-25,23.76,23.91,23.22,23.24,24441857,37.51,37.74,36.65,36.68,15485100,2026-03-07T03:45:59Z
QCOM,2006-10-26,24.07,24.11,23.47,23.93,23689590,37.99,38.05,37.04,37.77,15008500,2026-03-07T03:45:59Z
QCOM,2006-10-27,23.53,24.07,23.39,24.02,20705272,37.14,38,36.92,37.92,13117800,2026-03-07T03:45:59Z
QCOM,2006-10-30,23.28,23.4,23.06,23.25,24525742,36.74,36.93,36.4,36.69,15538200,2026-03-07T03:45:59Z
QCOM,2006-10-31,23.05,23.57,22.85,23.42,23188783,36.39,37.2,36.06,36.97,14691200,2026-03-07T03:45:59Z
QCOM,2006-11-01,22.64,23.38,22.56,23.32,29639387,35.73,36.9,35.61,36.8,18778000,2026-03-07T03:45:59Z
QCOM,2006-11-02,23.04,23.06,22.43,22.65,33657284,36.36,36.4,35.41,35.75,21323500,2026-03-07T03:45:59Z
QCOM,2006-11-03,23.11,23.83,22.75,22.99,52446375,36.47,37.62,35.91,36.29,33227300,2026-03-07T03:45:59Z
QCOM,2006-11-06,22.9,23.25,22.78,23.09,29698647,36.14,36.69,35.96,36.45,18815500,2026-03-07T03:45:59Z
QCOM,2006-11-07,23.05,23.47,22.81,22.87,28084862,36.39,37.05,36.01,36.1,17793100,2026-03-07T03:45:59Z
QCOM,2006-11-08,22.99,23.19,22.78,23,25220526,36.28,36.6,35.95,36.31,15978400,2026-03-07T03:45:59Z
QCOM,2006-11-09,22.07,22.93,21.97,22.85,50159056,34.83,36.2,34.68,36.07,31778200,2026-03-07T03:45:59Z
QCOM,2006-11-10,22.33,22.33,21.76,22.11,32059968,35.24,35.25,34.35,34.89,20311500,2026-03-07T03:45:59Z
QCOM,2006-11-13,22.93,23.21,22.5,22.74,33850687,36.2,36.64,35.51,35.9,21446000,2026-03-07T03:45:59Z
QCOM,2006-11-14,23.8,23.91,22.84,23,38644841,37.56,37.74,36.05,36.31,24483400,2026-03-07T03:45:59Z
QCOM,2006-11-15,23.88,24.09,23.61,23.78,30275318,37.7,38.03,37.26,37.53,19180900,2026-03-07T03:45:59Z
QCOM,2006-11-16,23.95,24.33,23.8,24.11,27174280,37.8,38.4,37.56,38.05,17216200,2026-03-07T03:45:59Z
QCOM,2006-11-17,23.84,23.94,23.7,23.82,21381025,37.63,37.79,37.41,37.6,13545900,2026-03-07T03:45:59Z
QCOM,2006-11-20,23.54,23.73,23.33,23.64,21086807,37.15,37.45,36.82,37.31,13359500,2026-03-07T03:45:59Z
QCOM,2006-11-21,23.83,23.9,23.42,23.57,18911464,37.61,37.72,36.96,37.21,11981300,2026-03-07T03:45:59Z
QCOM,2006-11-22,23.66,23.85,23.33,23.78,16581864,37.35,37.65,36.82,37.53,10505400,2026-03-07T03:45:59Z
QCOM,2006-11-24,23.81,23.99,23.44,23.49,11781129,37.58,37.87,37,37.08,7463900,2026-03-07T03:45:59Z
QCOM,2006-11-27,23.09,23.76,23.03,23.65,24677084,36.45,37.5,36.35,37.33,15634100,2026-03-07T03:45:59Z
QCOM,2006-11-28,22.71,23.25,22.62,23.05,34311046,35.85,36.7,35.7,36.38,21737700,2026-03-07T03:45:59Z
QCOM,2006-11-29,23.22,23.3,22.79,22.84,23092681,36.65,36.78,35.97,36.05,14630300,2026-03-07T03:45:59Z
QCOM,2006-11-30,23.18,23.33,22.69,23.14,28349260,36.59,36.82,35.82,36.53,17960600,2026-03-07T03:45:59Z
QCOM,2006-12-01,23.03,23.29,22.68,23.12,22262372,36.35,36.76,35.8,36.5,14104300,2026-03-07T03:45:59Z
QCOM,2006-12-04,23.76,23.81,23.15,23.25,33054551,37.5,37.58,36.54,36.69,20941600,2026-03-07T03:45:59Z
QCOM,2006-12-05,24.62,25.06,23.9,23.99,52935363,38.74,39.43,37.61,37.75,33644700,2026-03-07T03:45:59Z
QCOM,2006-12-06,24.9,25.03,24.44,24.64,31080022,39.18,39.38,38.45,38.76,19753900,2026-03-07T03:45:59Z
QCOM,2006-12-07,24.88,26.05,24.86,25.12,42203803,39.14,40.99,39.11,39.52,26824000,2026-03-07T03:45:59Z
QCOM,2006-12-08,25.13,25.59,24.65,24.79,28386124,39.54,40.27,38.78,39,18041700,2026-03-07T03:45:59Z
QCOM,2006-12-11,24.74,25.39,24.71,24.95,30820107,38.93,39.95,38.88,39.25,19588700,2026-03-07T03:45:59Z
QCOM,2006-12-12,24.71,24.83,24.23,24.67,25108139,38.87,39.07,38.13,38.82,15958300,2026-03-07T03:45:59Z
QCOM,2006-12-13,24.43,24.98,24.22,24.95,33629514,38.43,39.3,38.11,39.25,21374300,2026-03-07T03:45:59Z
QCOM,2006-12-14,25.05,25.17,24.39,24.52,26345603,39.41,39.6,38.38,38.58,16744800,2026-03-07T03:45:59Z
QCOM,2006-12-15,25.11,25.42,24.97,25.17,33196018,39.5,40,39.29,39.6,21098800,2026-03-07T03:45:59Z
QCOM,2006-12-18,24.83,25.49,24.69,25.23,21470391,39.07,40.1,38.84,39.69,13646200,2026-03-07T03:45:59Z
QCOM,2006-12-19,24.46,24.73,24.39,24.61,22710730,38.49,38.91,38.37,38.72,14434500,2026-03-07T03:45:59Z
QCOM,2006-12-20,24.35,24.85,24.31,24.47,15575204,38.31,39.1,38.25,38.5,9899300,2026-03-07T03:45:59Z
QCOM,2006-12-21,24.5,24.54,24.15,24.35,18560334,38.54,38.61,38,38.31,11796600,2026-03-07T03:45:59Z
QCOM,2006-12-22,24.03,24.34,23.83,23.87,37255232,37.81,38.29,37.5,37.55,23678700,2026-03-07T03:45:59Z
QCOM,2006-12-26,23.91,24.26,23.78,23.86,17545017,37.62,38.17,37.42,37.54,11151300,2026-03-07T03:45:59Z
QCOM,2006-12-27,23.88,24.25,23.87,24.04,14198492,37.57,38.15,37.56,37.82,9024300,2026-03-07T03:45:59Z
QCOM,2006-12-28,23.96,24.16,23.8,23.85,18029920,37.69,38.01,37.45,37.52,11459500,2026-03-07T03:45:59Z
QCOM,2006-12-29,24.02,24.39,23.88,24.02,17090666,37.79,38.37,37.57,37.8,10862500,2026-03-07T03:45:59Z
QCOM,2007-01-03,23.81,24.64,23.38,24,38071091,37.46,38.77,36.79,37.76,24197300,2026-03-07T03:45:59Z
QCOM,2007-01-04,24.88,25.04,23.77,24.02,41207016,39.15,39.4,37.4,37.79,26190400,2026-03-07T03:45:59Z
QCOM,2007-01-05,24.59,24.75,24.07,24.72,28956570,38.69,38.94,37.87,38.9,18404300,2026-03-07T03:45:59Z
QCOM,2007-01-08,24.32,24.63,24.15,24.63,21228860,38.26,38.75,38,38.75,13492700,2026-03-07T03:45:59Z
QCOM,2007-01-09,24.05,24.57,24.05,24.47,25061464,37.84,38.65,37.84,38.5,15928600,2026-03-07T03:45:59Z
QCOM,2007-01-10,24.5,24.51,23.89,23.93,22551602,38.55,38.56,37.59,37.65,14333400,2026-03-07T03:45:59Z
QCOM,2007-01-11,25.09,25.2,24.22,24.57,32331597,39.48,39.64,38.1,38.66,20549400,2026-03-07T03:45:59Z
QCOM,2007-01-12,25.18,25.39,24.86,24.95,22548519,39.62,39.94,39.12,39.25,14331400,2026-03-07T03:45:59Z
QCOM,2007-01-16,25.09,25.39,24.81,25.3,21543895,39.47,39.95,39.04,39.8,13692900,2026-03-07T03:45:59Z
QCOM,2007-01-17,24.91,25.4,24.79,24.9,26819418,39.19,39.96,39,39.17,17045900,2026-03-07T03:45:59Z
QCOM,2007-01-18,24.46,25.01,24.36,24.85,25829611,38.49,39.35,38.33,39.1,16416800,2026-03-07T03:45:59Z
QCOM,2007-01-19,24.71,24.9,24.23,24.32,27513019,38.87,39.18,38.13,38.27,17486800,2026-03-07T03:45:59Z
QCOM,2007-01-22,24.48,24.84,24.23,24.82,30091900,38.51,39.08,38.12,39.05,19125900,2026-03-07T03:45:59Z
QCOM,2007-01-23,24.23,24.83,24.18,24.46,27113150,38.13,39.07,38.05,38.49,17232600,2026-03-07T03:45:59Z
QCOM,2007-01-24,24.55,24.98,24.35,24.45,40331657,38.62,39.3,38.31,38.46,25634100,2026-03-07T03:45:59Z
QCOM,2007-01-25,24.25,25.37,24.25,25.35,44344096,38.16,39.91,38.15,39.88,28184300,2026-03-07T03:45:59Z
QCOM,2007-01-26,23.84,24.4,23.74,24.32,32537237,37.51,38.39,37.35,38.27,20680100,2026-03-07T03:45:59Z
QCOM,2007-01-29,23.61,23.87,23.39,23.52,29874316,37.15,37.56,36.8,37,18987600,2026-03-07T03:45:59Z
QCOM,2007-01-30,23.62,23.78,23.48,23.62,23422766,37.17,37.41,36.94,37.17,14887100,2026-03-07T03:45:59Z
QCOM,2007-01-31,23.94,24.09,23.4,23.6,24633659,37.66,37.9,36.81,37.13,15656700,2026-03-07T03:45:59Z
QCOM,2007-02-01,23.78,24.04,23.55,24.02,26177448,37.41,37.82,37.05,37.8,16637900,2026-03-07T03:45:59Z
QCOM,2007-02-02,23.64,23.85,23.52,23.79,24077454,37.19,37.52,37,37.43,15303200,2026-03-07T03:45:59Z
QCOM,2007-02-05,24.09,24.23,23.52,23.64,28895895,37.91,38.12,37,37.2,18365700,2026-03-07T03:45:59Z
QCOM,2007-02-06,23.95,24.13,23.66,24.07,29043809,37.68,37.97,37.23,37.87,18459700,2026-03-07T03:45:59Z
QCOM,2007-02-07,23.89,24.08,23.73,24.02,25302606,37.58,37.89,37.34,37.79,16081900,2026-03-07T03:45:59Z
QCOM,2007-02-08,24.32,24.59,23.59,23.87,32852049,38.26,38.69,37.12,37.56,20880200,2026-03-07T03:45:59Z
QCOM,2007-02-09,24.35,24.78,24.08,24.69,33523356,38.31,38.99,37.89,38.84,21306800,2026-03-07T03:45:59Z
QCOM,2007-02-12,24.18,24.66,24.09,24.62,26000728,38.05,38.8,37.91,38.73,16525600,2026-03-07T03:45:59Z
QCOM,2007-02-13,24.2,24.58,24.15,24.32,24931957,38.07,38.68,38,38.26,15846300,2026-03-07T03:45:59Z
QCOM,2007-02-14,25.21,25.39,24.31,24.31,49888889,39.66,39.95,38.25,38.25,31708500,2026-03-07T03:45:59Z
QCOM,2007-02-15,26.26,26.34,25.52,25.59,59782517,41.31,41.44,40.15,40.26,37996700,2026-03-07T03:45:59Z
QCOM,2007-02-16,27.02,27.57,25.96,26.14,84621459,42.51,43.38,40.85,41.12,53783900,2026-03-07T03:45:59Z
QCOM,2007-02-20,27.14,27.19,26.61,26.68,35206698,42.7,42.78,41.86,41.98,22376700,2026-03-07T03:45:59Z
QCOM,2007-02-21,26.73,27.06,26.59,26.85,34943120,42.05,42.58,41.84,42.25,22209200,2026-03-07T03:45:59Z
QCOM,2007-02-22,27.2,27.2,26.71,26.83,28388525,42.79,42.8,42.03,42.22,18043200,2026-03-07T03:45:59Z
QCOM,2007-02-23,27.56,27.72,27.06,27.46,38925004,43.36,43.61,42.57,43.2,24740000,2026-03-07T03:45:59Z
QCOM,2007-02-26,27.11,27.52,26.85,27.5,38230592,42.65,43.3,42.25,43.26,24298700,2026-03-07T03:45:59Z
QCOM,2007-02-27,25.58,26.48,25.42,26.1,60876905,40.25,41.67,40,41.06,38692300,2026-03-07T03:45:59Z
QCOM,2007-02-28,25.69,26.19,25.5,25.69,42921724,40.3,41.08,40,40.3,27361800,2026-03-07T03:45:59Z
QCOM,2007-03-01,25.56,26,25.09,25.21,41906325,40.1,40.78,39.35,39.55,26714500,2026-03-07T03:45:59Z
QCOM,2007-03-02,25.17,25.7,25.12,25.53,35478317,39.48,40.32,39.41,40.05,22616800,2026-03-07T03:45:59Z
QCOM,2007-03-05,24.95,25.54,24.89,25,27860334,39.14,40.06,39.04,39.21,17760500,2026-03-07T03:45:59Z
QCOM,2007-03-06,25.21,25.36,25.01,25.22,32483913,39.55,39.78,39.23,39.56,20707900,2026-03-07T03:45:59Z
QCOM,2007-03-07,25.3,25.63,25.22,25.25,27991647,39.69,40.21,39.56,39.61,17844200,2026-03-07T03:45:59Z
QCOM,2007-03-08,25.65,25.91,25.47,25.65,24753616,40.24,40.64,39.95,40.24,15780000,2026-03-07T03:45:59Z
QCOM,2007-03-09,25.59,26.07,25.47,25.91,21961092,40.15,40.9,39.96,40.64,13999800,2026-03-07T03:45:59Z
QCOM,2007-03-12,25.58,25.69,25.38,25.48,23769592,40.12,40.3,39.81,39.97,15152700,2026-03-07T03:45:59Z
QCOM,2007-03-13,26.67,26.95,26.26,26.52,78246370,41.83,42.28,41.2,41.6,49880700,2026-03-07T03:45:59Z
QCOM,2007-03-14,27.55,27.76,27.04,27.07,63224519,43.21,43.54,42.42,42.47,40304500,2026-03-07T03:45:59Z
QCOM,2007-03-15,27.86,28,27.41,27.51,46118421,43.7,43.93,43,43.16,29399700,2026-03-07T03:45:59Z
QCOM,2007-03-16,27.85,27.88,27.43,27.71,41181260,43.68,43.74,43.03,43.47,26252300,2026-03-07T03:45:59Z
QCOM,2007-03-19,27.35,28.13,27.18,28.06,38100616,42.91,44.12,42.63,44.01,24288500,2026-03-07T03:45:59Z
QCOM,2007-03-20,27.44,27.56,27.02,27.04,29159282,43.04,43.23,42.38,42.42,18588500,2026-03-07T03:45:59Z
QCOM,2007-03-21,27.88,27.89,27,27.48,37942701,43.73,43.75,42.36,43.1,24187800,2026-03-07T03:45:59Z
QCOM,2007-03-22,27.63,27.91,27.58,27.68,26543755,43.35,43.79,43.27,43.42,16921200,2026-03-07T03:45:59Z
QCOM,2007-03-23,27.14,27.66,27.1,27.5,27435292,42.57,43.39,42.51,43.13,17489500,2026-03-07T03:45:59Z
QCOM,2007-03-26,27.04,27.13,26.5,26.98,25250894,42.42,42.56,41.57,42.33,16097000,2026-03-07T03:45:59Z
QCOM,2007-03-27,27.18,27.32,26.79,26.92,19308908,42.63,42.85,42.03,42.23,12309100,2026-03-07T03:45:59Z
QCOM,2007-03-28,27.09,27.41,26.96,27.1,26373435,42.5,43,42.29,42.51,16812600,2026-03-07T03:45:59Z
QCOM,2007-03-29,26.93,27.34,26.54,27.28,22319387,42.25,42.88,41.63,42.8,14228200,2026-03-07T03:45:59Z
QCOM,2007-03-30,27.2,27.35,26.87,26.94,27596682,42.66,42.91,42.15,42.26,17592400,2026-03-07T03:45:59Z
QCOM,2007-04-02,27.46,27.5,26.96,27.21,24343612,43.08,43.13,42.3,42.68,15518600,2026-03-07T03:45:59Z
QCOM,2007-04-03,27.86,27.89,27.52,27.67,28930319,43.71,43.75,43.17,43.4,18442600,2026-03-07T03:45:59Z
QCOM,2007-04-04,27.83,28.02,27.62,28.02,23806311,43.65,43.96,43.32,43.95,15176100,2026-03-07T03:45:59Z
QCOM,2007-04-05,27.6,27.69,26.96,27.45,34466975,43.3,43.44,42.29,43.06,21972100,2026-03-07T03:45:59Z
QCOM,2007-04-09,27.21,27.7,27.08,27.63,21864014,42.68,43.46,42.48,43.34,13937900,2026-03-07T03:45:59Z
QCOM,2007-04-10,27.41,27.44,27.11,27.12,18628779,43,43.04,42.53,42.54,11875500,2026-03-07T03:45:59Z
QCOM,2007-04-11,26.84,27.41,26.81,27.36,21431186,42.1,42.99,42.05,42.92,13662000,2026-03-07T03:45:59Z
QCOM,2007-04-12,27.16,27.3,26.52,26.58,22092413,42.6,42.82,41.6,41.69,14083500,2026-03-07T03:45:59Z
QCOM,2007-04-13,27.12,27.23,26.67,27,20748632,42.55,42.71,41.83,42.35,13226900,2026-03-07T03:45:59Z
QCOM,2007-04-16,27.66,27.67,27.23,27.27,23178803,43.39,43.4,42.72,42.77,14776100,2026-03-07T03:45:59Z
QCOM,2007-04-17,27.65,27.73,27.42,27.53,19944559,43.37,43.5,43.01,43.19,12714300,2026-03-07T03:45:59Z
QCOM,2007-04-18,27.39,27.68,27.28,27.42,16634353,42.97,43.42,42.8,43.01,10604100,2026-03-07T03:45:59Z
QCOM,2007-04-19,27.64,27.69,27.17,27.21,17237362,43.36,43.43,42.62,42.69,10988500,2026-03-07T03:45:59Z
QCOM,2007-04-20,27.69,28.18,27.46,27.98,31575343,43.44,44.2,43.07,43.89,20128700,2026-03-07T03:45:59Z
QCOM,2007-04-23,27.34,27.85,27.21,27.64,20381910,42.89,43.69,42.69,43.35,12993100,2026-03-07T03:45:59Z
QCOM,2007-04-24,28.28,28.64,27.43,27.49,42603558,44.36,44.92,43.03,43.12,27159000,2026-03-07T03:45:59Z
QCOM,2007-04-25,28.9,28.92,28.24,28.43,38757219,45.34,45.36,44.3,44.59,24707000,2026-03-07T03:45:59Z
QCOM,2007-04-26,28.88,29.54,28.76,29.45,36049062,45.3,46.33,45.11,46.2,22980600,2026-03-07T03:45:59Z
QCOM,2007-04-27,28.45,28.8,28.24,28.63,21093788,44.63,45.18,44.3,44.91,13446900,2026-03-07T03:45:59Z
QCOM,2007-04-30,27.92,28.57,27.9,28.45,25070677,43.8,44.82,43.77,44.63,15982100,2026-03-07T03:45:59Z
QCOM,2007-05-01,27.9,28.13,27.55,28.06,28455380,43.77,44.12,43.21,44.01,18139800,2026-03-07T03:45:59Z
QCOM,2007-05-02,28.22,28.39,27.88,28.02,18994751,44.27,44.53,43.73,43.95,12108800,2026-03-07T03:45:59Z
QCOM,2007-05-03,28.23,28.37,28,28.27,16549332,44.28,44.5,43.93,44.35,10549900,2026-03-07T03:45:59Z
QCOM,2007-05-04,28.11,28.51,27.78,28.42,19894176,44.1,44.72,43.58,44.58,12682200,2026-03-07T03:45:59Z
QCOM,2007-05-07,28.02,28.39,27.94,28.19,11971803,43.95,44.54,43.83,44.22,7631800,2026-03-07T03:45:59Z
QCOM,2007-05-08,28.16,28.37,27.83,27.88,15365284,44.17,44.5,43.65,43.73,9795100,2026-03-07T03:45:59Z
QCOM,2007-05-09,28.22,28.37,27.91,28.05,15137070,44.27,44.51,43.78,44,9649600,2026-03-07T03:45:59Z
QCOM,2007-05-10,27.99,28.17,27.74,28.05,26994206,43.91,44.19,43.52,44,17208300,2026-03-07T03:45:59Z
QCOM,2007-05-11,28.6,28.68,27.98,28.15,22766873,44.86,44.99,43.9,44.16,14513500,2026-03-07T03:45:59Z
QCOM,2007-05-14,28.21,28.85,27.95,28.69,23317033,44.25,45.26,43.85,45,14864200,2026-03-07T03:45:59Z
QCOM,2007-05-15,28.16,28.81,28.09,28.39,29633284,44.17,45.19,44.06,44.53,18890700,2026-03-07T03:45:59Z
QCOM,2007-05-16,28.72,29.04,28.3,28.42,44413120,45.05,45.55,44.39,44.58,28312600,2026-03-07T03:45:59Z
QCOM,2007-05-17,28.57,28.8,28.46,28.57,23781014,44.82,45.17,44.64,44.81,15160000,2026-03-07T03:45:59Z
QCOM,2007-05-18,28.82,28.92,28.44,28.64,34786972,45.21,45.37,44.61,44.93,22176100,2026-03-07T03:45:59Z
QCOM,2007-05-21,29.41,29.43,28.6,28.83,37688678,46.13,46.16,44.87,45.22,24025900,2026-03-07T03:45:59Z
QCOM,2007-05-22,29.57,30.42,29.17,29.63,55540736,46.38,47.72,45.76,46.48,35406200,2026-03-07T03:45:59Z
QCOM,2007-05-23,28.58,29.76,28.57,29.65,33853966,44.84,46.69,44.81,46.51,21581300,2026-03-07T03:45:59Z
QCOM,2007-05-24,27.79,28.69,27.72,28.53,45678838,43.59,45,43.48,44.75,29119500,2026-03-07T03:45:59Z
QCOM,2007-05-25,27.63,27.98,27.31,27.85,34076658,43.35,43.89,42.84,43.69,21723300,2026-03-07T03:45:59Z
QCOM,2007-05-29,28.23,28.67,27.3,27.67,44948725,44.28,44.97,42.83,43.4,28654000,2026-03-07T03:45:59Z
QCOM,2007-05-30,27.38,27.95,27.06,27.72,49151773,42.82,43.71,42.31,43.35,31432800,2026-03-07T03:45:59Z
QCOM,2007-05-31,27.47,27.59,26.95,27.45,35583669,42.95,43.15,42.14,42.93,22755900,2026-03-07T03:45:59Z
QCOM,2007-06-01,27.35,28.01,27.29,27.69,22425181,42.77,43.8,42.68,43.3,14341000,2026-03-07T03:45:59Z
QCOM,2007-06-04,26.97,27.54,26.95,27.16,22139485,42.18,43.07,42.15,42.47,14158300,2026-03-07T03:45:59Z
QCOM,2007-06-05,27.17,27.22,26.67,27.04,31825319,42.49,42.57,41.7,42.28,20352400,2026-03-07T03:45:59Z
QCOM,2007-06-06,27.01,27.2,26.87,27.1,24881897,42.23,42.53,42.02,42.37,15912100,2026-03-07T03:45:59Z
QCOM,2007-06-07,26.23,27.11,26.21,26.8,49630565,41.02,42.39,40.98,41.91,31739000,2026-03-07T03:45:59Z
QCOM,2007-06-08,26.78,27.18,26.36,26.94,58546540,41.87,42.5,41.22,42.13,37440700,2026-03-07T03:45:59Z
QCOM,2007-06-11,26.47,26.68,26.23,26.6,29245755,41.39,41.72,41.01,41.59,18702800,2026-03-07T03:45:59Z
QCOM,2007-06-12,26.74,27.13,26.22,26.23,36978451,41.81,42.42,41,41.02,23647900,2026-03-07T03:45:59Z
QCOM,2007-06-13,27.24,27.36,26.74,26.87,26881270,42.6,42.78,41.81,42.01,17190700,2026-03-07T03:45:59Z
QCOM,2007-06-14,27.26,27.46,27.11,27.31,26751475,42.62,42.94,42.4,42.71,17107700,2026-03-07T03:45:59Z
QCOM,2007-06-15,27.26,27.67,27.18,27.52,47093610,42.63,43.27,42.5,43.04,30116600,2026-03-07T03:45:59Z
QCOM,2007-06-18,27.07,27.4,27.02,27.15,19751717,42.33,42.84,42.26,42.45,12631300,2026-03-07T03:45:59Z
QCOM,2007-06-19,27.3,27.45,26.99,27.02,27152786,42.69,42.92,42.2,42.25,17364300,2026-03-07T03:45:59Z
QCOM,2007-06-20,27.54,28.13,27.11,27.41,35549942,43.07,43.99,42.4,42.86,22734300,2026-03-07T03:45:59Z
QCOM,2007-06-21,27.86,27.95,27.31,27.52,25449874,43.56,43.7,42.71,43.03,16275300,2026-03-07T03:45:59Z
QCOM,2007-06-22,27.49,27.93,27.37,27.66,27235148,42.99,43.68,42.8,43.26,17417000,2026-03-07T03:45:59Z
QCOM,2007-06-25,27.2,27.59,27.05,27.34,25714778,42.53,43.15,42.3,42.76,16444700,2026-03-07T03:45:59Z
QCOM,2007-06-26,27.4,27.79,27.18,27.52,30262617,42.84,43.46,42.5,43.04,19353100,2026-03-07T03:45:59Z
QCOM,2007-06-27,27.77,27.79,27.22,27.24,24839686,43.42,43.45,42.56,42.59,15885100,2026-03-07T03:45:59Z
QCOM,2007-06-28,27.79,27.99,27.5,27.72,21586686,43.46,43.77,43.01,43.35,13804800,2026-03-07T03:45:59Z
QCOM,2007-06-29,27.75,27.98,27.56,27.88,27589797,43.39,43.75,43.09,43.59,17643800,2026-03-07T03:45:59Z
QCOM,2007-07-02,28.09,28.13,27.75,27.88,20509185,43.93,43.99,43.39,43.6,13115700,2026-03-07T03:45:59Z
QCOM,2007-07-03,28.05,28.14,27.95,28.05,9296405,43.86,44,43.7,43.86,5945100,2026-03-07T03:45:59Z
QCOM,2007-07-05,27.84,28,27.72,27.89,20692445,43.54,43.79,43.35,43.62,13232900,2026-03-07T03:45:59Z
QCOM,2007-07-06,27.87,27.89,27.57,27.82,10845274,43.58,43.62,43.11,43.5,6935600,2026-03-07T03:45:59Z
QCOM,2007-07-09,27.88,28.07,27.69,27.83,20243485,43.59,43.9,43.3,43.52,12945800,2026-03-07T03:45:59Z
QCOM,2007-07-10,27.63,27.95,27.59,27.78,21693506,43.21,43.71,43.15,43.44,13873100,2026-03-07T03:45:59Z
QCOM,2007-07-11,28.04,28.2,27.36,27.59,25366025,43.84,44.09,42.78,43.15,16221700,2026-03-07T03:45:59Z
QCOM,2007-07-12,28.94,28.99,28.04,28.14,32677150,45.25,45.33,43.84,44,20897200,2026-03-07T03:45:59Z
QCOM,2007-07-13,29,29.08,28.62,28.77,19350470,45.35,45.47,44.75,44.99,12374700,2026-03-07T03:45:59Z
QCOM,2007-07-16,28.8,29.05,28.69,28.91,15322793,45.03,45.43,44.86,45.2,9799000,2026-03-07T03:45:59Z
QCOM,2007-07-17,28.8,29.03,28.64,28.8,17382981,45.03,45.4,44.78,45.03,11116500,2026-03-07T03:45:59Z
QCOM,2007-07-18,28.84,28.9,28.56,28.62,22231469,45.1,45.19,44.66,44.75,14217100,2026-03-07T03:45:59Z
QCOM,2007-07-19,27.72,29.15,27.5,28.77,58979140,43.35,45.58,43,44.99,37717400,2026-03-07T03:45:59Z
QCOM,2007-07-20,27.5,28.14,27.27,28.05,56936725,43,44,42.64,43.87,36411300,2026-03-07T03:45:59Z
QCOM,2007-07-23,27.34,27.66,26.96,27.52,36723610,42.75,43.25,42.16,43.03,23484900,2026-03-07T03:45:59Z
QCOM,2007-07-24,27.55,28.25,27.18,27.29,40884856,43.08,44.18,42.51,42.67,26146000,2026-03-07T03:45:59Z
QCOM,2007-07-25,27.15,28,27.07,27.69,38544013,42.45,43.78,42.33,43.3,24649100,2026-03-07T03:45:59Z
QCOM,2007-07-26,26.91,27.65,26.41,26.99,66713029,42.08,43.24,41.3,42.2,42663200,2026-03-07T03:45:59Z
QCOM,2007-07-27,26.65,27.29,26.64,27.1,37483154,41.67,42.68,41.65,42.37,23970600,2026-03-07T03:45:59Z
QCOM,2007-07-30,27.2,27.66,26.39,26.8,28686298,42.53,43.25,41.27,41.9,18345000,2026-03-07T03:45:59Z
QCOM,2007-07-31,26.64,27.49,26.58,27.33,32973764,41.65,42.98,41.57,42.73,21086900,2026-03-07T03:45:59Z
QCOM,2007-08-01,26.47,26.87,25.94,26.55,47162744,41.39,42.01,40.56,41.52,30160800,2026-03-07T03:45:59Z
QCOM,2007-08-02,26.88,27.04,26.22,26.57,25735052,42.04,42.28,41,41.55,16457700,2026-03-07T03:45:59Z
QCOM,2007-08-03,26.07,27.08,26,26.88,31381952,40.77,42.35,40.66,42.03,20068900,2026-03-07T03:45:59Z
QCOM,2007-08-06,26.72,26.75,25.82,26.27,32422442,41.78,41.83,40.37,41.08,20734300,2026-03-07T03:45:59Z
QCOM,2007-08-07,25.9,26.54,25.39,26.24,53752773,40.5,41.5,39.71,41.03,34375100,2026-03-07T03:45:59Z
QCOM,2007-08-08,25.68,26,24.97,25.72,61535471,40.15,40.65,39.05,40.22,39352200,2026-03-07T03:45:59Z
QCOM,2007-08-09,24.44,25.74,24.44,25.13,44727997,38.22,40.25,38.22,39.3,28603800,2026-03-07T03:45:59Z
QCOM,2007-08-10,24.23,24.48,23.9,24.3,44386598,37.89,38.28,37.37,38,28385400,2026-03-07T03:45:59Z
QCOM,2007-08-13,24.89,25.36,24.4,24.4,45575154,38.92,39.65,38.15,38.15,29145500,2026-03-07T03:45:59Z
QCOM,2007-08-14,24.16,25.06,24.1,24.77,40425794,37.78,39.18,37.69,38.73,25852500,2026-03-07T03:45:59Z
QCOM,2007-08-15,23.08,24.29,22.87,24.11,55719899,36.09,37.98,35.76,37.7,35633100,2026-03-07T03:45:59Z
QCOM,2007-08-16,23.62,23.71,22.53,22.86,75169765,36.93,37.08,35.23,35.74,48071400,2026-03-07T03:45:59Z
QCOM,2007-08-17,24.01,24.22,23.34,23.89,57689664,37.54,37.88,36.49,37.35,36892800,2026-03-07T03:45:59Z
QCOM,2007-08-20,23.93,24.15,23.83,23.92,27656789,37.42,37.77,37.26,37.4,17686600,2026-03-07T03:45:59Z
QCOM,2007-08-21,23.6,23.94,23.44,23.78,38395535,36.9,37.43,36.65,37.18,24554100,2026-03-07T03:45:59Z
QCOM,2007-08-22,23.83,24.24,23.57,23.72,36143660,37.27,37.91,36.85,37.09,23114000,2026-03-07T03:45:59Z
QCOM,2007-08-23,24.21,24.3,23.76,23.96,29129789,37.86,38,37.15,37.47,18628600,2026-03-07T03:45:59Z
QCOM,2007-08-24,24.45,24.61,24.08,24.23,20787704,38.23,38.49,37.66,37.89,13293800,2026-03-07T03:45:59Z
QCOM,2007-08-27,24.67,24.91,24.3,24.65,27422934,38.58,38.95,38,38.55,17537100,2026-03-07T03:45:59Z
QCOM,2007-08-28,24.22,24.7,24.21,24.47,22115746,37.87,38.63,37.86,38.26,14143100,2026-03-07T03:45:59Z
QCOM,2007-08-29,24.98,25.01,24.31,24.45,21588517,38.92,38.96,37.87,38.09,13857200,2026-03-07T03:45:59Z
QCOM,2007-08-30,25.08,25.46,24.64,24.78,18995660,39.08,39.66,38.38,38.61,12192900,2026-03-07T03:45:59Z
QCOM,2007-08-31,25.6,25.67,25.19,25.28,18593418,39.89,39.99,39.25,39.38,11934700,2026-03-07T03:45:59Z
QCOM,2007-09-04,25.68,25.82,25.32,25.61,29882357,40.01,40.23,39.44,39.9,19180800,2026-03-07T03:45:59Z
QCOM,2007-09-05,24.99,25.52,24.82,25.46,24353080,38.93,39.75,38.67,39.66,15631700,2026-03-07T03:45:59Z
QCOM,2007-09-06,24.92,25.26,24.74,25.1,20535837,38.82,39.35,38.54,39.1,13181500,2026-03-07T03:45:59Z
QCOM,2007-09-07,24.32,24.89,24.16,24.53,29452394,37.89,38.78,37.64,38.22,18904800,2026-03-07T03:45:59Z
QCOM,2007-09-10,23.6,24.25,23.54,24.25,32844167,36.77,37.78,36.68,37.78,21081900,2026-03-07T03:45:59Z
QCOM,2007-09-11,24.4,24.43,23.64,23.76,27990615,38.01,38.06,36.83,37.01,17966500,2026-03-07T03:45:59Z
QCOM,2007-09-12,24.31,24.39,24.01,24.3,23296657,37.87,38,37.41,37.85,14953600,2026-03-07T03:45:59Z
QCOM,2007-09-13,25.14,25.42,24.35,25.17,60449170,39.17,39.6,37.94,39.21,38800900,2026-03-07T03:45:59Z
QCOM,2007-09-14,25.31,25.51,24.57,24.89,31300556,39.43,39.74,38.28,38.78,20091100,2026-03-07T03:45:59Z
QCOM,2007-09-17,25.03,25.19,24.92,25.11,19141052,39,39.25,38.83,39.12,12286200,2026-03-07T03:45:59Z
QCOM,2007-09-18,25.55,25.55,24.85,25.19,31992272,39.8,39.8,38.72,39.24,20535100,2026-03-07T03:45:59Z
QCOM,2007-09-19,25.7,25.83,25.19,25.62,26478080,40.04,40.24,39.25,39.92,16995700,2026-03-07T03:45:59Z
QCOM,2007-09-20,26.02,26.17,25.61,25.68,29432267,40.54,40.77,39.9,40.01,18891900,2026-03-07T03:45:59Z
QCOM,2007-09-21,26.21,26.29,25.65,26.05,45336634,40.83,40.95,39.96,40.58,29100500,2026-03-07T03:45:59Z
QCOM,2007-09-24,26.73,26.75,26.32,26.32,25862857,41.64,41.68,41,41,16600800,2026-03-07T03:45:59Z
QCOM,2007-09-25,26.67,26.71,26.17,26.5,35261880,41.55,41.62,40.77,41.29,22633800,2026-03-07T03:45:59Z
QCOM,2007-09-26,27.11,27.28,26.62,26.85,27947550,42.24,42.5,41.48,41.83,17938900,2026-03-07T03:45:59Z
QCOM,2007-09-27,27.11,27.64,26.96,27.3,21820506,42.23,43.06,42.01,42.54,14006100,2026-03-07T03:45:59Z
QCOM,2007-09-28,27.13,27.34,26.92,27.21,25332131,42.26,42.6,41.94,42.39,16260100,2026-03-07T03:45:59Z
QCOM,2007-10-01,27.02,27.27,26.61,26.99,29743709,42.09,42.49,41.46,42.05,19091800,2026-03-07T03:45:59Z
QCOM,2007-10-02,26.95,27.02,26.37,27.02,28188887,41.98,42.09,41.08,42.09,18093800,2026-03-07T03:45:59Z
QCOM,2007-10-03,27.13,27.29,26.71,26.79,20147504,42.27,42.52,41.61,41.73,12932200,2026-03-07T03:45:59Z
QCOM,2007-10-04,27.46,27.57,26.95,27.16,19254466,42.78,42.96,41.98,42.31,12359000,2026-03-07T03:45:59Z
QCOM,2007-10-05,27.83,27.86,27.15,27.69,22680502,43.36,43.4,42.3,43.14,14558100,2026-03-07T03:45:59Z
QCOM,2007-10-08,27.45,27.7,27.24,27.57,22434187,42.77,43.15,42.44,42.96,14400000,2026-03-07T03:45:59Z
QCOM,2007-10-09,27.38,27.47,26.96,27.46,21802271,42.65,42.8,42.01,42.78,13994400,2026-03-07T03:45:59Z
QCOM,2007-10-10,27.15,27.45,27,27.36,20477129,42.3,42.76,42.06,42.62,13143800,2026-03-07T03:45:59Z
QCOM,2007-10-11,26.62,27.21,26.52,27.18,32764581,41.47,42.39,41.32,42.34,21030800,2026-03-07T03:45:59Z
QCOM,2007-10-12,27.06,27.06,26.62,26.76,17639226,42.16,42.16,41.48,41.69,11322200,2026-03-07T03:45:59Z
QCOM,2007-10-15,26.5,26.96,26.36,26.88,22958761,41.29,42,41.06,41.88,14736700,2026-03-07T03:45:59Z
QCOM,2007-10-16,26.21,26.94,26.21,26.44,27955465,40.84,41.97,40.84,41.19,17944000,2026-03-07T03:45:59Z
QCOM,2007-10-17,26.58,26.62,25.93,26.56,34265479,41.41,41.47,40.4,41.38,21994200,2026-03-07T03:45:59Z
QCOM,2007-10-18,26.56,26.89,26.3,26.56,26499285,41.38,41.89,40.98,41.38,17009300,2026-03-07T03:45:59Z
QCOM,2007-10-19,25.87,26.79,25.76,26.47,48302800,40.31,41.74,40.13,41.24,31004500,2026-03-07T03:45:59Z
QCOM,2007-10-22,26.23,26.32,25.8,25.84,20405320,40.87,41,40.2,40.25,13097700,2026-03-07T03:45:59Z
QCOM,2007-10-23,26.4,26.41,25.74,25.93,18873398,41.13,41.15,40.1,40.4,12114400,2026-03-07T03:45:59Z
QCOM,2007-10-24,26.43,26.45,25.71,26.04,24656276,41.18,41.2,40.05,40.57,15826300,2026-03-07T03:45:59Z
QCOM,2007-10-25,26.18,26.96,25.96,26.74,24335001,40.79,42,40.44,41.66,15620100,2026-03-07T03:45:59Z
QCOM,2007-10-26,26.53,26.66,25.85,26.36,28668709,41.33,41.54,40.27,41.07,18401800,2026-03-07T03:45:59Z
QCOM,2007-10-29,26.72,26.95,26.36,26.68,20659128,41.63,41.99,41.06,41.57,13260600,2026-03-07T03:45:59Z
QCOM,2007-10-30,26.82,26.9,26.42,26.49,14779478,41.78,41.91,41.16,41.27,9486600,2026-03-07T03:45:59Z
QCOM,2007-10-31,27.43,27.44,26.75,26.93,24699751,42.73,42.75,41.68,41.96,15854200,2026-03-07T03:45:59Z
QCOM,2007-11-01,26.5,27.41,26.45,27.13,27799408,41.29,42.7,41.2,42.26,17843800,2026-03-07T03:45:59Z
QCOM,2007-11-02,26.54,26.83,26.31,26.76,22905942,41.34,41.8,40.99,41.69,14702800,2026-03-07T03:45:59Z
QCOM,2007-11-05,26.22,26.77,25.82,26.39,22187563,40.85,41.7,40.23,41.11,14241700,2026-03-07T03:45:59Z
QCOM,2007-11-06,26.68,26.7,26.02,26.25,22908447,41.56,41.59,40.54,40.89,14704400,2026-03-07T03:45:59Z
QCOM,2007-11-07,26.44,27.18,26.38,26.51,27894142,41.19,42.35,41.1,41.3,17904600,2026-03-07T03:45:59Z
QCOM,2007-11-08,25.52,26.93,25.41,26.59,46108417,39.76,41.95,39.59,41.43,29595900,2026-03-07T03:45:59Z
QCOM,2007-11-09,24.46,24.97,23.49,23.64,76023642,38.1,38.9,36.6,36.83,48797800,2026-03-07T03:45:59Z
QCOM,2007-11-12,23.94,25.03,23.94,24.72,51027830,37.29,39,37.29,38.51,32753600,2026-03-07T03:45:59Z
QCOM,2007-11-13,25.14,25.19,23.94,24.14,38694801,39.16,39.24,37.29,37.6,24837300,2026-03-07T03:45:59Z
QCOM,2007-11-14,25.7,26.7,25.66,25.96,52485045,40.04,41.6,39.98,40.45,33689000,2026-03-07T03:45:59Z
QCOM,2007-11-15,26.2,26.57,25.68,25.81,39074466,40.81,41.4,40,40.21,25081000,2026-03-07T03:45:59Z
QCOM,2007-11-16,26.55,26.62,25.94,26.51,33034252,41.36,41.47,40.41,41.3,21203900,2026-03-07T03:45:59Z
QCOM,2007-11-19,26.8,27.17,26.68,26.78,39062259,41.75,42.33,41.57,41.72,25073200,2026-03-07T03:45:59Z
QCOM,2007-11-20,26.54,27.07,25.84,26.8,33030308,41.34,42.18,40.25,41.76,21201400,2026-03-07T03:45:59Z
QCOM,2007-11-21,25.97,26.73,25.89,26.3,25296319,40.46,41.64,40.34,40.97,16237100,2026-03-07T03:45:59Z
QCOM,2007-11-23,26.02,26.14,25.76,25.84,10383753,40.53,40.72,40.13,40.25,6665100,2026-03-07T03:45:59Z
QCOM,2007-11-26,25.15,26,25.1,26,27215226,39.18,40.51,39.1,40.51,17468800,2026-03-07T03:45:59Z
QCOM,2007-11-27,25.56,25.68,25.09,25.35,30439994,39.82,40,39.09,39.49,19538700,2026-03-07T03:45:59Z
QCOM,2007-11-28,26.63,26.96,25.98,26.02,36004064,41.49,42,40.47,40.53,23110200,2026-03-07T03:45:59Z
QCOM,2007-11-29,26.59,26.62,26.16,26.21,23030065,41.42,41.48,40.75,40.84,14782500,2026-03-07T03:45:59Z
QCOM,2007-11-30,26.18,26.98,25.89,26.95,39692094,40.78,42.03,40.33,41.98,25477400,2026-03-07T03:45:59Z
QCOM,2007-12-03,25.65,26.41,25.52,26.07,40244008,39.96,41.15,39.75,40.62,25831700,2026-03-07T03:45:59Z
QCOM,2007-12-04,25.26,25.58,25.19,25.38,23846605,39.36,39.85,39.25,39.54,15306600,2026-03-07T03:45:59Z
QCOM,2007-12-05,26.01,26.3,25.45,25.61,32279885,40.37,40.82,39.5,39.76,20793700,2026-03-07T03:45:59Z
QCOM,2007-12-06,26.03,26.13,25.7,26.02,16807125,40.41,40.57,39.89,40.4,10826600,2026-03-07T03:45:59Z
QCOM,2007-12-07,25.84,26.02,25.62,25.94,14701455,40.12,40.4,39.78,40.27,9470200,2026-03-07T03:45:59Z
QCOM,2007-12-10,26.13,26.25,25.92,25.99,18776154,40.57,40.75,40.24,40.34,12095000,2026-03-07T03:45:59Z
QCOM,2007-12-11,25.88,26.51,25.82,26.11,25670758,40.18,41.16,40.08,40.54,16536300,2026-03-07T03:45:59Z
QCOM,2007-12-12,26.42,26.78,25.94,26.29,33641882,41.01,41.57,40.27,40.81,21671000,2026-03-07T03:45:59Z
QCOM,2007-12-13,25.68,25.94,25.36,25.45,34506131,39.86,40.27,39.36,39.5,22227800,2026-03-07T03:45:59Z
QCOM,2007-12-14,25.37,25.61,25.35,25.46,22591099,39.38,39.75,39.35,39.52,14552500,2026-03-07T03:45:59Z
QCOM,2007-12-17,25.2,25.54,25.16,25.28,21193189,39.12,39.64,39.05,39.25,13652000,2026-03-07T03:45:59Z
QCOM,2007-12-18,24.94,25.45,24.56,25.23,28932964,38.72,39.5,38.13,39.17,18637700,2026-03-07T03:45:59Z
QCOM,2007-12-19,24.66,24.86,24.32,24.86,30401634,38.28,38.59,37.75,38.59,19583800,2026-03-07T03:45:59Z
QCOM,2007-12-20,25.2,25.28,24.55,25.2,26906903,39.12,39.25,38.11,39.12,17332600,2026-03-07T03:45:59Z
QCOM,2007-12-21,25.74,25.74,25.26,25.41,39933920,39.96,39.96,39.21,39.44,25724200,2026-03-07T03:45:59Z
QCOM,2007-12-24,25.97,26.08,25.57,25.74,7109328,40.31,40.48,39.7,39.96,4579600,2026-03-07T03:45:59Z
QCOM,2007-12-26,25.95,26.05,25.64,25.75,8181712,40.28,40.44,39.8,39.98,5270400,2026-03-07T03:45:59Z
QCOM,2007-12-27,25.56,26.02,25.55,25.85,12308583,39.68,40.4,39.66,40.13,7928800,2026-03-07T03:45:59Z
QCOM,2007-12-28,25.49,25.77,25.19,25.67,13855095,39.57,40,39.1,39.85,8925000,2026-03-07T03:45:59Z
QCOM,2007-12-31,25.35,25.61,25.16,25.28,9925985,39.35,39.75,39.05,39.24,6394000,2026-03-07T03:45:59Z
QCOM,2008-01-02,24.73,25.64,24.56,24.63,44962042,38.39,39.8,38.12,38.23,28963100,2026-03-07T03:45:59Z
QCOM,2008-01-03,24.41,24.73,24.3,24.65,23488718,37.9,38.39,37.73,38.27,15130700,2026-03-07T03:45:59Z
QCOM,2008-01-04,23.85,24.62,23.77,24.09,46010864,37.03,38.22,36.9,37.39,29638800,2026-03-07T03:45:59Z
QCOM,2008-01-07,23.48,24.03,23.05,23.87,42947845,36.45,37.31,35.78,37.05,27665600,2026-03-07T03:45:59Z
QCOM,2008-01-08,23.18,24.12,23.17,23.49,42108283,35.99,37.45,35.97,36.46,27124800,2026-03-07T03:45:59Z
QCOM,2008-01-09,24.34,24.39,23.19,23.23,42490486,37.79,37.87,36,36.06,27371000,2026-03-07T03:45:59Z
QCOM,2008-01-10,24.47,24.99,23.83,24.18,35027736,37.99,38.79,37,37.54,22563800,2026-03-07T03:45:59Z
QCOM,2008-01-11,24.88,25.17,24.05,24.38,50405815,38.63,39.07,37.33,37.84,32469800,2026-03-07T03:45:59Z
QCOM,2008-01-14,25.77,26.14,25.16,25.19,45326097,40,40.58,39.05,39.1,29197600,2026-03-07T03:45:59Z
QCOM,2008-01-15,25.35,25.77,25.12,25.52,30549340,39.35,40,39,39.61,19678900,2026-03-07T03:45:59Z
QCOM,2008-01-16,25.74,25.94,25.5,25.73,45071391,39.96,40.27,39.58,39.95,29033600,2026-03-07T03:45:59Z
QCOM,2008-01-17,25.16,25.9,25.06,25.8,36147096,39.06,40.2,38.9,40.06,23284800,2026-03-07T03:45:59Z
QCOM,2008-01-18,24.7,25.6,24.48,24.66,45396594,38.35,39.74,38,38.28,29243100,2026-03-07T03:45:59Z
QCOM,2008-01-22,23.78,24.7,22.66,24.05,46152211,36.92,38.35,35.17,37.33,29729800,2026-03-07T03:45:59Z
QCOM,2008-01-23,23.6,24.21,22.97,23.12,63240731,36.63,37.59,35.66,35.89,40737700,2026-03-07T03:45:59Z
QCOM,2008-01-24,26.03,26.38,25.05,25.37,71490282,40.41,40.95,38.88,39.38,46051700,2026-03-07T03:45:59Z
QCOM,2008-01-25,25.77,26.41,25.6,25.86,38726105,40,41,39.74,40.15,24946100,2026-03-07T03:45:59Z
QCOM,2008-01-28,26.09,26.2,25.51,25.61,20744901,40.5,40.68,39.6,39.75,13363200,2026-03-07T03:45:59Z
QCOM,2008-01-29,25.96,26.17,25.66,26.16,23150302,40.3,40.62,39.84,40.61,14912700,2026-03-07T03:45:59Z
QCOM,2008-01-30,25.95,26.45,25.7,25.96,25069379,40.28,41.06,39.89,40.3,16148900,2026-03-07T03:45:59Z
QCOM,2008-01-31,27.33,27.48,25.94,26.05,48910230,42.42,42.66,40.27,40.44,31506400,2026-03-07T03:45:59Z
QCOM,2008-02-01,27.18,27.41,26.75,27.23,32962815,42.2,42.55,41.52,42.27,21233600,2026-03-07T03:45:59Z
QCOM,2008-02-04,26.96,27.38,26.66,27.08,18720757,41.85,42.5,41.38,42.04,12059300,2026-03-07T03:45:59Z
QCOM,2008-02-05,26.23,26.88,26.13,26.44,31719238,40.72,41.73,40.57,41.05,20432500,2026-03-07T03:45:59Z
QCOM,2008-02-06,25.54,26.41,25.45,26.37,30975102,39.65,41,39.5,40.94,19953200,2026-03-07T03:45:59Z
QCOM,2008-02-07,26.37,26.71,25.09,25.2,45059410,40.94,41.47,38.95,39.12,29025900,2026-03-07T03:45:59Z
QCOM,2008-02-08,27,27.02,26.13,26.13,31772327,41.92,41.95,40.56,40.57,20466700,2026-03-07T03:45:59Z
QCOM,2008-02-11,26.96,27.31,26.84,27.01,29165498,41.86,42.4,41.66,41.93,18787500,2026-03-07T03:45:59Z
QCOM,2008-02-12,26.37,27.25,26.25,27.22,35673372,40.94,42.31,40.75,42.25,22979700,2026-03-07T03:45:59Z
QCOM,2008-02-13,27.06,27.28,26.62,26.69,27240869,42.01,42.35,41.32,41.44,17547700,2026-03-07T03:45:59Z
QCOM,2008-02-14,26.33,27.04,26.24,27.02,24249213,40.87,41.98,40.74,41.94,15620600,2026-03-07T03:45:59Z
QCOM,2008-02-15,27.18,27.23,25.9,25.97,34008660,42.2,42.27,40.21,40.31,21907300,2026-03-07T03:45:59Z
QCOM,2008-02-19,27.02,27.82,26.88,27.41,29383893,41.95,43.19,41.72,42.55,18928200,2026-03-07T03:45:59Z
QCOM,2008-02-20,27.94,28.02,26.89,26.97,29140499,43.37,43.49,41.75,41.87,18771400,2026-03-07T03:45:59Z
QCOM,2008-02-21,27.33,28.08,27.14,27.93,26830583,42.42,43.59,42.14,43.36,17283400,2026-03-07T03:45:59Z
QCOM,2008-02-22,28,28.89,27.28,27.55,39316893,43.47,44.85,42.35,42.76,25326700,2026-03-07T03:45:59Z
QCOM,2008-02-25,28.16,28.51,27.71,27.94,28447107,43.72,44.26,43.02,43.37,18324700,2026-03-07T03:45:59Z
QCOM,2008-02-26,28.11,28.59,27.78,28.14,26736029,43.64,44.39,43.12,43.68,17222500,2026-03-07T03:45:59Z
QCOM,2008-02-27,28.3,28.58,27.8,28.08,22570675,43.79,44.22,43.02,43.45,14586100,2026-03-07T03:45:59Z
QCOM,2008-02-28,28,28.39,27.79,28.05,17871017,43.32,43.93,43,43.4,11549000,2026-03-07T03:45:59Z
QCOM,2008-02-29,27.39,27.72,27.21,27.54,30486566,42.39,42.9,42.11,42.62,19701700,2026-03-07T03:45:59Z
QCOM,2008-03-03,26.57,27.22,26.24,27.15,35335950,41.12,42.12,40.6,42.01,22835600,2026-03-07T03:45:59Z
QCOM,2008-03-04,26.63,26.7,26.07,26.43,31515941,41.21,41.32,40.34,40.89,20366900,2026-03-07T03:45:59Z
QCOM,2008-03-05,26.82,27.21,26.48,26.67,23352279,41.5,42.11,40.97,41.27,15091200,2026-03-07T03:45:59Z
QCOM,2008-03-06,26.13,26.83,26.04,26.7,21135786,40.43,41.51,40.29,41.31,13658800,2026-03-07T03:45:59Z
QCOM,2008-03-07,26,26.3,25.53,25.98,26946694,40.24,40.69,39.5,40.21,17414100,2026-03-07T03:45:59Z
QCOM,2008-03-10,25.31,26.01,25.22,25.91,25603254,39.17,40.25,39.02,40.09,16545900,2026-03-07T03:45:59Z
QCOM,2008-03-11,25.47,25.8,24.47,25.55,45127159,39.42,39.92,37.86,39.54,29163000,2026-03-07T03:45:59Z
QCOM,2008-03-12,25.69,26.33,25.57,26.19,35927589,39.75,40.75,39.56,40.52,23217900,2026-03-07T03:45:59Z
QCOM,2008-03-13,26.01,26.19,25.19,25.53,27587387,40.25,40.52,38.98,39.5,17828100,2026-03-07T03:45:59Z
QCOM,2008-03-14,25.35,26.18,25.03,26.08,42235215,39.23,40.51,38.73,40.36,27294200,2026-03-07T03:45:59Z
QCOM,2008-03-17,24.88,25.58,24.85,24.95,31835155,38.5,39.58,38.46,38.6,20573200,2026-03-07T03:45:59Z
QCOM,2008-03-18,25.93,25.97,25.11,25.36,27684201,40.13,40.19,38.86,39.25,17890700,2026-03-07T03:45:59Z
QCOM,2008-03-19,24.46,25.66,24.46,25.53,43312206,37.85,39.71,37.85,39.51,27990100,2026-03-07T03:45:59Z
QCOM,2008-03-20,24.73,24.75,23.85,24.63,57971736,38.27,38.29,36.91,38.11,37463800,2026-03-07T03:45:59Z
QCOM,2008-03-24,25.78,25.89,24.78,24.78,30687101,39.89,40.07,38.35,38.35,19831300,2026-03-07T03:45:59Z
QCOM,2008-03-25,26.37,26.5,25.72,26.2,34211918,40.8,41,39.8,40.55,22109200,2026-03-07T03:45:59Z
QCOM,2008-03-26,26.17,26.26,25.8,26.03,22570063,40.49,40.63,39.93,40.28,14585700,2026-03-07T03:45:59Z
QCOM,2008-03-27,25.67,26.15,25.65,26.04,19842902,39.72,40.47,39.69,40.3,12823300,2026-03-07T03:45:59Z
QCOM,2008-03-28,25.94,26.72,25.77,25.91,23748584,40.14,41.34,39.87,40.09,15347300,2026-03-07T03:45:59Z
QCOM,2008-03-31,26.5,26.62,25.69,26.03,29650992,41,41.19,39.75,40.28,19161700,2026-03-07T03:45:59Z
QCOM,2008-04-01,27.28,27.38,26.39,26.66,42676487,42.22,42.36,40.84,41.25,27579300,2026-03-07T03:45:59Z
QCOM,2008-04-02,27.11,27.44,26.78,27.38,31307061,41.95,42.46,41.44,42.37,20231900,2026-03-07T03:45:59Z
QCOM,2008-04-03,27.07,27.36,26.95,26.95,23773582,41.89,42.34,41.7,41.71,15363500,2026-03-07T03:45:59Z
QCOM,2008-04-04,27.17,27.57,26.96,27.2,24276953,42.05,42.66,41.72,42.09,15688800,2026-03-07T03:45:59Z
QCOM,2008-04-07,26.93,27.37,26.83,27.21,18795747,41.67,42.35,41.51,42.11,12146600,2026-03-07T03:45:59Z
QCOM,2008-04-08,27.19,27.32,26.67,26.69,22287833,42.08,42.27,41.27,41.3,14403300,2026-03-07T03:45:59Z
QCOM,2008-04-09,26.83,27.27,26.61,27.19,18921397,41.51,42.19,41.18,42.08,12227800,2026-03-07T03:45:59Z
QCOM,2008-04-10,27.52,27.63,26.83,26.89,25893692,42.58,42.76,41.51,41.61,16733600,2026-03-07T03:45:59Z
QCOM,2008-04-11,26.75,27.38,26.75,27.17,23229860,41.4,42.37,41.39,42.05,15012100,2026-03-07T03:45:59Z
QCOM,2008-04-14,26.73,27.04,26.5,26.64,12780647,41.36,41.84,41,41.23,8259400,2026-03-07T03:45:59Z
QCOM,2008-04-15,26.62,27.14,26.27,26.78,16766788,41.19,42,40.65,41.44,10835400,2026-03-07T03:45:59Z
QCOM,2008-04-16,27.31,27.43,26.86,26.88,24774143,42.26,42.45,41.57,41.59,16010100,2026-03-07T03:45:59Z
QCOM,2008-04-17,27.19,27.28,26.77,27.08,21628585,42.07,42.22,41.43,41.91,13977300,2026-03-07T03:45:59Z
QCOM,2008-04-18,27.5,27.79,27.27,27.52,45631042,42.55,43,42.2,42.59,29488700,2026-03-07T03:45:59Z
QCOM,2008-04-21,27.54,27.59,27.25,27.32,25569863,42.62,42.7,42.16,42.28,16524300,2026-03-07T03:45:59Z
QCOM,2008-04-22,26.85,27.43,26.66,27.43,24853124,41.55,42.44,41.25,42.44,16061100,2026-03-07T03:45:59Z
QCOM,2008-04-23,27.07,27.34,26.95,27.16,28233827,41.89,42.31,41.71,42.03,18245900,2026-03-07T03:45:59Z
QCOM,2008-04-24,27.89,28.38,27.04,27.06,31640319,43.16,43.92,41.84,41.87,20447300,2026-03-07T03:45:59Z
QCOM,2008-04-25,27.94,28.1,27.44,27.83,22099154,43.24,43.48,42.46,43.07,14281400,2026-03-07T03:45:59Z
QCOM,2008-04-28,27.98,28.44,27.86,27.91,22123304,43.29,44.01,43.11,43.18,14297000,2026-03-07T03:45:59Z
QCOM,2008-04-29,28.28,28.37,27.91,27.93,17497191,43.76,43.9,43.18,43.22,11307400,2026-03-07T03:45:59Z
QCOM,2008-04-30,27.91,28.43,27.85,28.21,24658247,43.19,44,43.1,43.65,15935200,2026-03-07T03:45:59Z
QCOM,2008-05-01,28.67,28.67,27.68,27.92,23073242,44.36,44.36,42.83,43.2,14910900,2026-03-07T03:45:59Z
QCOM,2008-05-02,28.65,29.02,28.44,28.87,24193266,44.33,44.9,44.01,44.67,15634700,2026-03-07T03:45:59Z
QCOM,2008-05-05,28.39,28.67,28.19,28.49,15352613,43.93,44.37,43.62,44.08,9921500,2026-03-07T03:45:59Z
QCOM,2008-05-06,28.79,28.89,28.03,28.29,20958853,44.55,44.71,43.38,43.77,13544500,2026-03-07T03:45:59Z
QCOM,2008-05-07,28.14,28.87,28.09,28.76,21711509,43.54,44.68,43.47,44.51,14030900,2026-03-07T03:45:59Z
QCOM,2008-05-08,28.5,28.83,28.15,28.34,19131978,44.1,44.61,43.56,43.86,12363900,2026-03-07T03:45:59Z
QCOM,2008-05-09,28.25,28.61,28.05,28.11,12988014,43.72,44.27,43.4,43.5,8393400,2026-03-07T03:45:59Z
QCOM,2008-05-12,28.84,28.86,28.09,28.25,20367897,44.63,44.65,43.47,43.71,13162600,2026-03-07T03:45:59Z
QCOM,2008-05-13,28.8,28.94,28.36,28.84,20206831,44.57,44.78,43.89,44.63,13058500,2026-03-07T03:45:59Z
QCOM,2008-05-14,28.52,29.08,28.46,28.96,24632001,44.13,45,44.04,44.82,15918200,2026-03-07T03:45:59Z
QCOM,2008-05-15,29.08,29.11,28.44,28.47,24344432,45,45.04,44.01,44.05,15732400,2026-03-07T03:45:59Z
QCOM,2008-05-16,30.31,30.34,29.05,29.28,48512555,46.9,46.95,44.95,45.31,31350800,2026-03-07T03:45:59Z
QCOM,2008-05-19,30.6,31.25,30.08,30.13,44895030,47.35,48.36,46.54,46.62,29013000,2026-03-07T03:45:59Z
QCOM,2008-05-20,29.77,30.38,29.51,30.33,31416722,46.06,47.01,45.67,46.93,20302800,2026-03-07T03:45:59Z
QCOM,2008-05-21,29.84,30.6,29.72,29.9,33719940,46.18,47.35,45.99,46.27,21791200,2026-03-07T03:45:59Z
QCOM,2008-05-22,29.64,30.02,29.57,29.97,25509810,45.87,46.45,45.75,46.38,16485500,2026-03-07T03:45:59Z
QCOM,2008-05-23,30.86,31.08,29.57,29.59,43668493,47.76,48.1,45.75,45.78,28220400,2026-03-07T03:45:59Z
QCOM,2008-05-27,31.57,31.64,30.63,31.08,35935633,48.85,48.96,47.4,48.1,23223100,2026-03-07T03:45:59Z
QCOM,2008-05-28,31.33,31.73,31.13,31.72,25688613,48.32,48.94,48.01,48.92,16655600,2026-03-07T03:45:59Z
QCOM,2008-05-29,31.91,31.96,31.29,31.36,33061804,49.22,49.3,48.26,48.37,21436100,2026-03-07T03:45:59Z
QCOM,2008-05-30,31.47,32.09,31.45,32.06,31156254,48.54,49.5,48.5,49.45,20200600,2026-03-07T03:45:59Z
QCOM,2008-06-02,30.93,31.57,30.46,31.52,28626785,47.7,48.69,46.98,48.61,18560600,2026-03-07T03:45:59Z
QCOM,2008-06-03,30.47,31.48,30.21,31.48,35707785,46.99,48.55,46.6,48.55,23151700,2026-03-07T03:45:59Z
QCOM,2008-06-04,31.41,31.48,30.21,30.25,39427926,48.45,48.56,46.6,46.66,25563700,2026-03-07T03:45:59Z
QCOM,2008-06-05,32.02,32.02,31.08,31.28,35545813,49.39,49.39,47.93,48.25,23046700,2026-03-07T03:45:59Z
QCOM,2008-06-06,30.56,31.84,30.39,31.79,38972525,47.14,49.11,46.87,49.03,25268400,2026-03-07T03:45:59Z
QCOM,2008-06-09,30.54,30.78,30.02,30.73,29141741,47.11,47.48,46.3,47.4,18894500,2026-03-07T03:45:59Z
QCOM,2008-06-10,30.75,31.19,30.12,30.18,30245738,47.42,48.1,46.45,46.54,19610300,2026-03-07T03:45:59Z
QCOM,2008-06-11,30.03,30.73,30.02,30.66,27884586,46.31,47.4,46.3,47.28,18079400,2026-03-07T03:45:59Z
QCOM,2008-06-12,31.76,32,30.62,30.99,65988790,48.98,49.36,47.22,47.8,42784800,2026-03-07T03:45:59Z
QCOM,2008-06-13,32.41,32.42,31.61,32.02,39833231,49.99,50,48.75,49.38,25826500,2026-03-07T03:45:59Z
QCOM,2008-06-16,32.12,32.53,31.89,32.02,33519550,49.54,50.18,49.19,49.39,21732900,2026-03-07T03:45:59Z
QCOM,2008-06-17,31.53,32.3,31.41,32.23,26780739,48.63,49.81,48.44,49.71,17363700,2026-03-07T03:45:59Z
QCOM,2008-06-18,31.83,32.11,31.15,31.35,37364628,49.1,49.53,48.05,48.35,24225900,2026-03-07T03:45:59Z
QCOM,2008-06-19,32.65,32.95,31.63,31.76,39689789,50.36,50.82,48.79,48.99,25733500,2026-03-07T03:45:59Z
QCOM,2008-06-20,31.47,32.33,31.05,32.32,57812872,48.53,49.86,47.89,49.85,37483900,2026-03-07T03:45:59Z
QCOM,2008-06-23,31,31.77,30.95,31.69,24418523,47.81,49,47.73,48.87,15832100,2026-03-07T03:45:59Z
QCOM,2008-06-24,30,30.96,29.69,30.8,47057670,46.27,47.75,45.79,47.51,30510600,2026-03-07T03:45:59Z
QCOM,2008-06-25,30.58,30.98,30.16,30.41,37919373,47.16,47.78,46.51,46.9,24585600,2026-03-07T03:45:59Z
QCOM,2008-06-26,29.25,30.38,29.23,30.22,36696081,45.11,46.85,45.09,46.61,23792500,2026-03-07T03:45:59Z
QCOM,2008-06-27,29.6,29.88,29.05,29.25,41249555,45.65,46.08,44.81,45.11,26744800,2026-03-07T03:45:59Z
QCOM,2008-06-30,28.77,29.79,28.75,29.64,33847393,44.37,45.94,44.34,45.71,21945500,2026-03-07T03:45:59Z
QCOM,2008-07-01,29.71,29.73,28.62,28.62,46355039,45.82,45.85,44.15,44.15,30055000,2026-03-07T03:45:59Z
QCOM,2008-07-02,29.21,30.24,29.18,29.92,35813090,45.05,46.64,45.01,46.14,23220000,2026-03-07T03:45:59Z
QCOM,2008-07-03,29.21,29.78,29.13,29.53,13839091,45.05,45.93,44.93,45.55,8972800,2026-03-07T03:45:59Z
QCOM,2008-07-07,29.41,30.21,29.01,29.8,31087312,45.36,46.59,44.75,45.97,20155900,2026-03-07T03:45:59Z
QCOM,2008-07-08,30.83,30.86,29.44,29.45,43938766,47.55,47.6,45.4,45.42,28488400,2026-03-07T03:45:59Z
QCOM,2008-07-09,30.2,31.2,30.17,30.93,38266338,46.58,48.12,46.53,47.7,24810600,2026-03-07T03:45:59Z
QCOM,2008-07-10,31.23,31.37,30.14,30.39,40300808,48.17,48.38,46.48,46.87,26129600,2026-03-07T03:45:59Z
QCOM,2008-07-11,31.34,31.77,30.62,30.93,35591196,48.33,49,47.22,47.7,23076100,2026-03-07T03:45:59Z
QCOM,2008-07-14,31.02,31.94,30.86,31.64,39782816,47.84,49.26,47.6,48.8,25793800,2026-03-07T03:45:59Z
QCOM,2008-07-15,30.41,31.34,29.79,30.89,43723548,46.9,48.34,45.94,47.64,28348800,2026-03-07T03:45:59Z
QCOM,2008-07-16,30.46,30.54,29.77,30.39,39887703,46.98,47.1,45.91,46.88,25861800,2026-03-07T03:45:59Z
QCOM,2008-07-17,29.54,31.1,29.22,30.84,48553996,45.56,47.96,45.07,47.56,31480700,2026-03-07T03:45:59Z
QCOM,2008-07-18,29.3,29.66,29.18,29.53,34543828,45.19,45.74,45.01,45.55,22397000,2026-03-07T03:45:59Z
QCOM,2008-07-21,29.36,29.82,28.89,29.48,22367930,45.28,46,44.55,45.47,14502600,2026-03-07T03:45:59Z
QCOM,2008-07-22,28.59,29.81,27.68,29.08,45594375,44.1,45.98,42.69,44.85,29561800,2026-03-07T03:45:59Z
QCOM,2008-07-23,29.06,29.23,27.72,28.15,68287815,44.82,45.08,42.75,43.42,44275400,2026-03-07T03:45:59Z
QCOM,2008-07-24,33.99,35.34,33.46,34.69,164815381,52.43,54.51,51.6,53.51,106860600,2026-03-07T03:45:59Z
QCOM,2008-07-25,35.3,35.69,34.17,34.25,53319616,54.45,55.05,52.7,52.83,34570600,2026-03-07T03:45:59Z
QCOM,2008-07-28,34.64,35.8,34.52,35.28,35671993,53.42,55.22,53.25,54.41,23128500,2026-03-07T03:45:59Z
QCOM,2008-07-29,35.61,35.64,34.49,34.66,32673883,54.92,54.97,53.2,53.46,21184600,2026-03-07T03:45:59Z
QCOM,2008-07-30,36.08,36.08,34.99,35.7,37855867,55.64,55.65,53.97,55.06,24544400,2026-03-07T03:45:59Z
QCOM,2008-07-31,35.88,36.31,35.51,35.73,33879082,55.34,56,54.77,55.11,21966000,2026-03-07T03:45:59Z
QCOM,2008-08-01,35.96,36.24,35,35.98,33411586,55.47,55.9,53.98,55.49,21662900,2026-03-07T03:45:59Z
QCOM,2008-08-04,34.28,35.33,34.01,35.3,40612260,52.87,54.49,52.45,54.44,26331600,2026-03-07T03:45:59Z
QCOM,2008-08-05,36.13,36.15,34.58,34.7,36677008,55.73,55.75,53.34,53.52,23780100,2026-03-07T03:45:59Z
QCOM,2008-08-06,36.02,36.24,35.52,35.85,22663443,55.56,55.9,54.79,55.3,14694200,2026-03-07T03:45:59Z
QCOM,2008-08-07,35.91,36.24,35.47,35.8,22629506,55.38,55.89,54.7,55.21,14672200,2026-03-07T03:45:59Z
QCOM,2008-08-08,36.22,36.31,35.15,35.27,40170547,55.86,56,54.21,54.39,26045200,2026-03-07T03:45:59Z
QCOM,2008-08-11,35.28,36.31,34.93,36.24,32348466,54.42,56,53.87,55.89,20973600,2026-03-07T03:45:59Z
QCOM,2008-08-12,35.15,35.54,34.89,35.32,22522940,54.21,54.81,53.81,54.47,14603100,2026-03-07T03:45:59Z
QCOM,2008-08-13,35.91,36.32,34.95,35.12,26959533,55.39,56.02,53.9,54.17,17479600,2026-03-07T03:45:59Z
QCOM,2008-08-14,36.54,36.63,35.67,35.67,25072120,56.35,56.5,55.01,55.02,16255900,2026-03-07T03:45:59Z
QCOM,2008-08-15,36.55,36.88,35.9,36.65,29174796,56.37,56.88,55.37,56.52,18915900,2026-03-07T03:45:59Z
QCOM,2008-08-18,35.88,36.78,35.67,36.59,18904176,55.34,56.73,55.01,56.44,12256800,2026-03-07T03:45:59Z
QCOM,2008-08-19,35.52,36.2,35.28,35.72,16899287,54.79,55.84,54.41,55.09,10956900,2026-03-07T03:45:59Z
QCOM,2008-08-20,35.63,36.04,35.35,35.69,26065070,54.95,55.59,54.53,55.05,16899700,2026-03-07T03:45:59Z
QCOM,2008-08-21,35.47,35.73,35.09,35.63,20262631,54.71,55.1,54.12,54.95,13137600,2026-03-07T03:45:59Z
QCOM,2008-08-22,35.93,36.15,35.27,35.69,12421091,55.41,55.76,54.39,55.05,8053400,2026-03-07T03:45:59Z
QCOM,2008-08-25,34.93,35.7,34.82,35.57,18157523,53.88,55.06,53.71,54.86,11772700,2026-03-07T03:45:59Z
QCOM,2008-08-26,34.69,35.34,34.29,34.99,17888086,53.5,54.5,52.89,53.97,11598000,2026-03-07T03:45:59Z
QCOM,2008-08-27,35.17,35.6,34.47,34.72,17294043,54.08,54.74,53.01,53.39,11246500,2026-03-07T03:45:59Z
QCOM,2008-08-28,35.1,35.44,35.03,35.36,14829556,53.97,54.49,53.86,54.37,9643800,2026-03-07T03:45:59Z
QCOM,2008-08-29,34.24,34.85,33.96,34.58,22315832,52.65,53.59,52.22,53.18,14512200,2026-03-07T03:45:59Z
QCOM,2008-09-02,33.28,34.82,33.09,34.69,30843406,51.17,53.54,50.89,53.34,20057800,2026-03-07T03:45:59Z
QCOM,2008-09-03,32.03,33.04,31.61,33.04,45973411,49.26,50.81,48.6,50.81,29897000,2026-03-07T03:45:59Z
QCOM,2008-09-04,31.57,32.57,31.55,31.89,47630898,48.54,50.09,48.51,49.04,30974900,2026-03-07T03:45:59Z
QCOM,2008-09-05,31,31.51,30.39,30.94,40521720,47.67,48.45,46.74,47.58,26351700,2026-03-07T03:45:59Z
QCOM,2008-09-08,30.1,31.59,29.97,31.38,50490456,46.28,48.57,46.08,48.26,32834400,2026-03-07T03:45:59Z
QCOM,2008-09-09,29.66,30.47,29.58,30.19,42554684,45.61,46.85,45.48,46.42,27673700,2026-03-07T03:45:59Z
QCOM,2008-09-10,30.39,30.86,30.08,30.27,40479750,46.73,47.46,46.25,46.55,26324400,2026-03-07T03:45:59Z
QCOM,2008-09-11,31.92,32.03,30.18,30.23,40792568,49.09,49.25,46.41,46.49,26527800,2026-03-07T03:45:59Z
QCOM,2008-09-12,31.16,31.86,30.89,31.48,30005489,47.92,49,47.5,48.41,19512900,2026-03-07T03:45:59Z
QCOM,2008-09-15,30.45,31.4,30.16,30.26,31147159,46.82,48.29,46.38,46.53,20255300,2026-03-07T03:45:59Z
QCOM,2008-09-16,31.16,31.67,29.6,30.27,48128050,47.92,48.7,45.51,46.55,31298200,2026-03-07T03:45:59Z
QCOM,2008-09-17,29.22,30.74,29.23,30.45,46328569,44.94,47.27,44.94,46.83,30127900,2026-03-07T03:45:59Z
QCOM,2008-09-18,30.37,30.89,28.73,29.91,60465428,46.7,47.5,44.18,45.99,39321300,2026-03-07T03:45:59Z
QCOM,2008-09-19,31.7,32.03,24.59,31.7,57952071,48.74,49.25,37.82,48.75,37686800,2026-03-07T03:45:59Z
QCOM,2008-09-22,29.89,31.7,29.75,31.48,28457915,45.96,48.74,45.74,48.41,18506500,2026-03-07T03:45:59Z
QCOM,2008-09-23,29.86,30.93,29.54,30.11,32067355,45.91,47.57,45.43,46.3,20853700,2026-03-07T03:45:59Z
QCOM,2008-09-24,29.45,30.21,28.95,29.99,29355117,45.29,46.46,44.52,46.11,19089900,2026-03-07T03:45:59Z
QCOM,2008-09-25,30.27,30.71,29.48,29.78,25791876,46.54,47.23,45.33,45.8,16772700,2026-03-07T03:45:59Z
QCOM,2008-09-26,29.81,30.07,29.15,29.58,32515582,45.84,46.24,44.83,45.48,21145200,2026-03-07T03:45:59Z
QCOM,2008-09-29,25.93,29.64,20.07,29.26,78250876,39.88,45.57,30.87,45,50887400,2026-03-07T03:45:59Z
QCOM,2008-09-30,27.94,28.07,26.48,26.7,45718075,42.97,43.17,40.72,41.05,29730900,2026-03-07T03:45:59Z
QCOM,2008-10-01,27,27.83,26.34,27.83,33229194,41.52,42.79,40.5,42.79,21609300,2026-03-07T03:45:59Z
QCOM,2008-10-02,26.38,27.01,25.73,26.8,42334847,40.57,41.54,39.56,41.21,27530800,2026-03-07T03:45:59Z
QCOM,2008-10-03,26.58,28.12,26.34,26.38,46096885,40.87,43.24,40.5,40.57,29977300,2026-03-07T03:45:59Z
QCOM,2008-10-06,26.16,26.51,24.54,25.95,53343883,40.23,40.76,37.74,39.9,34690100,2026-03-07T03:45:59Z
QCOM,2008-10-07,25.48,27.35,25.32,26.38,50294876,39.18,42.05,38.94,40.56,32707200,2026-03-07T03:45:59Z
QCOM,2008-10-08,26.71,28.05,24.92,25.07,61811516,41.07,43.14,38.32,38.55,40196600,2026-03-07T03:45:59Z
QCOM,2008-10-09,25.8,28.02,25.38,27.25,52339039,39.68,43.08,39.03,41.9,34036600,2026-03-07T03:45:59Z
QCOM,2008-10-10,25.35,27.61,23.42,25.34,72762175,38.98,42.45,36.02,38.96,47318000,2026-03-07T03:45:59Z
QCOM,2008-10-13,27.51,27.63,25.05,26.36,45013472,42.3,42.49,38.52,40.53,29272700,2026-03-07T03:45:59Z
QCOM,2008-10-14,26.22,28.03,25.6,27.75,44382829,40.32,43.1,39.37,42.68,28862600,2026-03-07T03:45:59Z
QCOM,2008-10-15,23.61,26.05,23.5,25.76,47394231,36.31,40.05,36.13,39.61,30821000,2026-03-07T03:45:59Z
QCOM,2008-10-16,25.29,25.45,23.22,24.31,57573672,38.89,39.13,35.71,37.38,37440800,2026-03-07T03:45:59Z
QCOM,2008-10-17,25.85,26.55,24.48,24.5,52106425,39.75,40.82,37.65,37.67,33885300,2026-03-07T03:45:59Z
QCOM,2008-10-20,26.2,26.34,24.39,26.05,42022251,40.29,40.5,37.5,40.06,27327500,2026-03-07T03:45:59Z
QCOM,2008-10-21,23.82,25.69,23.64,25.58,49746336,36.63,39.5,36.36,39.34,32350600,2026-03-07T03:45:59Z
QCOM,2008-10-22,23.18,24.69,22.63,23.94,46716999,35.64,37.96,34.8,36.81,30380600,2026-03-07T03:45:59Z
QCOM,2008-10-23,22.94,23.91,21.69,22.95,47596754,35.27,36.77,33.36,35.29,30952600,2026-03-07T03:45:59Z
QCOM,2008-10-24,22.75,23.31,20.95,21.04,40029302,34.99,35.85,32.21,32.36,26031400,2026-03-07T03:45:59Z
QCOM,2008-10-27,22.1,23.52,22.01,22.27,29791990,33.98,36.17,33.85,34.24,19374000,2026-03-07T03:45:59Z
QCOM,2008-10-28,25.3,25.4,22.19,22.89,43153662,38.91,39.06,34.12,35.2,28063300,2026-03-07T03:45:59Z
QCOM,2008-10-29,24.66,26.06,24.22,24.98,39747279,37.92,40.08,37.24,38.42,25848100,2026-03-07T03:45:59Z
QCOM,2008-10-30,25.83,25.98,24.76,25.63,33409314,39.72,39.95,38.08,39.41,21726400,2026-03-07T03:45:59Z
QCOM,2008-10-31,24.88,25.72,24.52,25.56,41462004,38.26,39.55,37.7,39.3,26963200,2026-03-07T03:45:59Z
QCOM,2008-11-03,24.19,24.88,23.61,24.83,27917953,37.2,38.26,36.31,38.18,18155300,2026-03-07T03:45:59Z
QCOM,2008-11-04,24.69,25.28,23.79,24.6,37864197,37.96,38.88,36.58,37.83,24623500,2026-03-07T03:45:59Z
QCOM,2008-11-05,22.87,24.47,22.58,24.46,45087574,35.17,37.63,34.72,37.62,29320900,2026-03-07T03:45:59Z
QCOM,2008-11-06,21.49,22.81,21.44,22.1,65109390,33.05,35.07,32.97,33.98,42341200,2026-03-07T03:45:59Z
QCOM,2008-11-07,23.19,23.7,22.16,22.31,59698336,35.66,36.44,34.07,34.31,38822500,2026-03-07T03:45:59Z
QCOM,2008-11-10,22.96,23.78,22.61,23.48,32368013,35.31,36.57,34.77,36.11,21049200,2026-03-07T03:45:59Z
QCOM,2008-11-11,22.81,23.5,22.62,22.73,37447015,35.07,36.13,34.79,34.95,24352200,2026-03-07T03:45:59Z
QCOM,2008-11-12,21.18,22.46,21.1,22.38,42208942,32.57,34.54,32.45,34.41,27448900,2026-03-07T03:45:59Z
QCOM,2008-11-13,22.64,22.75,20.04,21.25,45139998,34.82,34.98,30.82,32.67,29355000,2026-03-07T03:45:59Z
QCOM,2008-11-14,21.42,22.5,21,21.6,37115701,32.94,34.6,32.3,33.22,24136700,2026-03-07T03:45:59Z
QCOM,2008-11-17,20.58,21.3,20.52,20.96,33156973,31.65,32.75,31.55,32.23,21562300,2026-03-07T03:45:59Z
QCOM,2008-11-18,20.69,20.81,19.5,20.73,40983455,31.81,32,29.98,31.87,26652000,2026-03-07T03:45:59Z
QCOM,2008-11-19,19.52,21.25,19.51,20.46,34118500,30.01,32.67,30,31.47,22187600,2026-03-07T03:45:59Z
QCOM,2008-11-20,19,20.56,18.91,19.35,55259514,29.21,31.61,29.08,29.76,35935900,2026-03-07T03:45:59Z
QCOM,2008-11-21,19.62,19.64,18.31,19.36,55789411,30.17,30.2,28.16,29.77,36280500,2026-03-07T03:45:59Z
QCOM,2008-11-24,21.34,21.57,19.93,20.18,41142788,32.82,33.17,30.65,31.03,26755600,2026-03-07T03:45:59Z
QCOM,2008-11-25,21.26,21.79,20.19,21.75,34296465,32.69,33.5,31.04,33.45,22303300,2026-03-07T03:45:59Z
QCOM,2008-11-26,21.75,21.75,20.81,20.9,25376478,33.45,33.45,32,32.14,16502600,2026-03-07T03:45:59Z
QCOM,2008-11-28,21.83,21.85,21.35,21.6,10331229,33.57,33.6,32.83,33.22,6718500,2026-03-07T03:45:59Z
QCOM,2008-12-01,19.48,21.28,19.45,21.25,31662264,29.96,32.72,29.91,32.67,20590300,2026-03-07T03:45:59Z
QCOM,2008-12-02,19.86,20.32,19.44,20.02,31735121,30.54,31.24,29.89,30.79,20637700,2026-03-07T03:45:59Z
QCOM,2008-12-03,19.7,19.88,19.19,19.25,39217898,30.3,30.57,29.51,29.6,25503800,2026-03-07T03:45:59Z
QCOM,2008-12-04,19.56,20.27,19.25,19.5,33806688,30.08,31.17,29.6,29.98,21984800,2026-03-07T03:45:59Z
QCOM,2008-12-05,20.74,20.81,19.08,19.5,41530940,31.9,32,29.34,29.99,27008000,2026-03-07T03:45:59Z
QCOM,2008-12-08,21.8,22.18,20.92,21.01,45106475,33.53,34.11,32.17,32.31,29333200,2026-03-07T03:45:59Z
QCOM,2008-12-09,21.88,22.45,21.18,21.51,31443664,33.48,34.36,32.42,32.92,20546200,2026-03-07T03:45:59Z
QCOM,2008-12-10,22.52,22.84,21.95,22.29,31778965,34.47,34.95,33.6,34.11,20765300,2026-03-07T03:45:59Z
QCOM,2008-12-11,21.3,22.54,21.16,22.19,30343997,32.59,34.49,32.39,33.96,19827600,2026-03-07T03:45:59Z
QCOM,2008-12-12,22.16,22.41,20.71,20.77,30190897,33.92,34.29,31.69,31.78,19727600,2026-03-07T03:45:59Z
QCOM,2008-12-15,22.09,22.48,21.48,22.15,27576108,33.81,34.4,32.87,33.9,18019000,2026-03-07T03:45:59Z
QCOM,2008-12-16,23.56,23.77,22.24,22.26,42820506,36.06,36.38,34.04,34.07,27980100,2026-03-07T03:45:59Z
QCOM,2008-12-17,22.94,23.69,22.71,23.3,30679612,35.1,36.25,34.75,35.66,20046900,2026-03-07T03:45:59Z
QCOM,2008-12-18,22.3,22.84,22.11,22.79,27116330,34.12,34.96,33.84,34.87,17718600,2026-03-07T03:45:59Z
QCOM,2008-12-19,22.89,22.93,22.4,22.51,36068825,35.03,35.1,34.28,34.45,23568400,2026-03-07T03:45:59Z
QCOM,2008-12-22,22.75,22.86,22.1,22.81,24526528,34.81,34.99,33.82,34.91,16026300,2026-03-07T03:45:59Z
QCOM,2008-12-23,22.33,22.84,22.22,22.54,21486347,34.18,34.95,34,34.5,14039800,2026-03-07T03:45:59Z
QCOM,2008-12-24,22.32,22.6,22.07,22.26,8305429,34.16,34.59,33.77,34.06,5427000,2026-03-07T03:45:59Z
QCOM,2008-12-26,22.5,22.59,22.14,22.14,12667974,34.43,34.57,33.88,33.88,8277600,2026-03-07T03:45:59Z
QCOM,2008-12-29,22.28,22.78,21.98,22.5,19961182,34.1,34.86,33.64,34.43,13043200,2026-03-07T03:45:59Z
QCOM,2008-12-30,22.83,22.93,22.22,22.35,18440878,34.94,35.1,34,34.2,12049800,2026-03-07T03:45:59Z
QCOM,2008-12-31,23.41,23.72,22.81,22.86,23035005,35.83,36.3,34.91,34.99,15051700,2026-03-07T03:45:59Z
QCOM,2009-01-02,24.21,24.26,23.1,23.3,22584131,37.05,37.13,35.35,35.65,14757100,2026-03-07T03:45:59Z
QCOM,2009-01-05,23.82,24.11,23.56,23.92,25408257,36.45,36.9,36.05,36.6,16602500,2026-03-07T03:45:59Z
QCOM,2009-01-06,24.27,24.64,23.75,24.11,25264706,37.15,37.71,36.35,36.9,16508700,2026-03-07T03:45:59Z
QCOM,2009-01-07,23.23,23.97,22.95,23.85,25586865,35.55,36.68,35.12,36.5,16719200,2026-03-07T03:45:59Z
QCOM,2009-01-08,23.05,23.26,22.54,23.11,25026517,35.28,35.59,34.49,35.37,16353000,2026-03-07T03:45:59Z
QCOM,2009-01-09,22.87,23.46,21.9,23.23,24440160,35,35.91,33.51,35.55,15969900,2026-03-07T03:45:59Z
QCOM,2009-01-12,22.78,23.21,22.43,22.86,21273958,34.86,35.52,34.33,34.99,13901000,2026-03-07T03:45:59Z
QCOM,2009-01-13,22.96,23.39,22.55,22.84,24797638,35.14,35.8,34.51,34.96,16203500,2026-03-07T03:45:59Z
QCOM,2009-01-14,22.06,22.79,21.95,22.4,24157550,33.76,34.87,33.59,34.28,15785200,2026-03-07T03:45:59Z
QCOM,2009-01-15,22.74,22.99,21.75,21.91,35108677,34.8,35.18,33.29,33.53,22941000,2026-03-07T03:45:59Z
QCOM,2009-01-16,23.54,23.77,22.81,23.1,44839323,36.02,36.38,34.91,35.35,29299300,2026-03-07T03:45:59Z
QCOM,2009-01-20,22.31,23.59,22.27,23.3,32252565,34.14,36.1,34.09,35.65,21074700,2026-03-07T03:45:59Z
QCOM,2009-01-21,23.44,23.44,22.65,22.77,31253124,35.87,35.87,34.67,34.84,20421700,2026-03-07T03:45:59Z
QCOM,2009-01-22,23.56,24.03,22.61,22.61,42574573,36.06,36.78,34.6,34.6,27819400,2026-03-07T03:45:59Z
QCOM,2009-01-23,23.9,24.31,23.16,23.2,37019780,36.57,37.21,35.44,35.5,24189800,2026-03-07T03:45:59Z
QCOM,2009-01-26,23.9,24.19,23.43,23.69,34126023,36.58,37.02,35.86,36.26,22298900,2026-03-07T03:45:59Z
QCOM,2009-01-27,23.28,24.06,23.02,23.97,37744238,35.63,36.82,35.23,36.68,24663100,2026-03-07T03:45:59Z
QCOM,2009-01-28,24.06,24.22,23.52,23.58,47195902,36.82,37.07,36,36.08,30839100,2026-03-07T03:45:59Z
QCOM,2009-01-29,22.95,22.99,22.07,22.48,61651389,35.13,35.18,33.77,34.4,40284700,2026-03-07T03:45:59Z
QCOM,2009-01-30,22.58,22.91,22.43,22.77,31820544,34.55,35.06,34.33,34.84,20792400,2026-03-07T03:45:59Z
QCOM,2009-02-02,23.06,23.26,22.1,22.32,28345249,35.29,35.59,33.82,34.16,18521600,2026-03-07T03:45:59Z
QCOM,2009-02-03,22.36,22.91,21.8,22.65,49703885,34.22,35.06,33.37,34.67,32477900,2026-03-07T03:45:59Z
QCOM,2009-02-04,22.11,22.84,22.01,22.41,31204010,33.83,34.95,33.68,34.3,20389600,2026-03-07T03:45:59Z
QCOM,2009-02-05,22.9,23.15,21.6,21.94,46567982,35.04,35.43,33.06,33.57,30428800,2026-03-07T03:45:59Z
QCOM,2009-02-06,23.73,23.93,22.62,23.04,41939595,36.32,36.63,34.62,35.26,27404500,2026-03-07T03:45:59Z
QCOM,2009-02-09,23.95,24.11,23.52,23.68,25792478,36.65,36.9,36,36.24,16853500,2026-03-07T03:45:59Z
QCOM,2009-02-10,22.88,23.95,22.67,23.69,37683178,35.02,36.65,34.69,36.26,24623300,2026-03-07T03:45:59Z
QCOM,2009-02-11,22.62,23.24,22.16,22.73,32846679,34.61,35.56,33.92,34.79,21462900,2026-03-07T03:45:59Z
QCOM,2009-02-12,23.22,23.39,22.3,22.38,39906366,35.54,35.8,34.13,34.25,26075900,2026-03-07T03:45:59Z
QCOM,2009-02-13,23.31,23.77,23.1,23.1,27914181,35.68,36.37,35.35,35.35,18239900,2026-03-07T03:45:59Z
QCOM,2009-02-17,22.69,23.22,22.28,23,34107384,34.72,35.54,34.1,35.2,22286700,2026-03-07T03:45:59Z
QCOM,2009-02-18,22.43,22.99,22.22,22.87,35513550,34.32,35.18,34,35,23205600,2026-03-07T03:45:59Z
QCOM,2009-02-19,22.11,22.93,22.07,22.67,31190281,33.84,35.09,33.78,34.7,20380600,2026-03-07T03:45:59Z
QCOM,2009-02-20,22.26,22.58,21.84,21.9,34802291,34.07,34.56,33.43,33.51,22740800,2026-03-07T03:45:59Z
QCOM,2009-02-23,21.42,22.38,21.35,22.11,31026480,32.78,34.25,32.67,33.83,20273600,2026-03-07T03:45:59Z
QCOM,2009-02-24,22.54,22.68,21.6,21.67,39322676,34.49,34.71,33.06,33.17,25694500,2026-03-07T03:45:59Z
QCOM,2009-02-25,22.27,22.8,21.74,22.38,32066707,33.93,34.73,33.11,34.09,21050900,2026-03-07T03:45:59Z
QCOM,2009-02-26,22.1,23.22,22.04,22.49,37694891,33.66,35.37,33.57,34.26,24745700,2026-03-07T03:45:59Z
QCOM,2009-02-27,21.95,22.46,21.87,21.92,38113206,33.43,34.21,33.32,33.39,25020300,2026-03-07T03:45:59Z
QCOM,2009-03-02,21.53,22.18,21.43,21.62,34917728,32.79,33.78,32.64,32.93,22922600,2026-03-07T03:45:59Z
QCOM,2009-03-03,21.96,22.41,21.61,21.96,37741120,33.45,34.13,32.92,33.45,24776000,2026-03-07T03:45:59Z
QCOM,2009-03-04,22.81,23.15,22.24,22.41,39341860,34.74,35.26,33.88,34.13,25826900,2026-03-07T03:45:59Z
QCOM,2009-03-05,22.73,23.27,22.65,22.68,41587624,34.63,35.45,34.5,34.55,27301200,2026-03-07T03:45:59Z
QCOM,2009-03-06,22.08,23.02,21.45,22.81,50891172,33.63,35.07,32.67,34.74,33408700,2026-03-07T03:45:59Z
QCOM,2009-03-09,21.66,22.7,21.55,21.86,34800682,33,34.58,32.83,33.3,22845700,2026-03-07T03:45:59Z
QCOM,2009-03-10,23.21,23.23,21.91,21.99,50939460,35.36,35.39,33.37,33.5,33440400,2026-03-07T03:45:59Z
QCOM,2009-03-11,23.21,23.46,22.68,23.25,36050101,35.35,35.74,34.55,35.41,23665900,2026-03-07T03:45:59Z
QCOM,2009-03-12,24.15,24.27,23.19,23.27,41593843,36.79,36.97,35.33,35.45,27305300,2026-03-07T03:45:59Z
QCOM,2009-03-13,24.13,24.18,23.58,24.05,26998654,36.75,36.83,35.92,36.63,17723900,2026-03-07T03:45:59Z
QCOM,2009-03-16,23.53,24.26,23.46,24.21,23586796,35.84,36.96,35.74,36.88,15484100,2026-03-07T03:45:59Z
QCOM,2009-03-17,24.49,24.53,23.63,23.83,31065110,37.31,37.36,35.99,36.3,20393400,2026-03-07T03:45:59Z
QCOM,2009-03-18,24.91,25.34,24.11,24.12,40197307,37.95,38.6,36.73,36.74,26388500,2026-03-07T03:45:59Z
QCOM,2009-03-19,24.71,25.13,24.56,24.98,38335533,37.64,38.28,37.41,38.06,25166300,2026-03-07T03:45:59Z
QCOM,2009-03-20,24.33,24.98,24.06,24.72,42626564,37.06,38.05,36.65,37.65,27983200,2026-03-07T03:45:59Z
QCOM,2009-03-23,25.48,25.62,24.62,24.84,34232303,38.82,39.03,37.5,37.84,22472600,2026-03-07T03:45:59Z
QCOM,2009-03-24,24.97,25.33,24.79,25.25,27527523,38.03,38.58,37.76,38.47,18071100,2026-03-07T03:45:59Z
QCOM,2009-03-25,25.27,25.59,24.53,25.03,37193471,38.5,38.98,37.37,38.13,24416500,2026-03-07T03:45:59Z
QCOM,2009-03-26,25.96,26.06,25.41,25.46,36065684,39.54,39.7,38.71,38.78,23676200,2026-03-07T03:45:59Z
QCOM,2009-03-27,25.56,25.88,25.35,25.66,24076350,38.94,39.42,38.61,39.08,15805500,2026-03-07T03:45:59Z
QCOM,2009-03-30,24.86,25.32,24.5,25.03,27804072,37.87,38.57,37.32,38.13,18252600,2026-03-07T03:45:59Z
QCOM,2009-03-31,25.54,26.01,25.1,25.27,42183094,38.91,39.62,38.24,38.49,27692100,2026-03-07T03:45:59Z
QCOM,2009-04-01,26.05,26.1,24.98,25.12,30980039,39.68,39.76,38.06,38.27,20337600,2026-03-07T03:45:59Z
QCOM,2009-04-02,27.12,27.26,26.07,26.23,52550827,41.31,41.53,39.72,39.95,34498200,2026-03-07T03:45:59Z
QCOM,2009-04-03,27.04,27.23,26.67,27.23,27988682,41.19,41.48,40.63,41.48,18373800,2026-03-07T03:45:59Z
QCOM,2009-04-06,26.69,26.7,26.04,26.55,25709961,40.66,40.68,39.67,40.45,16877900,2026-03-07T03:45:59Z
QCOM,2009-04-07,25.84,26.44,25.61,26.3,24395497,39.36,40.27,39.01,40.07,16015000,2026-03-07T03:45:59Z
QCOM,2009-04-08,26.4,26.59,25.95,26.19,25018799,40.22,40.51,39.53,39.89,16424200,2026-03-07T03:45:59Z
QCOM,2009-04-09,27.34,27.57,26.71,26.76,32039857,41.65,42,40.69,40.77,21033300,2026-03-07T03:45:59Z
QCOM,2009-04-13,26.84,27.01,26.6,26.88,19929850,40.88,41.14,40.52,40.94,13083400,2026-03-07T03:45:59Z
QCOM,2009-04-14,26.78,27.02,26.52,26.78,24134120,40.8,41.16,40.39,40.79,15843400,2026-03-07T03:45:59Z
QCOM,2009-04-15,26.85,26.88,26.34,26.47,23522170,40.9,40.95,40.12,40.32,15441700,2026-03-07T03:45:59Z
QCOM,2009-04-16,27.34,27.38,26.75,27.05,29030980,41.64,41.71,40.75,41.21,19058100,2026-03-07T03:45:59Z
QCOM,2009-04-17,26.9,27.41,26.75,27.32,31497674,40.98,41.76,40.74,41.61,20677400,2026-03-07T03:45:59Z
QCOM,2009-04-20,26.02,26.56,25.78,26.33,27445632,39.63,40.46,39.27,40.11,18017300,2026-03-07T03:45:59Z
QCOM,2009-04-21,26.44,26.48,25.79,26.01,27967150,40.27,40.34,39.28,39.62,18359700,2026-03-07T03:45:59Z
QCOM,2009-04-22,26.34,26.98,26.16,26.2,37979317,40.12,41.1,39.85,39.91,24932400,2026-03-07T03:45:59Z
QCOM,2009-04-23,26.74,27.09,26.07,26.99,33972233,40.73,41.26,39.71,41.11,22301900,2026-03-07T03:45:59Z
QCOM,2009-04-24,27.15,27.32,26.27,26.81,28854830,41.36,41.62,40.01,40.84,18942400,2026-03-07T03:45:59Z
QCOM,2009-04-27,28.34,29.27,27.77,27.8,58166772,43.17,44.59,42.3,42.35,38185000,2026-03-07T03:45:59Z
QCOM,2009-04-28,27.73,28.58,27.62,27.98,26744606,42.24,43.53,42.07,42.63,17557100,2026-03-07T03:45:59Z
QCOM,2009-04-29,28.28,28.6,27.57,27.95,27316393,43.08,43.56,42,42.58,17932500,2026-03-07T03:45:59Z
QCOM,2009-04-30,27.78,28.6,27.39,28.45,34629526,42.32,43.56,41.72,43.34,22733400,2026-03-07T03:45:59Z
QCOM,2009-05-01,28.01,28.07,27.24,27.77,21861476,42.66,42.76,41.49,42.31,14351500,2026-03-07T03:45:59Z
QCOM,2009-05-04,28.46,28.85,28.12,28.2,24543435,43.35,43.95,42.83,42.96,16112100,2026-03-07T03:45:59Z
QCOM,2009-05-05,28.55,28.62,28.01,28.54,23832522,43.49,43.59,42.67,43.48,15645400,2026-03-07T03:45:59Z
QCOM,2009-05-06,28.71,29.02,28.11,28.81,25585636,43.73,44.21,42.82,43.89,16796300,2026-03-07T03:45:59Z
QCOM,2009-05-07,27.8,29,27.38,28.72,30453310,42.34,44.18,41.71,43.75,19991800,2026-03-07T03:45:59Z
QCOM,2009-05-08,27.43,28.3,27.12,28.12,29354451,41.79,43.11,41.32,42.83,19270400,2026-03-07T03:45:59Z
QCOM,2009-05-11,27.52,27.91,26.79,27.31,19339067,41.92,42.52,40.81,41.6,12695600,2026-03-07T03:45:59Z
QCOM,2009-05-12,26.87,27.73,26.54,27.54,25586221,40.93,42.24,40.42,41.95,16796700,2026-03-07T03:45:59Z
QCOM,2009-05-13,26.21,26.7,26.16,26.62,29170127,39.92,40.68,39.85,40.55,19149400,2026-03-07T03:45:59Z
QCOM,2009-05-14,26.61,26.82,26.28,26.4,21203116,40.53,40.86,40.03,40.21,13919300,2026-03-07T03:45:59Z
QCOM,2009-05-15,26.73,27.02,26.39,26.49,22806252,40.72,41.16,40.2,40.35,14971700,2026-03-07T03:45:59Z
QCOM,2009-05-18,27.57,27.69,26.87,26.97,24373890,41.99,42.18,40.93,41.08,16000800,2026-03-07T03:45:59Z
QCOM,2009-05-19,27.8,28.07,27.08,27.41,22197840,42.34,42.76,41.25,41.75,14572300,2026-03-07T03:45:59Z
QCOM,2009-05-20,27.95,28.36,27.44,27.95,21478685,42.57,43.2,41.8,42.57,14100200,2026-03-07T03:45:59Z
QCOM,2009-05-21,27.37,27.95,26.91,27.57,25307170,41.69,42.57,40.99,41.99,16613500,2026-03-07T03:45:59Z
QCOM,2009-05-22,27.12,27.63,27.05,27.34,17485715,41.31,42.09,41.2,41.65,11478900,2026-03-07T03:45:59Z
QCOM,2009-05-26,28.42,28.6,26.73,26.74,30783463,43.29,43.56,40.71,40.73,20208500,2026-03-07T03:45:59Z
QCOM,2009-05-27,27.96,28.79,27.81,28.47,32138099,42.43,43.68,42.2,43.2,21181000,2026-03-07T03:45:59Z
QCOM,2009-05-28,28.31,28.47,27.53,28.27,21071927,42.95,43.2,41.77,42.9,13887700,2026-03-07T03:45:59Z
QCOM,2009-05-29,28.73,28.77,27.96,28.54,23981517,43.59,43.65,42.43,43.31,15805300,2026-03-07T03:45:59Z
QCOM,2009-06-01,29.26,29.49,28.61,28.86,26439593,44.4,44.75,43.41,43.79,17425300,2026-03-07T03:45:59Z
QCOM,2009-06-02,28.94,29.33,28.72,28.94,20729926,43.91,44.5,43.58,43.91,13662300,2026-03-07T03:45:59Z
QCOM,2009-06-03,28.72,28.94,28.24,28.74,34887489,43.58,43.91,42.85,43.61,22993000,2026-03-07T03:45:59Z
QCOM,2009-06-04,29.85,29.95,28.77,28.83,31210892,45.29,45.44,43.65,43.75,20569900,2026-03-07T03:45:59Z
QCOM,2009-06-05,29.92,30.11,29.58,30,24585711,45.4,45.69,44.88,45.52,16203500,2026-03-07T03:45:59Z
QCOM,2009-06-08,29.9,30.13,29.26,29.59,19577245,45.37,45.71,44.4,44.9,12902600,2026-03-07T03:45:59Z
QCOM,2009-06-09,30.34,30.53,29.74,30.23,22607601,46.03,46.32,45.13,45.87,14899800,2026-03-07T03:45:59Z
QCOM,2009-06-10,30.36,30.63,29.92,30.45,20772391,46.07,46.47,45.4,46.2,13690300,2026-03-07T03:45:59Z
QCOM,2009-06-11,30.3,30.62,29.61,29.75,38422902,45.98,46.46,44.93,45.14,25323100,2026-03-07T03:45:59Z
QCOM,2009-06-12,30.35,30.57,29.71,30.41,21089671,46.05,46.39,45.08,46.14,13899400,2026-03-07T03:45:59Z
QCOM,2009-06-15,29.2,29.89,28.82,29.86,29925903,44.31,45.35,43.73,45.31,19723000,2026-03-07T03:45:59Z
QCOM,2009-06-16,28.64,29.34,28.64,29.02,27117370,43.45,44.51,43.45,44.04,17872000,2026-03-07T03:45:59Z
QCOM,2009-06-17,29.72,29.89,28.99,29.29,41047282,45.09,45.35,43.99,44.44,27052700,2026-03-07T03:45:59Z
QCOM,2009-06-18,29.84,30.09,29.22,29.67,28649377,45.28,45.66,44.34,45.02,18881700,2026-03-07T03:45:59Z
QCOM,2009-06-19,30.32,30.32,29.76,29.93,33893986,46,46,45.15,45.41,22338200,2026-03-07T03:45:59Z
QCOM,2009-06-22,29.26,30.15,29.17,29.96,30173695,44.4,45.75,44.26,45.46,19886300,2026-03-07T03:45:59Z
QCOM,2009-06-23,29.32,29.51,28.55,29.28,32331371,44.49,44.78,43.32,44.42,21308400,2026-03-07T03:45:59Z
QCOM,2009-06-24,29.84,29.93,29.17,29.43,29926661,45.27,45.42,44.26,44.65,19723500,2026-03-07T03:45:59Z
QCOM,2009-06-25,30.54,30.78,29.63,29.74,28513737,46.34,46.7,44.96,45.13,18792300,2026-03-07T03:45:59Z
QCOM,2009-06-26,30.44,30.8,30.18,30.38,27912067,46.19,46.73,45.79,46.1,18395800,2026-03-07T03:45:59Z
QCOM,2009-06-29,30.38,30.61,29.92,30.26,19076484,46.09,46.44,45.4,45.91,12572600,2026-03-07T03:45:59Z
QCOM,2009-06-30,29.79,30.32,29.66,30.25,25195507,45.2,46,45.01,45.9,16605400,2026-03-07T03:45:59Z
QCOM,2009-07-01,29.76,30.05,29.61,29.9,19250262,45.16,45.59,44.92,45.37,12687100,2026-03-07T03:45:59Z
QCOM,2009-07-02,29.45,29.75,29.14,29.57,19211084,44.68,45.14,44.22,44.86,12661300,2026-03-07T03:45:59Z
QCOM,2009-07-06,29.79,29.88,28.92,29.15,25158939,45.2,45.34,43.88,44.23,16581300,2026-03-07T03:45:59Z
QCOM,2009-07-07,28.79,29.88,28.68,29.79,29485721,43.68,45.33,43.52,45.2,19432900,2026-03-07T03:45:59Z
QCOM,2009-07-08,28.7,28.94,28.38,28.65,25030160,43.55,43.91,43.06,43.47,16496400,2026-03-07T03:45:59Z
QCOM,2009-07-09,28.38,28.84,28.34,28.73,23787603,43.06,43.76,43,43.6,15677500,2026-03-07T03:45:59Z
QCOM,2009-07-10,28.63,28.73,28.21,28.43,15687475,43.44,43.6,42.8,43.13,10339000,2026-03-07T03:45:59Z
QCOM,2009-07-13,29.2,29.21,28.12,28.81,23750908,44.31,44.32,42.67,43.72,15653300,2026-03-07T03:45:59Z
QCOM,2009-07-14,29.43,29.55,28.97,29.17,17252410,44.65,44.83,43.95,44.26,11370400,2026-03-07T03:45:59Z
QCOM,2009-07-15,30.36,30.42,29.49,29.72,29891873,46.06,46.15,44.75,45.09,19700600,2026-03-07T03:45:59Z
QCOM,2009-07-16,30.79,30.87,30.16,30.27,26478216,46.72,46.84,45.76,45.93,17450800,2026-03-07T03:45:59Z
QCOM,2009-07-17,31.24,31.38,30.48,30.9,35134521,47.4,47.61,46.25,46.89,23155800,2026-03-07T03:45:59Z
QCOM,2009-07-20,31,31.3,30.57,31.29,27876877,47.03,47.49,46.39,47.47,18372600,2026-03-07T03:45:59Z
QCOM,2009-07-21,31.62,31.64,30.55,30.99,32822855,47.98,48,46.36,47.02,21632300,2026-03-07T03:45:59Z
QCOM,2009-07-22,31.93,32.11,31.27,31.5,38789590,48.45,48.72,47.45,47.79,25564700,2026-03-07T03:45:59Z
QCOM,2009-07-23,31.24,31.27,30.32,30.54,61776664,47.4,47.45,46,46.34,40714600,2026-03-07T03:45:59Z
QCOM,2009-07-24,31.21,31.37,30.75,31.04,20614894,47.35,47.6,46.66,47.1,13586500,2026-03-07T03:45:59Z
QCOM,2009-07-27,30.63,31.21,30.42,30.96,22992071,46.48,47.35,46.16,46.97,15153200,2026-03-07T03:45:59Z
QCOM,2009-07-28,30.55,30.66,30.28,30.54,22850212,46.36,46.52,45.95,46.34,15059700,2026-03-07T03:45:59Z
QCOM,2009-07-29,30.48,30.65,30.18,30.32,16813146,46.25,46.5,45.8,46.01,11080900,2026-03-07T03:45:59Z
QCOM,2009-07-30,30.66,31.27,30.57,30.78,22784853,46.52,47.45,46.38,46.7,15016600,2026-03-07T03:45:59Z
QCOM,2009-07-31,30.46,30.88,30.34,30.49,20383398,46.21,46.85,46.04,46.26,13433900,2026-03-07T03:45:59Z
QCOM,2009-08-03,30.96,31.08,30.52,30.76,18059781,46.97,47.16,46.31,46.67,11902500,2026-03-07T03:45:59Z
QCOM,2009-08-04,30.52,30.88,30.29,30.85,20091474,46.31,46.85,45.96,46.81,13241500,2026-03-07T03:45:59Z
QCOM,2009-08-05,30.19,30.57,29.86,30.46,19389394,45.81,46.39,45.31,46.22,12778800,2026-03-07T03:45:59Z
QCOM,2009-08-06,30.05,30.3,29.85,30.25,17081867,45.6,45.97,45.29,45.9,11258000,2026-03-07T03:45:59Z
QCOM,2009-08-07,30.3,30.6,30.22,30.36,18145170,45.97,46.43,45.85,46.07,11958800,2026-03-07T03:45:59Z
QCOM,2009-08-10,30.15,30.36,29.97,30.03,15044713,45.74,46.07,45.47,45.57,9915400,2026-03-07T03:45:59Z
QCOM,2009-08-11,29.92,30.41,29.91,30.06,22171371,45.4,46.14,45.38,45.61,14612300,2026-03-07T03:45:59Z
QCOM,2009-08-12,30.56,30.96,29.93,29.93,23602488,46.37,46.97,45.41,45.42,15555500,2026-03-07T03:45:59Z
QCOM,2009-08-13,30.7,30.9,30.38,30.65,16995219,46.58,46.89,46.1,46.51,11200900,2026-03-07T03:45:59Z
QCOM,2009-08-14,30.4,30.66,29.98,30.66,17962213,46.13,46.52,45.49,46.52,11838200,2026-03-07T03:45:59Z
QCOM,2009-08-17,29.62,30.11,29.57,29.97,20811421,44.95,45.69,44.86,45.47,13716000,2026-03-07T03:45:59Z
QCOM,2009-08-18,29.76,29.86,29.42,29.68,21436866,45.15,45.3,44.64,45.04,14128200,2026-03-07T03:45:59Z
QCOM,2009-08-19,30.13,30.24,29.43,29.56,17031638,45.72,45.89,44.66,44.85,11224900,2026-03-07T03:45:59Z
QCOM,2009-08-20,31.04,31.17,30.15,30.18,28704459,47.09,47.3,45.75,45.8,18918000,2026-03-07T03:45:59Z
QCOM,2009-08-21,31.17,31.3,30.73,31.29,31412414,47.29,47.49,46.63,47.47,20702700,2026-03-07T03:45:59Z
QCOM,2009-08-24,31.25,31.3,30.88,30.88,17634625,47.41,47.5,46.86,46.86,11622300,2026-03-07T03:45:59Z
QCOM,2009-08-25,30.97,31.54,30.9,31.15,32607429,46.99,47.85,46.88,47.27,21490300,2026-03-07T03:45:59Z
QCOM,2009-08-26,31.44,31.6,30.93,31.08,21891625,47.53,47.78,46.76,46.99,14480300,2026-03-07T03:45:59Z
QCOM,2009-08-27,31.25,31.46,30.96,31.34,16206569,47.25,47.57,46.8,47.38,10719900,2026-03-07T03:45:59Z
QCOM,2009-08-28,31.23,31.88,31.05,31.57,18113102,47.22,48.2,46.94,47.73,11981000,2026-03-07T03:45:59Z
QCOM,2009-08-31,30.7,31.09,30.42,31.09,23997278,46.42,47,45.99,47,15873100,2026-03-07T03:45:59Z
QCOM,2009-09-01,30,30.9,29.8,30.45,29147243,45.35,46.72,45.05,46.04,19279600,2026-03-07T03:45:59Z
QCOM,2009-09-02,30.04,30.3,29.55,29.77,21745232,45.42,45.81,44.68,45,14383500,2026-03-07T03:45:59Z
QCOM,2009-09-03,29.78,29.96,29.19,29.9,47403684,45.02,45.3,44.13,45.2,31355400,2026-03-07T03:45:59Z
QCOM,2009-09-04,30.24,30.41,29.6,29.79,22201527,45.72,45.97,44.75,45.03,14685300,2026-03-07T03:45:59Z
QCOM,2009-09-08,30.44,30.45,30.1,30.36,23248943,46.02,46.04,45.51,45.9,15378100,2026-03-07T03:45:59Z
QCOM,2009-09-09,30.57,30.78,29.9,30.27,33642557,46.22,46.54,45.21,45.77,22253000,2026-03-07T03:45:59Z
QCOM,2009-09-10,30.86,30.92,30.35,30.52,21573183,46.65,46.75,45.89,46.14,14269700,2026-03-07T03:45:59Z
QCOM,2009-09-11,30.83,30.9,30.37,30.86,15823156,46.61,46.71,45.92,46.65,10466300,2026-03-07T03:45:59Z
QCOM,2009-09-14,30.58,30.74,30.3,30.53,18121300,46.23,46.48,45.8,46.16,11986400,2026-03-07T03:45:59Z
QCOM,2009-09-15,30.26,30.51,30.19,30.43,23312217,45.75,46.13,45.64,46,15420000,2026-03-07T03:45:59Z
QCOM,2009-09-16,30.24,30.38,29.73,30.32,31392619,45.71,45.93,44.94,45.84,20764800,2026-03-07T03:45:59Z
QCOM,2009-09-17,29.78,30.2,29.68,30.1,26520931,45.02,45.65,44.87,45.5,17542400,2026-03-07T03:45:59Z
QCOM,2009-09-18,29.41,30.02,29.1,30,46675871,44.46,45.39,44,45.35,30874000,2026-03-07T03:45:59Z
QCOM,2009-09-21,29.68,29.76,29.11,29.16,22097333,44.87,44.99,44.01,44.08,14616400,2026-03-07T03:45:59Z
QCOM,2009-09-22,29.49,29.76,29.32,29.76,22275572,44.59,44.99,44.33,44.99,14734300,2026-03-07T03:45:59Z
QCOM,2009-09-23,29.26,29.71,29.22,29.5,27027285,44.23,44.91,44.18,44.6,17877300,2026-03-07T03:45:59Z
QCOM,2009-09-24,29.54,29.67,29.22,29.38,28737990,44.66,44.86,44.18,44.42,19008900,2026-03-07T03:45:59Z
QCOM,2009-09-25,29.57,29.85,29.3,29.41,29467046,44.7,45.13,44.3,44.47,19491100,2026-03-07T03:45:59Z
QCOM,2009-09-28,30.41,30.66,29.78,29.86,27964247,45.97,46.35,45.02,45.14,18497100,2026-03-07T03:45:59Z
QCOM,2009-09-29,30.1,30.45,29.93,30.38,23899132,45.5,46.03,45.25,45.93,15808200,2026-03-07T03:45:59Z
QCOM,2009-09-30,29.75,30.31,29.44,30.24,30635389,44.98,45.83,44.51,45.72,20263900,2026-03-07T03:45:59Z
QCOM,2009-10-01,28.24,29.53,28.11,29.51,48315808,42.7,44.64,42.5,44.61,31958700,2026-03-07T03:45:59Z
QCOM,2009-10-02,27.41,28.19,27.27,28.03,52480504,41.44,42.62,41.22,42.38,34713500,2026-03-07T03:45:59Z
QCOM,2009-10-05,27.74,27.97,27.34,27.52,26906614,41.94,42.29,41.34,41.6,17797500,2026-03-07T03:45:59Z
QCOM,2009-10-06,28.19,28.71,27.92,27.97,37160214,42.62,43.4,42.21,42.28,24579800,2026-03-07T03:45:59Z
QCOM,2009-10-07,27.9,28.22,27.79,28.06,23177064,42.18,42.66,42.02,42.42,15330600,2026-03-07T03:45:59Z
QCOM,2009-10-08,27.42,28.23,27.36,28.23,36930419,41.45,42.68,41.37,42.68,24427800,2026-03-07T03:45:59Z
QCOM,2009-10-09,27.58,27.63,26.79,27.42,52310992,41.7,41.77,40.5,41.46,34601400,2026-03-07T03:45:59Z
QCOM,2009-10-12,27.48,27.79,27.25,27.6,20760474,41.54,42.01,41.19,41.73,13732100,2026-03-07T03:45:59Z
QCOM,2009-10-13,27.31,27.68,27.17,27.54,23353345,41.29,41.84,41.08,41.63,15447200,2026-03-07T03:45:59Z
QCOM,2009-10-14,27.93,28.02,27.52,27.68,34828878,42.23,42.36,41.61,41.84,23037700,2026-03-07T03:45:59Z
QCOM,2009-10-15,28.08,28.1,27.7,27.85,24013395,42.45,42.48,41.88,42.11,15883800,2026-03-07T03:45:59Z
QCOM,2009-10-16,27.75,28.15,27.33,28.1,34388191,41.96,42.56,41.32,42.48,22746200,2026-03-07T03:45:59Z
QCOM,2009-10-19,27.82,28.01,27.49,27.77,19845490,42.06,42.34,41.56,41.99,13126900,2026-03-07T03:45:59Z
QCOM,2009-10-20,27.32,27.75,27.19,27.67,26341633,41.31,41.95,41.1,41.83,17423800,2026-03-07T03:45:59Z
QCOM,2009-10-21,27.39,27.75,27.29,27.29,26574948,41.41,41.95,41.26,41.26,17578100,2026-03-07T03:45:59Z
QCOM,2009-10-22,27.17,27.28,26.56,26.94,38328495,41.08,41.24,40.15,40.73,25352600,2026-03-07T03:45:59Z
QCOM,2009-10-23,26.92,27.19,26.81,26.99,24746220,40.7,41.11,40.53,40.8,16368500,2026-03-07T03:45:59Z
QCOM,2009-10-26,26.91,27.42,26.7,26.83,25815653,40.68,41.46,40.37,40.56,17075900,2026-03-07T03:45:59Z
QCOM,2009-10-27,27.12,27.33,26.91,26.99,22809610,41,41.32,40.69,40.81,15087500,2026-03-07T03:45:59Z
QCOM,2009-10-28,27.54,27.77,27.12,27.17,34169788,41.63,41.98,41,41.08,22601800,2026-03-07T03:45:59Z
QCOM,2009-10-29,27.96,28.14,27.7,27.78,30804517,42.27,42.55,41.87,42,20375800,2026-03-07T03:45:59Z
QCOM,2009-10-30,27.34,28.5,27.33,28.2,32273439,41.33,43.08,41.32,42.63,21347400,2026-03-07T03:45:59Z
QCOM,2009-11-02,27.66,27.78,27.17,27.35,22161022,41.81,42,41.08,41.35,14658500,2026-03-07T03:45:59Z
QCOM,2009-11-03,27.93,27.97,27.44,27.6,28368703,42.22,42.29,41.49,41.73,18764600,2026-03-07T03:45:59Z
QCOM,2009-11-04,27.52,28.26,27.46,28.05,36629434,41.6,42.73,41.51,42.41,24228700,2026-03-07T03:45:59Z
QCOM,2009-11-05,29,29.02,28.39,28.48,55240038,43.85,43.88,42.92,43.05,36538800,2026-03-07T03:45:59Z
QCOM,2009-11-06,29.04,29.08,28.71,28.79,24179400,43.9,43.97,43.4,43.52,15993600,2026-03-07T03:45:59Z
QCOM,2009-11-09,29.6,29.77,29.2,29.26,26950899,44.75,45,44.15,44.24,17826800,2026-03-07T03:45:59Z
QCOM,2009-11-10,29.34,29.6,29.3,29.54,18919822,44.35,44.75,44.29,44.66,12514600,2026-03-07T03:45:59Z
QCOM,2009-11-11,29.54,29.6,29.34,29.35,23718605,44.66,44.75,44.35,44.37,15688800,2026-03-07T03:45:59Z
QCOM,2009-11-12,29.67,29.89,29.45,29.57,21521080,44.85,45.19,44.52,44.7,14235200,2026-03-07T03:45:59Z
