ticker,tradeDate,clsPx,hiPx,loPx,open,stockVolume,unadjClsPx,unadjHiPx,unadjLoPx,unadjOpen,unadjStockVolume,updatedAt
RTX,2006-01-03,21,21.05,20.6,20.97,10005025,56.53,56.66,55.46,56.45,3716500,2026-02-24T03:46:04Z
RTX,2006-01-04,20.87,21.1,20.74,21.1,8384405,56.19,56.8,55.84,56.8,3114500,2026-02-24T03:46:04Z
RTX,2006-01-05,20.79,20.98,20.66,20.91,8396271,55.98,56.49,55.63,56.3,3118900,2026-02-24T03:46:04Z
RTX,2006-01-06,20.86,21.05,20.84,20.97,7737795,56.16,56.67,56.1,56.45,2874300,2026-02-24T03:46:04Z
RTX,2006-01-09,21.1,21.14,20.86,20.94,6641838,56.8,56.9,56.16,56.37,2467200,2026-02-24T03:46:04Z
RTX,2006-01-10,21.11,21.18,20.82,20.96,9899525,56.84,57.02,56.05,56.44,3677300,2026-02-24T03:46:04Z
RTX,2006-01-11,20.79,21.09,20.65,21.06,8509606,55.98,56.77,55.59,56.7,3161000,2026-02-24T03:46:04Z
RTX,2006-01-12,20.6,20.77,20.48,20.71,10836372,55.46,55.92,55.12,55.75,4025300,2026-02-24T03:46:04Z
RTX,2006-01-13,20.68,20.78,20.64,20.64,5751865,55.66,55.95,55.55,55.55,2136600,2026-02-24T03:46:04Z
RTX,2006-01-17,20.79,20.98,20.73,20.75,8325471,55.98,56.48,55.82,55.85,3092600,2026-02-24T03:46:04Z
RTX,2006-01-18,20.67,21,20.57,20.86,6930443,55.64,56.53,55.39,56.15,2574400,2026-02-24T03:46:04Z
RTX,2006-01-19,20.79,20.92,20.54,20.67,7054817,55.98,56.31,55.28,55.65,2620600,2026-02-24T03:46:04Z
RTX,2006-01-20,20.43,20.82,20.32,20.79,11825399,55.01,56.06,54.7,55.98,4392700,2026-02-24T03:46:04Z
RTX,2006-01-23,20.23,20.46,20.13,20.43,8717956,54.47,55.08,54.2,55.01,3238400,2026-02-24T03:46:04Z
RTX,2006-01-24,20.97,21.07,20.49,20.71,18321662,56.45,56.73,55.15,55.76,6805800,2026-02-24T03:46:04Z
RTX,2006-01-25,21.17,21.17,20.96,20.97,17459324,57,57,56.43,56.45,6485500,2026-02-24T03:46:04Z
RTX,2006-01-26,21.37,21.38,20.98,21.35,17971143,57.52,57.55,56.48,57.47,6675600,2026-02-24T03:46:04Z
RTX,2006-01-27,21.82,22.04,21.4,21.63,16917411,58.75,59.34,57.6,58.24,6284200,2026-02-24T03:46:04Z
RTX,2006-01-30,21.68,21.84,21.49,21.75,12538254,58.36,58.8,57.86,58.54,4657500,2026-02-24T03:46:04Z
RTX,2006-01-31,21.68,21.91,21.54,21.55,10717894,58.37,58.98,57.98,58,3981300,2026-02-24T03:46:04Z
RTX,2006-02-01,21.54,21.86,21.4,21.59,12445150,58,58.84,57.6,58.12,4622900,2026-02-24T03:46:04Z
RTX,2006-02-02,21.45,21.69,21.41,21.62,9876079,57.75,58.4,57.63,58.2,3668600,2026-02-24T03:46:04Z
RTX,2006-02-03,21.24,21.54,21.17,21.46,13162037,57.18,57.98,57,57.76,4889200,2026-02-24T03:46:04Z
RTX,2006-02-06,21.21,21.31,21.12,21.3,9753601,57.09,57.36,56.86,57.35,3623100,2026-02-24T03:46:04Z
RTX,2006-02-07,21.13,21.25,21.08,21.25,8920409,56.89,57.22,56.75,57.21,3313600,2026-02-24T03:46:04Z
RTX,2006-02-08,21.07,21.18,20.99,21.09,7486367,56.72,57.01,56.51,56.79,2780900,2026-02-24T03:46:04Z
RTX,2006-02-09,21.07,21.21,20.88,21.11,8003775,56.71,57.09,56.2,56.84,2973100,2026-02-24T03:46:04Z
RTX,2006-02-10,21.22,21.34,20.98,21.15,7857568,57.13,57.46,56.47,56.93,2918800,2026-02-24T03:46:04Z
RTX,2006-02-13,21.3,21.34,21.13,21.23,6793133,57.34,57.46,56.89,57.15,2523400,2026-02-24T03:46:04Z
RTX,2006-02-14,21.59,21.68,21.23,21.3,7229000,58.13,58.35,57.16,57.34,2685300,2026-02-24T03:46:04Z
RTX,2006-02-15,21.68,21.77,21.5,21.6,6393571,58.13,58.39,57.65,57.92,2384000,2026-02-24T03:46:04Z
RTX,2006-02-16,21.7,21.75,21.57,21.66,7022471,58.2,58.33,57.84,58.1,2618500,2026-02-24T03:46:04Z
RTX,2006-02-17,21.63,21.78,21.5,21.74,8717152,58,58.42,57.66,58.3,3250400,2026-02-24T03:46:04Z
RTX,2006-02-21,21.94,21.98,21.65,21.72,8550876,58.83,58.94,58.07,58.25,3188400,2026-02-24T03:46:04Z
RTX,2006-02-22,21.95,22,21.82,21.98,9304500,58.88,58.99,58.53,58.94,3469400,2026-02-24T03:46:04Z
RTX,2006-02-23,21.83,21.98,21.81,21.95,6147916,58.55,58.95,58.5,58.88,2292400,2026-02-24T03:46:04Z
RTX,2006-02-24,21.96,22.05,21.65,21.76,6639232,58.89,59.15,58.07,58.35,2475600,2026-02-24T03:46:04Z
RTX,2006-02-27,21.91,22.11,21.91,21.95,8708301,58.76,59.3,58.76,58.88,3247100,2026-02-24T03:46:04Z
RTX,2006-02-28,21.81,22.05,21.7,21.89,9471850,58.5,59.15,58.19,58.7,3531800,2026-02-24T03:46:04Z
RTX,2006-03-01,21.89,22.03,21.78,21.81,9147334,58.7,59.09,58.41,58.5,3410800,2026-02-24T03:46:04Z
RTX,2006-03-02,21.73,21.93,21.63,21.81,8847775,58.29,58.82,58.02,58.5,3299100,2026-02-24T03:46:04Z
RTX,2006-03-03,21.57,21.88,21.49,21.6,9276052,57.86,58.67,57.64,57.92,3458800,2026-02-24T03:46:04Z
RTX,2006-03-06,21.52,21.61,21.4,21.59,8840245,57.72,57.95,57.4,57.9,3296300,2026-02-24T03:46:04Z
RTX,2006-03-07,21.53,21.79,21.35,21.5,8159315,57.75,58.44,57.26,57.65,3042400,2026-02-24T03:46:04Z
RTX,2006-03-08,21.57,21.66,21.38,21.59,6319035,57.84,58.08,57.34,57.9,2356200,2026-02-24T03:46:04Z
RTX,2006-03-09,21.4,21.52,21.31,21.45,8441979,57.4,57.7,57.14,57.53,3147800,2026-02-24T03:46:04Z
RTX,2006-03-10,21.56,21.71,21.28,21.29,7792703,57.82,58.22,57.06,57.1,2905700,2026-02-24T03:46:04Z
RTX,2006-03-13,21.63,21.73,21.57,21.61,6172325,58,58.29,57.86,57.95,2301500,2026-02-24T03:46:04Z
RTX,2006-03-14,21.74,21.8,21.6,21.64,6226229,58.31,58.46,57.92,58.05,2321600,2026-02-24T03:46:04Z
RTX,2006-03-15,21.6,21.72,21.46,21.65,11035359,57.93,58.25,57.55,58.06,4114800,2026-02-24T03:46:04Z
RTX,2006-03-16,21.71,21.87,21.48,21.56,8337923,58.23,58.66,57.61,57.83,3109000,2026-02-24T03:46:04Z
RTX,2006-03-17,21.93,22.06,21.81,21.88,12857969,58.8,59.17,58.5,58.68,4794400,2026-02-24T03:46:04Z
RTX,2006-03-20,21.89,21.96,21.81,21.87,7067542,58.7,58.9,58.49,58.65,2635300,2026-02-24T03:46:04Z
RTX,2006-03-21,21.79,21.96,21.72,21.78,8096826,58.44,58.9,58.26,58.4,3019100,2026-02-24T03:46:04Z
RTX,2006-03-22,22.05,22.11,21.83,21.83,6237754,59.13,59.31,58.55,58.55,2325900,2026-02-24T03:46:04Z
RTX,2006-03-23,21.91,22.09,21.74,22.09,5618510,58.75,59.24,58.31,59.23,2095000,2026-02-24T03:46:04Z
RTX,2006-03-24,22.1,22.35,22,22.04,7350203,59.28,59.94,58.99,59.1,2740700,2026-02-24T03:46:04Z
RTX,2006-03-27,22.08,22.16,21.93,22.06,6452856,59.22,59.42,58.8,59.16,2406100,2026-02-24T03:46:04Z
RTX,2006-03-28,21.73,22.28,21.66,22.13,8838645,58.28,59.75,58.1,59.35,3295700,2026-02-24T03:46:04Z
RTX,2006-03-29,21.74,22.05,21.64,21.94,8860630,58.31,59.15,58.05,58.85,3303900,2026-02-24T03:46:04Z
RTX,2006-03-30,21.63,21.86,21.53,21.71,7700475,58.02,58.64,57.73,58.23,2871300,2026-02-24T03:46:04Z
RTX,2006-03-31,21.62,21.74,21.54,21.6,8206261,57.97,58.31,57.77,57.93,3059900,2026-02-24T03:46:04Z
RTX,2006-04-03,21.69,21.95,21.64,21.66,6002300,58.18,58.88,58.03,58.08,2238100,2026-02-24T03:46:04Z
RTX,2006-04-04,21.68,21.84,21.46,21.6,5910851,58.15,58.58,57.56,57.93,2204000,2026-02-24T03:46:04Z
RTX,2006-04-05,21.71,21.84,21.63,21.63,6049486,58.23,58.58,58,58,2255700,2026-02-24T03:46:04Z
RTX,2006-04-06,21.71,21.78,21.48,21.62,5500507,58.23,58.41,57.62,57.98,2051000,2026-02-24T03:46:04Z
RTX,2006-04-07,21.48,21.91,21.38,21.77,9208202,57.62,58.77,57.35,58.38,3433500,2026-02-24T03:46:04Z
RTX,2006-04-10,21.51,21.7,21.47,21.58,5705403,57.68,58.2,57.57,57.87,2127400,2026-02-24T03:46:04Z
RTX,2006-04-11,21.41,21.7,21.3,21.64,7359051,57.41,58.2,57.12,58.05,2744000,2026-02-24T03:46:04Z
RTX,2006-04-12,21.42,21.52,21.28,21.46,6269403,57.44,57.7,57.07,57.56,2337700,2026-02-24T03:46:04Z
RTX,2006-04-13,21.31,21.4,21.1,21.11,10415854,57.14,57.4,56.58,56.62,3883800,2026-02-24T03:46:04Z
RTX,2006-04-17,21.44,21.52,21.2,21.25,6598490,57.5,57.71,56.87,57,2460400,2026-02-24T03:46:04Z
RTX,2006-04-18,21.96,22.02,21.27,21.53,16357536,58.9,59.05,57.05,57.75,6099300,2026-02-24T03:46:04Z
RTX,2006-04-19,23.42,23.52,22.78,22.86,33316961,62.8,63.08,61.1,61.3,12423000,2026-02-24T03:46:04Z
RTX,2006-04-20,23.94,23.96,23.51,23.6,21450441,64.21,64.27,63.04,63.29,7998300,2026-02-24T03:46:04Z
RTX,2006-04-21,23.95,24.22,23.81,24.22,13776482,64.22,64.95,63.85,64.95,5136900,2026-02-24T03:46:04Z
RTX,2006-04-24,24.06,24.16,23.77,23.79,9362931,64.53,64.8,63.75,63.79,3491200,2026-02-24T03:46:04Z
RTX,2006-04-25,23.92,24.11,23.77,24.09,11202155,64.15,64.66,63.76,64.6,4177000,2026-02-24T03:46:04Z
RTX,2006-04-26,23.94,24.02,23.79,23.92,9615862,64.21,64.42,63.8,64.16,3585500,2026-02-24T03:46:04Z
RTX,2006-04-27,23.83,23.97,23.61,23.61,10779798,63.9,64.28,63.31,63.31,4019500,2026-02-24T03:46:04Z
RTX,2006-04-28,23.42,23.96,23.34,23.92,18080406,62.81,64.25,62.6,64.15,6741700,2026-02-24T03:46:04Z
RTX,2006-05-01,23.46,23.51,23.3,23.49,9983546,62.93,63.05,62.5,63,3722600,2026-02-24T03:46:04Z
RTX,2006-05-02,23.7,23.7,23.34,23.55,6891351,63.56,63.57,62.6,63.15,2569600,2026-02-24T03:46:04Z
RTX,2006-05-03,23.63,23.81,23.46,23.81,5974665,63.36,63.85,62.91,63.85,2227800,2026-02-24T03:46:04Z
RTX,2006-05-04,23.78,23.86,23.62,23.76,7437352,63.77,64,63.36,63.73,2773200,2026-02-24T03:46:04Z
RTX,2006-05-05,24.2,24.24,23.87,23.98,8309495,64.91,65,64.01,64.3,3098400,2026-02-24T03:46:04Z
RTX,2006-05-08,24.2,24.39,24.1,24.24,10928089,64.89,65.4,64.64,65,4074800,2026-02-24T03:46:04Z
RTX,2006-05-09,24.26,24.41,24.13,24.22,8612031,65.07,65.45,64.72,64.95,3211200,2026-02-24T03:46:04Z
RTX,2006-05-10,24.67,24.74,24.29,24.31,14190611,66.15,66.35,65.14,65.2,5291300,2026-02-24T03:46:04Z
RTX,2006-05-11,24.54,24.75,24.48,24.62,11829727,65.82,66.39,65.64,66.03,4411000,2026-02-24T03:46:04Z
RTX,2006-05-12,24.2,24.42,24.12,24.42,19318614,64.9,65.49,64.7,65.49,7203400,2026-02-24T03:46:04Z
RTX,2006-05-15,24.15,24.39,23.82,24.22,12982927,64.78,65.41,63.88,64.95,4841000,2026-02-24T03:46:04Z
RTX,2006-05-16,24.31,24.4,24.22,24.27,13589561,65.19,65.43,64.95,65.1,5067200,2026-02-24T03:46:04Z
RTX,2006-05-17,23.87,24.31,23.59,24.28,12649456,63.75,64.93,63.01,64.85,4735900,2026-02-24T03:46:04Z
RTX,2006-05-18,23.46,24,23.41,23.79,9091169,62.66,64.11,62.54,63.55,3403700,2026-02-24T03:46:04Z
RTX,2006-05-19,23.47,23.62,23.24,23.58,10832674,62.7,63.1,62.08,62.97,4055700,2026-02-24T03:46:04Z
RTX,2006-05-22,23.56,23.73,23.27,23.48,8137659,62.94,63.38,62.15,62.7,3046700,2026-02-24T03:46:04Z
RTX,2006-05-23,23.4,23.72,23.4,23.58,9482752,62.49,63.35,62.49,62.98,3550300,2026-02-24T03:46:04Z
RTX,2006-05-24,23.23,23.59,23.12,23.45,12693797,62.06,63,61.75,62.62,4752500,2026-02-24T03:46:04Z
RTX,2006-05-25,23.36,23.48,23.12,23.36,7365460,62.39,62.7,61.75,62.39,2757600,2026-02-24T03:46:04Z
RTX,2006-05-26,23.44,23.57,23.32,23.48,6313373,62.6,62.95,62.28,62.7,2363700,2026-02-24T03:46:04Z
RTX,2006-05-30,23.38,23.62,23.24,23.46,9039897,62.44,63.1,62.07,62.65,3384500,2026-02-24T03:46:04Z
RTX,2006-05-31,23.41,23.61,23.3,23.49,11378307,62.52,63.06,62.23,62.74,4260000,2026-02-24T03:46:04Z
RTX,2006-06-01,23.66,23.77,23.47,23.53,8233529,63.2,63.49,62.69,62.85,3082600,2026-02-24T03:46:04Z
RTX,2006-06-02,23.6,23.75,23.4,23.66,9201505,63.03,63.44,62.5,63.2,3445000,2026-02-24T03:46:04Z
RTX,2006-06-05,23.01,23.59,22.95,23.41,9938691,61.45,63,61.3,62.53,3721000,2026-02-24T03:46:04Z
RTX,2006-06-06,22.48,23.14,22.32,22.94,20318022,60.05,61.8,59.61,61.26,7607000,2026-02-24T03:46:04Z
RTX,2006-06-07,22.47,22.89,22.39,22.8,12551164,60.02,61.14,59.8,60.89,4699100,2026-02-24T03:46:04Z
RTX,2006-06-08,22.58,22.65,22.03,22.51,15883455,60.31,60.49,58.85,60.13,5946700,2026-02-24T03:46:04Z
RTX,2006-06-09,22.48,22.71,22.46,22.54,10458159,60.05,60.67,60,60.2,3915500,2026-02-24T03:46:04Z
RTX,2006-06-12,22.32,22.71,22.29,22.54,10019319,59.62,60.66,59.53,60.2,3751200,2026-02-24T03:46:04Z
RTX,2006-06-13,22.26,22.56,22.11,22.19,11600270,59.45,60.25,59.05,59.28,4343100,2026-02-24T03:46:04Z
RTX,2006-06-14,22.32,22.41,22.05,22.2,9750086,59.62,59.87,58.9,59.3,3650400,2026-02-24T03:46:04Z
RTX,2006-06-15,22.77,22.83,22.2,22.28,12136088,60.81,60.99,59.3,59.5,4543700,2026-02-24T03:46:04Z
RTX,2006-06-16,23.12,23.25,22.73,22.8,16026589,61.75,62.11,60.7,60.9,6000300,2026-02-24T03:46:04Z
RTX,2006-06-19,22.8,23.13,22.56,23.1,7855324,60.9,61.77,60.26,61.7,2941000,2026-02-24T03:46:04Z
RTX,2006-06-20,22.83,22.93,22.65,22.91,5975214,60.98,61.25,60.5,61.19,2237100,2026-02-24T03:46:04Z
RTX,2006-06-21,23.02,23.22,22.69,22.73,9051118,61.49,62.03,60.61,60.7,3388700,2026-02-24T03:46:04Z
RTX,2006-06-22,23.17,23.27,22.8,22.94,7269570,61.89,62.16,60.9,61.27,2721700,2026-02-24T03:46:04Z
RTX,2006-06-23,23.32,23.48,22.96,23.04,8236735,62.28,62.71,61.32,61.53,3083800,2026-02-24T03:46:04Z
RTX,2006-06-26,23.3,23.4,23.13,23.28,6178224,62.24,62.5,61.78,62.19,2313100,2026-02-24T03:46:04Z
RTX,2006-06-27,22.99,23.37,22.96,22.96,6742866,61.4,62.41,61.34,61.34,2524500,2026-02-24T03:46:04Z
RTX,2006-06-28,22.96,23.06,22.69,22.95,5534516,61.33,61.6,60.6,61.3,2072100,2026-02-24T03:46:04Z
RTX,2006-06-29,23.7,23.79,23.02,23.02,10056196,63.29,63.54,61.5,61.5,3765000,2026-02-24T03:46:04Z
RTX,2006-06-30,23.74,23.8,23.54,23.7,9918631,63.42,63.58,62.86,63.29,3713500,2026-02-24T03:46:04Z
RTX,2006-07-03,23.96,23.97,23.8,23.96,4639203,63.99,64.02,63.58,64,1736900,2026-02-24T03:46:04Z
RTX,2006-07-05,23.91,23.99,23.72,23.96,9064456,63.85,64.08,63.36,63.99,3393700,2026-02-24T03:46:04Z
RTX,2006-07-06,23.91,24.22,23.81,23.98,7411663,63.85,64.68,63.59,64.05,2774900,2026-02-24T03:46:04Z
RTX,2006-07-07,23.62,23.91,23.4,23.87,7692110,63.1,63.85,62.5,63.75,2879900,2026-02-24T03:46:04Z
RTX,2006-07-10,23.54,23.76,23.46,23.7,5710808,62.87,63.47,62.67,63.3,2138100,2026-02-24T03:46:04Z
RTX,2006-07-11,23.9,24,23.45,23.59,7717506,63.84,64.1,62.64,63,2889400,2026-02-24T03:46:04Z
RTX,2006-07-12,23.68,24.1,23.56,24.02,8734327,63.24,64.38,62.93,64.15,3270100,2026-02-24T03:46:04Z
RTX,2006-07-13,23,23.71,22.98,23.69,11096831,61.43,63.33,61.39,63.27,4154600,2026-02-24T03:46:04Z
RTX,2006-07-14,22.02,23.01,21.83,23,20311428,58.81,61.47,58.3,61.44,7604500,2026-02-24T03:46:04Z
RTX,2006-07-17,21.7,22.33,21.51,22.09,19051214,57.96,59.65,57.45,59.01,7132700,2026-02-24T03:46:04Z
RTX,2006-07-18,22.04,22.39,21.8,22.22,26367072,58.88,59.79,58.22,59.36,9871700,2026-02-24T03:46:04Z
RTX,2006-07-19,22.86,23.01,22.09,22.22,22237379,61.07,61.45,59.01,59.35,8325600,2026-02-24T03:46:04Z
RTX,2006-07-20,22.56,23.24,22.56,23.19,16738459,60.25,62.07,60.25,61.95,6266800,2026-02-24T03:46:04Z
RTX,2006-07-21,22.45,22.58,22.16,22.58,14780849,59.96,60.31,59.18,60.3,5533900,2026-02-24T03:46:04Z
RTX,2006-07-24,23.01,23.07,22.49,22.52,14243234,61.45,61.62,60.07,60.16,5332600,2026-02-24T03:46:04Z
RTX,2006-07-25,23.22,23.3,22.82,22.89,11814496,62.03,62.24,60.96,61.15,4423300,2026-02-24T03:46:04Z
RTX,2006-07-26,23.13,23.29,22.91,23.23,11103509,61.77,62.2,61.2,62.04,4157100,2026-02-24T03:46:04Z
RTX,2006-07-27,23.07,23.4,22.99,23.3,11190039,61.63,62.5,61.4,62.22,4189500,2026-02-24T03:46:04Z
RTX,2006-07-28,23.27,23.39,23.14,23.14,9394876,62.15,62.47,61.8,61.8,3517400,2026-02-24T03:46:04Z
RTX,2006-07-31,23.28,23.34,23.12,23.16,6163261,62.19,62.33,61.75,61.85,2307500,2026-02-24T03:46:04Z
RTX,2006-08-01,23.09,23.4,23,23.28,9774434,61.68,62.5,61.43,62.19,3659500,2026-02-24T03:46:04Z
RTX,2006-08-02,23.32,23.41,23.12,23.25,6611996,62.29,62.52,61.75,62.09,2475500,2026-02-24T03:46:04Z
RTX,2006-08-03,23.49,23.67,23.12,23.31,11249870,62.74,63.21,61.75,62.25,4211900,2026-02-24T03:46:04Z
RTX,2006-08-04,23.43,23.74,23.13,23.68,7200125,62.57,63.4,61.78,63.24,2695700,2026-02-24T03:46:04Z
RTX,2006-08-07,23.62,23.68,23.32,23.48,8321942,63.09,63.24,62.28,62.71,3115700,2026-02-24T03:46:04Z
RTX,2006-08-08,23.17,23.65,23.03,23.62,9290178,61.88,63.17,61.51,63.09,3478200,2026-02-24T03:46:04Z
RTX,2006-08-09,22.58,23.42,22.51,23.33,13606988,60.31,62.55,60.13,62.32,5094400,2026-02-24T03:46:04Z
RTX,2006-08-10,22.63,22.72,22.28,22.47,10359363,60.45,60.68,59.5,60.01,3878500,2026-02-24T03:46:04Z
RTX,2006-08-11,22.52,22.64,22.3,22.5,5320034,60.15,60.46,59.56,60.11,1991800,2026-02-24T03:46:04Z
RTX,2006-08-14,22.64,22.97,22.59,22.79,6655790,60.47,61.36,60.35,60.88,2491900,2026-02-24T03:46:04Z
RTX,2006-08-15,22.85,23.04,22.74,22.87,5461326,61.03,61.55,60.75,61.08,2044700,2026-02-24T03:46:04Z
RTX,2006-08-16,23.38,23.5,22.94,23.03,7002665,62.17,62.49,61,61.25,2633200,2026-02-24T03:46:04Z
RTX,2006-08-17,23.3,23.42,23.15,23.23,6312547,61.95,62.29,61.57,61.79,2373700,2026-02-24T03:46:04Z
RTX,2006-08-18,23.25,23.46,23.14,23.44,6786724,61.84,62.4,61.53,62.34,2552000,2026-02-24T03:46:04Z
RTX,2006-08-21,23.11,23.16,22.92,23.12,4963723,61.46,61.59,60.96,61.48,1866500,2026-02-24T03:46:04Z
RTX,2006-08-22,22.9,23.2,22.79,23.07,5781484,60.9,61.69,60.6,61.36,2174000,2026-02-24T03:46:04Z
RTX,2006-08-23,22.85,23.04,22.71,22.81,4998544,60.77,61.26,60.39,60.66,1879600,2026-02-24T03:46:04Z
RTX,2006-08-24,22.93,23.04,22.85,22.9,6087298,60.99,61.26,60.77,60.91,2289000,2026-02-24T03:46:04Z
RTX,2006-08-25,22.81,22.93,22.57,22.75,4637687,60.67,60.99,60.01,60.5,1743900,2026-02-24T03:46:04Z
RTX,2006-08-28,23.14,23.24,22.7,22.72,6863587,61.53,61.8,60.38,60.43,2580900,2026-02-24T03:46:04Z
RTX,2006-08-29,23.38,23.47,22.93,23.05,9051977,62.17,62.42,60.97,61.3,3403800,2026-02-24T03:46:04Z
RTX,2006-08-30,23.42,23.6,23.21,23.28,6200331,62.27,62.75,61.72,61.9,2331500,2026-02-24T03:46:04Z
RTX,2006-08-31,23.58,23.68,23.32,23.37,7427090,62.71,62.97,62.01,62.16,2792800,2026-02-24T03:46:04Z
RTX,2006-09-01,23.79,23.87,23.57,23.69,7436150,63.26,63.48,62.69,63,2796200,2026-02-24T03:46:04Z
RTX,2006-09-05,23.96,24.02,23.51,23.6,8191408,63.72,63.89,62.52,62.75,3080200,2026-02-24T03:46:04Z
RTX,2006-09-06,23.81,23.96,23.69,23.92,10711671,63.33,63.71,63,63.62,4027900,2026-02-24T03:46:04Z
RTX,2006-09-07,23.6,23.79,23.39,23.66,6860927,62.77,63.27,62.21,62.91,2579900,2026-02-24T03:46:04Z
RTX,2006-09-08,23.82,23.86,23.57,23.57,4290103,63.34,63.44,62.68,62.68,1613200,2026-02-24T03:46:04Z
RTX,2006-09-11,23.66,23.87,23.63,23.82,8027325,62.91,63.49,62.83,63.36,3018500,2026-02-24T03:46:04Z
RTX,2006-09-12,23.77,23.82,23.43,23.6,9735431,63.22,63.34,62.3,62.76,3660800,2026-02-24T03:46:04Z
RTX,2006-09-13,24.02,24.13,23.64,23.69,6952650,63.89,64.16,62.88,63,2614400,2026-02-24T03:46:04Z
RTX,2006-09-14,23.69,24.02,23.63,23.91,8803574,63,63.88,62.83,63.6,3310400,2026-02-24T03:46:04Z
RTX,2006-09-15,24.3,24.34,23.86,24.01,14965622,64.61,64.74,63.46,63.85,5627500,2026-02-24T03:46:04Z
RTX,2006-09-18,24.09,24.27,24.04,24.22,8185828,64.07,64.53,63.92,64.4,3078100,2026-02-24T03:46:04Z
RTX,2006-09-19,24.12,24.15,23.73,24,6157251,64.15,64.22,63.1,63.82,2315300,2026-02-24T03:46:04Z
RTX,2006-09-20,24.03,24.25,24.02,24.12,9346634,63.9,64.49,63.88,64.15,3514600,2026-02-24T03:46:04Z
RTX,2006-09-21,23.65,24.08,23.5,24.04,12718164,62.9,64.04,62.5,63.92,4782400,2026-02-24T03:46:04Z
RTX,2006-09-22,23.43,23.6,23.39,23.51,9654852,62.3,62.77,62.19,62.53,3630500,2026-02-24T03:46:04Z
RTX,2006-09-25,23.78,23.85,23.55,23.59,11192482,63.23,63.43,62.63,62.74,4208700,2026-02-24T03:46:04Z
RTX,2006-09-26,23.92,24.01,23.6,23.99,9901889,63.61,63.85,62.77,63.81,3723400,2026-02-24T03:46:04Z
RTX,2006-09-27,23.74,23.99,23.71,23.95,7797551,63.14,63.8,63.06,63.68,2932100,2026-02-24T03:46:04Z
RTX,2006-09-28,23.94,23.96,23.49,23.83,9880351,63.66,63.73,62.46,63.38,3715300,2026-02-24T03:46:04Z
RTX,2006-09-29,23.82,24.01,23.66,23.8,11937118,63.35,63.85,62.91,63.29,4488700,2026-02-24T03:46:04Z
RTX,2006-10-02,24.03,24.25,23.81,23.85,7442257,63.9,64.5,63.33,63.42,2798500,2026-02-24T03:46:04Z
RTX,2006-10-03,24.37,24.44,23.89,23.94,9043179,64.8,65,63.52,63.66,3400500,2026-02-24T03:46:04Z
RTX,2006-10-04,24.5,24.55,24.25,24.32,9260722,65.15,65.3,64.5,64.69,3482300,2026-02-24T03:46:04Z
RTX,2006-10-05,24.76,24.82,24.54,24.55,7611108,65.84,66,65.26,65.3,2862000,2026-02-24T03:46:04Z
RTX,2006-10-06,24.6,24.8,24.45,24.76,6649240,65.41,65.95,65.03,65.84,2500300,2026-02-24T03:46:04Z
RTX,2006-10-09,24.52,24.73,24.42,24.62,5624300,65.2,65.77,64.95,65.47,2114900,2026-02-24T03:46:04Z
RTX,2006-10-10,24.55,24.75,24.51,24.61,6446579,65.3,65.81,65.18,65.45,2424100,2026-02-24T03:46:04Z
RTX,2006-10-11,24.64,24.68,24.34,24.55,6635934,65.52,65.64,64.73,65.3,2495300,2026-02-24T03:46:04Z
RTX,2006-10-12,24.96,25.03,24.7,24.79,7393040,66.38,66.56,65.69,65.93,2780000,2026-02-24T03:46:04Z
RTX,2006-10-13,25.01,25.15,24.79,24.87,9585963,66.5,66.89,65.93,66.15,3604600,2026-02-24T03:46:04Z
RTX,2006-10-16,25.11,25.37,24.98,25.01,9213936,66.79,67.47,66.44,66.5,3464700,2026-02-24T03:46:04Z
RTX,2006-10-17,24.55,25.37,24.45,25.27,18024666,65.28,67.46,65.03,67.2,6777800,2026-02-24T03:46:04Z
RTX,2006-10-18,24.66,24.67,24.37,24.54,12952744,65.57,65.6,64.8,65.26,4870600,2026-02-24T03:46:04Z
RTX,2006-10-19,24.44,24.63,24.33,24.54,9859609,65,65.5,64.71,65.26,3707500,2026-02-24T03:46:04Z
RTX,2006-10-20,24.45,24.63,24.27,24.63,11230258,65.02,65.49,64.55,65.49,4222900,2026-02-24T03:46:04Z
RTX,2006-10-23,24.43,24.57,24.31,24.45,6738862,64.98,65.33,64.66,65.02,2534000,2026-02-24T03:46:04Z
RTX,2006-10-24,24.49,24.5,24.25,24.28,7206630,65.12,65.15,64.5,64.56,2709900,2026-02-24T03:46:04Z
RTX,2006-10-25,24.54,24.63,24.39,24.55,7586119,65.25,65.49,64.86,65.29,2852600,2026-02-24T03:46:04Z
RTX,2006-10-26,24.53,24.59,24.17,24.53,8191138,65.24,65.38,64.28,65.24,3080100,2026-02-24T03:46:04Z
RTX,2006-10-27,24.42,24.54,24.18,24.44,7583732,64.94,65.25,64.29,65,2851700,2026-02-24T03:46:04Z
RTX,2006-10-30,24.64,24.69,24.39,24.51,5547186,65.52,65.66,64.86,65.18,2085900,2026-02-24T03:46:04Z
RTX,2006-10-31,24.71,24.86,24.64,24.75,11057413,65.72,66.11,65.53,65.82,4157900,2026-02-24T03:46:04Z
RTX,2006-11-01,24.16,24.77,23.96,24.7,14754750,64.25,65.87,63.71,65.7,5548200,2026-02-24T03:46:04Z
RTX,2006-11-02,24.19,24.25,23.93,24.01,7039097,64.33,64.48,63.63,63.85,2646900,2026-02-24T03:46:04Z
RTX,2006-11-03,24.05,24.43,23.96,24.39,7789578,63.97,64.98,63.73,64.87,2929100,2026-02-24T03:46:04Z
RTX,2006-11-06,24.5,24.61,24.05,24.25,9497671,65.15,65.46,63.97,64.5,3571400,2026-02-24T03:46:04Z
RTX,2006-11-07,24.63,24.78,24.42,24.55,7777850,65.51,65.89,64.95,65.28,2924700,2026-02-24T03:46:04Z
RTX,2006-11-08,24.65,24.73,24.44,24.63,7285336,65.56,65.76,65,65.51,2739500,2026-02-24T03:46:04Z
RTX,2006-11-09,24.41,24.69,24.39,24.58,7896215,64.91,65.65,64.85,65.37,2969200,2026-02-24T03:46:04Z
RTX,2006-11-10,24.46,24.59,24.25,24.32,6886984,65.06,65.4,64.48,64.69,2589700,2026-02-24T03:46:04Z
RTX,2006-11-13,24.56,24.76,24.46,24.51,8403882,65.32,65.85,65.06,65.18,3160100,2026-02-24T03:46:04Z
RTX,2006-11-14,24.67,24.8,24.44,24.57,7631586,65.61,65.95,65,65.33,2869700,2026-02-24T03:46:04Z
RTX,2006-11-15,24.77,24.84,24.66,24.66,8719303,65.6,65.8,65.31,65.31,3292000,2026-02-24T03:46:04Z
RTX,2006-11-16,25.21,25.27,24.83,24.9,10240116,66.76,66.93,65.76,65.94,3866200,2026-02-24T03:46:04Z
RTX,2006-11-17,24.95,25.22,24.9,25.21,11474418,66.09,66.8,65.94,66.77,4332200,2026-02-24T03:46:04Z
RTX,2006-11-20,24.87,25.07,24.78,24.89,5557087,65.87,66.39,65.64,65.91,2098100,2026-02-24T03:46:04Z
RTX,2006-11-21,24.85,24.91,24.8,24.81,6991053,65.83,65.98,65.7,65.71,2639500,2026-02-24T03:46:04Z
RTX,2006-11-22,24.84,24.96,24.8,24.81,4510348,65.79,66.11,65.7,65.72,1702900,2026-02-24T03:46:04Z
RTX,2006-11-24,24.91,24.92,24.69,24.8,2471170,65.99,66.01,65.4,65.7,933000,2026-02-24T03:46:04Z
RTX,2006-11-27,24.48,24.95,24.48,24.9,10441688,64.84,66.08,64.84,65.95,3942300,2026-02-24T03:46:04Z
RTX,2006-11-28,24.36,24.44,24.22,24.41,9220424,64.53,64.74,64.16,64.65,3481200,2026-02-24T03:46:04Z
RTX,2006-11-29,24.44,24.57,24.29,24.36,8845639,64.74,65.09,64.33,64.53,3339700,2026-02-24T03:46:04Z
RTX,2006-11-30,24.36,24.57,24.21,24.5,10190090,64.53,65.09,64.12,64.89,3847300,2026-02-24T03:46:04Z
RTX,2006-12-01,24.11,24.44,23.95,24.31,12730091,63.86,64.73,63.44,64.38,4806300,2026-02-24T03:46:04Z
RTX,2006-12-04,24.5,24.73,24.18,24.25,10782590,64.9,65.49,64.03,64.22,4071000,2026-02-24T03:46:04Z
RTX,2006-12-05,24.44,24.61,24.36,24.48,7618247,64.72,65.17,64.52,64.84,2876300,2026-02-24T03:46:04Z
RTX,2006-12-06,24.53,24.53,24.38,24.46,10127035,64.96,64.98,64.56,64.78,3823500,2026-02-24T03:46:04Z
RTX,2006-12-07,24.44,24.71,24.39,24.61,7084034,64.74,65.46,64.61,65.19,2674600,2026-02-24T03:46:04Z
RTX,2006-12-08,24.44,24.63,24.35,24.46,8820988,64.72,65.24,64.5,64.8,3330400,2026-02-24T03:46:04Z
RTX,2006-12-11,24.54,24.57,24.31,24.41,8982289,65.01,65.07,64.39,64.64,3391300,2026-02-24T03:46:04Z
RTX,2006-12-12,24.47,24.63,24.4,24.62,12611972,64.8,65.23,64.62,65.2,4761700,2026-02-24T03:46:04Z
RTX,2006-12-13,24.24,24.64,24.2,24.6,10952091,64.21,65.25,64.11,65.15,4135000,2026-02-24T03:46:04Z
RTX,2006-12-14,23.43,23.9,23.33,23.69,45212385,62.06,63.31,61.8,62.75,17070100,2026-02-24T03:46:04Z
RTX,2006-12-15,23.58,23.59,23.41,23.57,21801716,62.45,62.49,62.01,62.42,8231300,2026-02-24T03:46:04Z
RTX,2006-12-18,23.51,23.62,23.46,23.56,13450016,62.26,62.57,62.14,62.41,5078100,2026-02-24T03:46:04Z
RTX,2006-12-19,23.59,23.67,23.34,23.47,17044449,62.48,62.7,61.83,62.17,6435200,2026-02-24T03:46:04Z
RTX,2006-12-20,23.87,23.99,23.52,23.66,14976956,63.22,63.54,62.29,62.66,5654600,2026-02-24T03:46:04Z
RTX,2006-12-21,23.7,24.01,23.65,23.87,10760323,62.76,63.59,62.65,63.22,4062600,2026-02-24T03:46:04Z
RTX,2006-12-22,23.62,23.71,23.56,23.65,8089175,62.56,62.81,62.4,62.63,3054100,2026-02-24T03:46:04Z
RTX,2006-12-26,23.87,23.91,23.56,23.6,5063648,63.23,63.32,62.4,62.5,1911800,2026-02-24T03:46:04Z
RTX,2006-12-27,23.76,24.24,23.7,24.01,5998352,62.94,64.21,62.77,63.59,2264700,2026-02-24T03:46:04Z
RTX,2006-12-28,23.71,23.84,23.61,23.84,6711357,62.81,63.14,62.54,63.13,2533900,2026-02-24T03:46:04Z
RTX,2006-12-29,23.6,23.79,23.58,23.71,5023122,62.52,63.01,62.45,62.8,1896500,2026-02-24T03:46:04Z
RTX,2007-01-03,23.71,24.01,23.56,23.64,12673418,62.81,63.59,62.4,62.6,4784900,2026-02-24T03:46:04Z
RTX,2007-01-04,23.74,23.79,23.58,23.64,13059581,62.87,63,62.45,62.6,4930700,2026-02-24T03:46:04Z
RTX,2007-01-05,23.67,23.78,23.43,23.64,11532927,62.68,62.99,62.07,62.6,4354300,2026-02-24T03:46:04Z
RTX,2007-01-08,23.86,24.01,23.41,23.58,8865490,63.19,63.59,62.01,62.46,3347200,2026-02-24T03:46:04Z
RTX,2007-01-09,23.59,23.82,23.5,23.77,11985317,62.47,63.1,62.23,62.97,4525100,2026-02-24T03:46:04Z
RTX,2007-01-10,23.67,23.74,23.35,23.49,13663206,62.69,62.87,61.85,62.22,5158600,2026-02-24T03:46:04Z
RTX,2007-01-11,24.05,24.14,23.68,23.78,13255363,63.7,63.95,62.72,62.99,5004600,2026-02-24T03:46:04Z
RTX,2007-01-12,24.32,24.43,23.94,23.97,14066612,64.42,64.72,63.4,63.49,5310900,2026-02-24T03:46:04Z
RTX,2007-01-16,24.36,24.54,24.27,24.47,9808157,64.53,65,64.27,64.82,3703100,2026-02-24T03:46:04Z
RTX,2007-01-17,24.47,24.57,24.35,24.42,11550161,64.82,65.07,64.5,64.68,4360800,2026-02-24T03:46:04Z
RTX,2007-01-18,24.51,24.59,24.17,24.48,11146767,64.91,65.13,64.01,64.83,4208500,2026-02-24T03:46:04Z
RTX,2007-01-19,24.61,24.71,24.48,24.69,11084763,65.18,65.44,64.85,65.4,4185100,2026-02-24T03:46:04Z
RTX,2007-01-22,24.2,24.52,24.05,24.52,13018283,64.09,64.95,63.69,64.95,4915100,2026-02-24T03:46:04Z
RTX,2007-01-23,24.97,25.19,24.54,24.62,21500811,66.14,66.73,65,65.2,8117700,2026-02-24T03:46:04Z
RTX,2007-01-24,25.23,25.28,24.84,24.91,13945033,66.83,66.96,65.8,65.98,5265000,2026-02-24T03:46:04Z
RTX,2007-01-25,25,25.33,24.96,25.29,12389495,66.21,67.1,66.1,66.97,4677700,2026-02-24T03:46:04Z
RTX,2007-01-26,24.93,25.13,24.79,24.96,12180771,66.04,66.55,65.66,66.11,4598900,2026-02-24T03:46:04Z
RTX,2007-01-29,24.8,25.01,24.7,24.77,11444739,65.69,66.24,65.42,65.62,4321000,2026-02-24T03:46:04Z
RTX,2007-01-30,25.28,25.4,24.88,24.9,20052778,66.95,67.28,65.9,65.94,7571000,2026-02-24T03:46:04Z
RTX,2007-01-31,25.68,25.76,25.14,25.23,13789299,68.02,68.24,66.6,66.83,5206200,2026-02-24T03:46:04Z
RTX,2007-02-01,25.89,25.95,25.64,25.69,15634362,68.58,68.73,67.9,68.05,5902800,2026-02-24T03:46:04Z
RTX,2007-02-02,25.67,25.96,25.61,25.96,12023216,68,68.75,67.83,68.75,4539400,2026-02-24T03:46:04Z
RTX,2007-02-05,25.59,25.91,25.45,25.67,9354699,67.77,68.64,67.41,67.99,3531900,2026-02-24T03:46:04Z
RTX,2007-02-06,25.83,25.9,25.6,25.68,9552039,68.41,68.6,67.8,68.03,3606400,2026-02-24T03:46:04Z
RTX,2007-02-07,25.87,25.96,25.7,25.83,7634150,68.51,68.75,68.08,68.41,2882300,2026-02-24T03:46:04Z
RTX,2007-02-08,25.69,25.95,25.61,25.87,7962585,68.05,68.73,67.84,68.51,3006300,2026-02-24T03:46:04Z
RTX,2007-02-09,25.52,25.84,25.46,25.73,5405582,67.58,68.45,67.44,68.15,2040900,2026-02-24T03:46:04Z
RTX,2007-02-12,25.31,25.52,25.21,25.52,10881093,67.04,67.59,66.78,67.59,4108200,2026-02-24T03:46:04Z
RTX,2007-02-13,25.37,25.47,25.3,25.32,7991974,67.2,67.45,67,67.05,3017400,2026-02-24T03:46:04Z
RTX,2007-02-14,25.84,25.94,25.43,25.53,10068383,68.17,68.44,67.1,67.35,3816400,2026-02-24T03:46:04Z
RTX,2007-02-15,26.13,26.29,25.87,25.97,14243050,68.93,69.35,68.26,68.51,5398800,2026-02-24T03:46:04Z
RTX,2007-02-16,26.03,26.34,25.92,26.26,8759816,68.68,69.49,68.38,69.27,3320400,2026-02-24T03:46:04Z
RTX,2007-02-20,25.82,26.15,25.77,26.09,16128265,68.13,69,67.98,68.84,6113400,2026-02-24T03:46:04Z
RTX,2007-02-21,25.62,25.79,25.59,25.77,12017454,67.58,68.03,67.5,68,4555200,2026-02-24T03:46:04Z
RTX,2007-02-22,25.59,25.8,25.42,25.59,8267268,67.5,68.06,67.06,67.51,3133700,2026-02-24T03:46:04Z
RTX,2007-02-23,25.6,25.62,25.4,25.49,6909412,67.55,67.59,67.01,67.25,2619000,2026-02-24T03:46:04Z
RTX,2007-02-26,25.48,25.85,25.32,25.68,8396556,67.23,68.2,66.8,67.75,3182700,2026-02-24T03:46:04Z
RTX,2007-02-27,24.81,25.32,24.54,25.11,18398989,65.46,66.8,64.75,66.25,6974100,2026-02-24T03:46:04Z
RTX,2007-02-28,24.88,25.14,24.67,24.83,16311348,65.64,66.32,65.09,65.51,6182800,2026-02-24T03:46:04Z
RTX,2007-03-01,24.68,24.76,24.29,24.52,18519832,65.12,65.33,64.07,64.68,7019900,2026-02-24T03:46:04Z
RTX,2007-03-02,24.39,24.64,24.37,24.52,13684511,64.35,65.01,64.3,64.7,5187100,2026-02-24T03:46:04Z
RTX,2007-03-05,24.08,24.43,24.05,24.16,13660007,63.54,64.45,63.45,63.75,5177800,2026-02-24T03:46:04Z
RTX,2007-03-06,24.33,24.36,24.11,24.2,12833727,64.18,64.27,63.6,63.83,4864600,2026-02-24T03:46:04Z
RTX,2007-03-07,24.36,24.47,24.26,24.32,10744295,64.26,64.55,64,64.17,4072600,2026-02-24T03:46:04Z
RTX,2007-03-08,24.47,24.6,24.41,24.49,6451146,64.56,64.89,64.41,64.61,2445300,2026-02-24T03:46:04Z
RTX,2007-03-09,24.45,24.64,24.33,24.56,6754024,64.5,65,64.18,64.8,2560100,2026-02-24T03:46:04Z
RTX,2007-03-12,24.77,24.82,24.45,24.45,6688599,65.35,65.47,64.49,64.5,2535300,2026-02-24T03:46:04Z
RTX,2007-03-13,24.38,24.71,24.36,24.71,10819990,64.31,65.2,64.28,65.2,4101300,2026-02-24T03:46:04Z
RTX,2007-03-14,24.54,24.6,24.1,24.43,12599439,64.75,64.89,63.59,64.46,4775800,2026-02-24T03:46:04Z
RTX,2007-03-15,24.41,24.58,24.3,24.51,10467797,64.4,64.85,64.11,64.66,3967800,2026-02-24T03:46:04Z
RTX,2007-03-16,24.49,24.56,24.27,24.5,14431419,64.6,64.79,64.03,64.64,5470200,2026-02-24T03:46:04Z
RTX,2007-03-19,24.66,24.88,24.61,24.78,8825518,65.07,65.65,64.93,65.38,3345300,2026-02-24T03:46:04Z
RTX,2007-03-20,24.73,24.77,24.55,24.74,6965082,65.24,65.34,64.76,65.28,2640100,2026-02-24T03:46:04Z
RTX,2007-03-21,25.09,25.2,24.79,24.82,10373104,66.18,66.48,65.4,65.49,3931900,2026-02-24T03:46:04Z
RTX,2007-03-22,25.05,25.21,24.89,25.07,8720801,66.08,66.5,65.66,66.14,3305600,2026-02-24T03:46:04Z
RTX,2007-03-23,25.29,25.36,24.88,24.97,8979056,66.73,66.9,65.65,65.88,3403500,2026-02-24T03:46:04Z
RTX,2007-03-26,25.17,25.51,24.99,25.47,19395131,66.41,67.3,65.93,67.2,7351700,2026-02-24T03:46:04Z
RTX,2007-03-27,25.06,25.17,24.99,25.09,10833716,66.11,66.4,65.92,66.19,4106500,2026-02-24T03:46:04Z
RTX,2007-03-28,24.78,25.03,24.59,25,10411602,65.37,66.03,64.86,65.95,3946500,2026-02-24T03:46:04Z
RTX,2007-03-29,24.63,24.95,24.6,24.83,12793598,64.99,65.81,64.9,65.51,4849400,2026-02-24T03:46:04Z
RTX,2007-03-30,24.64,24.71,24.38,24.59,13328143,65,65.2,64.31,64.86,5052000,2026-02-24T03:46:04Z
RTX,2007-04-02,24.53,24.79,24.51,24.65,10950852,64.72,65.4,64.65,65.03,4150900,2026-02-24T03:46:04Z
RTX,2007-04-03,24.74,24.83,24.68,24.73,11483495,65.27,65.5,65.11,65.23,4352800,2026-02-24T03:46:04Z
RTX,2007-04-04,24.61,24.84,24.5,24.82,18865152,64.93,65.54,64.64,65.48,7150800,2026-02-24T03:46:04Z
RTX,2007-04-05,24.61,24.65,24.49,24.55,10942409,64.93,65.03,64.6,64.77,4147700,2026-02-24T03:46:04Z
RTX,2007-04-09,24.66,24.7,24.54,24.64,10365166,65.06,65.17,64.75,65,3928900,2026-02-24T03:46:04Z
RTX,2007-04-10,24.43,24.68,24.35,24.64,21956007,64.45,65.1,64.23,65.01,8322400,2026-02-24T03:46:04Z
RTX,2007-04-11,24.29,24.45,24.14,24.41,17898781,64.08,64.5,63.7,64.4,6784500,2026-02-24T03:46:04Z
RTX,2007-04-12,24.54,24.57,24.13,24.23,10895705,64.74,64.82,63.65,63.93,4130000,2026-02-24T03:46:04Z
RTX,2007-04-13,24.66,24.67,24.41,24.54,9579781,65.05,65.08,64.41,64.74,3631200,2026-02-24T03:46:04Z
RTX,2007-04-16,24.94,24.96,24.71,24.84,11184596,65.79,65.85,65.19,65.54,4239500,2026-02-24T03:46:04Z
RTX,2007-04-17,25.09,25.09,24.81,25.01,12565441,66.18,66.19,65.45,65.99,4762900,2026-02-24T03:46:04Z
RTX,2007-04-18,25.37,25.52,25.07,25.43,18766996,66.92,67.33,66.14,67.08,7113600,2026-02-24T03:46:04Z
RTX,2007-04-19,25.48,25.51,25.09,25.4,13043463,67.22,67.3,66.2,67,4944100,2026-02-24T03:46:04Z
RTX,2007-04-20,25.58,25.96,25.43,25.96,20117466,67.48,68.49,67.1,68.49,7625500,2026-02-24T03:46:04Z
RTX,2007-04-23,25.69,25.79,25.58,25.61,16069715,67.78,68.04,67.48,67.55,6091200,2026-02-24T03:46:04Z
RTX,2007-04-24,25.69,25.87,25.61,25.8,14041483,67.77,68.25,67.57,68.07,5322400,2026-02-24T03:46:04Z
RTX,2007-04-25,25.79,25.79,25.48,25.74,10217186,68.04,68.05,67.21,67.91,3872800,2026-02-24T03:46:04Z
RTX,2007-04-26,25.64,25.84,25.62,25.73,10037512,67.65,68.18,67.59,67.87,3804700,2026-02-24T03:46:04Z
RTX,2007-04-27,25.66,25.69,25.45,25.53,8813907,67.69,67.77,67.15,67.35,3340900,2026-02-24T03:46:04Z
RTX,2007-04-30,25.45,25.76,25.43,25.71,9878949,67.13,67.95,67.1,67.83,3744600,2026-02-24T03:46:04Z
RTX,2007-05-01,25.67,25.73,25.39,25.39,8605247,67.73,67.89,66.98,66.98,3261800,2026-02-24T03:46:04Z
RTX,2007-05-02,25.93,26.01,25.56,25.59,11841240,68.4,68.63,67.44,67.5,4488400,2026-02-24T03:46:04Z
RTX,2007-05-03,25.75,25.93,25.68,25.87,12367792,67.93,68.4,67.74,68.26,4688000,2026-02-24T03:46:04Z
RTX,2007-05-04,25.78,26.05,25.72,25.89,8914690,68,68.72,67.85,68.29,3379100,2026-02-24T03:46:04Z
RTX,2007-05-07,26.17,26.18,25.79,25.81,11072206,69.05,69.08,68.03,68.09,4196900,2026-02-24T03:46:04Z
RTX,2007-05-08,25.9,26.06,25.81,26.01,8678303,68.34,68.75,68.1,68.63,3289500,2026-02-24T03:46:04Z
RTX,2007-05-09,26.07,26.08,25.8,25.85,8548504,68.77,68.8,68.06,68.2,3240300,2026-02-24T03:46:04Z
RTX,2007-05-10,25.78,26.07,25.77,26,8476217,68.02,68.79,67.99,68.6,3212900,2026-02-24T03:46:04Z
RTX,2007-05-11,25.92,25.96,25.8,25.81,6465936,68.39,68.5,68.07,68.09,2450900,2026-02-24T03:46:04Z
RTX,2007-05-14,25.87,26,25.77,25.92,7969154,68.25,68.6,68,68.38,3020700,2026-02-24T03:46:04Z
RTX,2007-05-15,25.96,26.32,25.92,25.97,14883338,68.5,69.44,68.37,68.52,5641500,2026-02-24T03:46:04Z
RTX,2007-05-16,26.06,26.25,25.86,26.07,8619263,68.48,68.98,67.96,68.52,3279800,2026-02-24T03:46:04Z
RTX,2007-05-17,26.4,26.47,26.02,26.07,11139756,69.37,69.56,68.37,68.52,4238900,2026-02-24T03:46:04Z
RTX,2007-05-18,26.33,26.58,26.26,26.5,12435090,69.19,69.85,69,69.65,4731800,2026-02-24T03:46:04Z
RTX,2007-05-21,26.23,26.29,26.09,26.22,13327268,68.92,69.1,68.56,68.91,5071300,2026-02-24T03:46:04Z
RTX,2007-05-22,26.34,26.37,26.14,26.26,10972885,69.21,69.3,68.7,69,4175400,2026-02-24T03:46:04Z
RTX,2007-05-23,26.2,26.37,26.14,26.35,9981085,68.85,69.3,68.69,69.25,3798000,2026-02-24T03:46:04Z
RTX,2007-05-24,25.97,26.45,25.96,26.26,10512195,68.26,69.5,68.22,69,4000100,2026-02-24T03:46:04Z
RTX,2007-05-25,26.11,26.24,25.88,25.9,7668978,68.62,68.95,68,68.07,2918200,2026-02-24T03:46:04Z
RTX,2007-05-29,26.25,26.36,26.09,26.19,8616890,68.99,69.28,68.56,68.82,3278900,2026-02-24T03:46:04Z
RTX,2007-05-30,26.42,26.42,25.99,26.09,9469911,69.43,69.43,68.3,68.56,3603500,2026-02-24T03:46:04Z
RTX,2007-05-31,26.85,26.89,26.49,26.49,14309613,70.55,70.68,69.62,69.62,5445100,2026-02-24T03:46:04Z
RTX,2007-06-01,26.93,27.25,26.83,27.23,12017235,70.78,71.62,70.52,71.57,4572800,2026-02-24T03:46:04Z
RTX,2007-06-04,26.95,27.08,26.69,26.76,7918643,70.82,71.17,70.14,70.33,3013200,2026-02-24T03:46:04Z
RTX,2007-06-05,26.92,27.01,26.76,26.85,11543141,70.75,70.99,70.33,70.55,4392400,2026-02-24T03:46:04Z
RTX,2007-06-06,26.61,26.88,26.5,26.73,9487256,69.92,70.64,69.63,70.25,3610100,2026-02-24T03:46:04Z
RTX,2007-06-07,26.21,26.63,26.2,26.6,11212259,68.87,69.98,68.85,69.91,4266500,2026-02-24T03:46:04Z
RTX,2007-06-08,26.72,26.75,26.2,26.25,15264112,70.23,70.29,68.85,68.98,5808300,2026-02-24T03:46:04Z
RTX,2007-06-11,26.7,26.75,26.45,26.58,8415841,70.18,70.3,69.51,69.85,3202400,2026-02-24T03:46:04Z
RTX,2007-06-12,26.51,26.79,26.45,26.63,11851936,69.67,70.4,69.52,69.99,4509900,2026-02-24T03:46:04Z
RTX,2007-06-13,26.91,26.91,26.48,26.59,13084711,70.73,70.73,69.6,69.88,4979000,2026-02-24T03:46:04Z
RTX,2007-06-14,27.12,27.16,26.76,26.76,8890191,71.28,71.38,70.33,70.33,3382900,2026-02-24T03:46:04Z
RTX,2007-06-15,27.4,27.51,27.28,27.36,16121335,72.01,72.3,71.69,71.9,6134500,2026-02-24T03:46:04Z
RTX,2007-06-18,27.47,27.59,27.29,27.58,9314869,72.19,72.5,71.72,72.49,3544500,2026-02-24T03:46:04Z
RTX,2007-06-19,27.29,27.51,27.17,27.47,11229108,71.72,72.3,71.41,72.19,4272900,2026-02-24T03:46:04Z
RTX,2007-06-20,27.33,27.64,27.3,27.47,11467975,71.83,72.64,71.73,72.19,4363800,2026-02-24T03:46:04Z
RTX,2007-06-21,27.38,27.51,27.18,27.28,10662485,71.95,72.29,71.43,71.69,4057300,2026-02-24T03:46:04Z
RTX,2007-06-22,27.16,27.46,27.04,27.42,16075382,71.38,72.17,71.06,72.05,6117000,2026-02-24T03:46:04Z
RTX,2007-06-25,27.12,27.35,26.98,27.14,11411735,71.27,71.88,70.91,71.32,4342400,2026-02-24T03:46:04Z
RTX,2007-06-26,26.85,27.21,26.78,27.15,10791278,70.57,71.52,70.37,71.36,4106300,2026-02-24T03:46:04Z
RTX,2007-06-27,27.21,27.23,26.69,26.73,10281712,71.5,71.56,70.13,70.24,3912400,2026-02-24T03:46:04Z
RTX,2007-06-28,27.05,27.21,26.99,27.12,8883620,71.09,71.51,70.93,71.28,3380400,2026-02-24T03:46:04Z
RTX,2007-06-29,26.99,27.29,26.83,27.24,10583666,70.93,71.71,70.5,71.58,4027300,2026-02-24T03:46:04Z
RTX,2007-07-02,27.57,27.59,27.17,27.2,10740565,72.46,72.5,71.4,71.47,4087000,2026-02-24T03:46:04Z
RTX,2007-07-03,27.58,27.73,27.48,27.59,4623410,72.47,72.86,72.21,72.5,1759300,2026-02-24T03:46:04Z
RTX,2007-07-05,27.44,27.67,27.42,27.55,8380641,72.12,72.72,72.06,72.39,3189000,2026-02-24T03:46:04Z
RTX,2007-07-06,27.63,27.73,27.41,27.51,6564696,72.6,72.88,72.03,72.29,2498000,2026-02-24T03:46:04Z
RTX,2007-07-09,27.6,27.66,27.4,27.52,9076504,72.52,72.7,72,72.32,3453800,2026-02-24T03:46:04Z
RTX,2007-07-10,27.42,27.57,27.28,27.35,14023173,72.07,72.45,71.69,71.88,5336100,2026-02-24T03:46:04Z
RTX,2007-07-11,27.78,27.78,27.39,27.42,11548113,73,73,71.99,72.06,4394300,2026-02-24T03:46:04Z
RTX,2007-07-12,28.15,28.16,27.78,27.8,10402330,73.99,74,73,73.06,3958300,2026-02-24T03:46:04Z
RTX,2007-07-13,28.54,28.62,28.05,28.25,12895513,75,75.21,73.71,74.25,4907000,2026-02-24T03:46:04Z
RTX,2007-07-16,29.17,29.29,28.73,28.87,19330351,76.67,76.98,75.51,75.86,7355600,2026-02-24T03:46:04Z
RTX,2007-07-17,29.24,29.61,29.18,29.51,23004520,76.84,77.82,76.69,77.55,8753700,2026-02-24T03:46:04Z
RTX,2007-07-18,28.75,29,28.48,28.92,22899722,75.56,76.2,74.85,76,8713800,2026-02-24T03:46:04Z
RTX,2007-07-19,29.37,29.45,28.57,28.99,22012522,77.18,77.4,75.09,76.18,8376200,2026-02-24T03:46:04Z
RTX,2007-07-20,28.93,29.39,28.86,29.37,17708900,76.03,77.23,75.84,77.19,6738600,2026-02-24T03:46:04Z
RTX,2007-07-23,29,29.24,28.91,29.14,13545921,76.22,76.84,75.97,76.57,5154500,2026-02-24T03:46:04Z
RTX,2007-07-24,28.44,29.04,28.43,28.82,15515592,74.74,76.31,74.7,75.74,5904000,2026-02-24T03:46:04Z
RTX,2007-07-25,28.61,28.82,28.43,28.57,12445867,75.19,75.74,74.71,75.08,4735900,2026-02-24T03:46:04Z
RTX,2007-07-26,28.33,29.08,28.09,28.45,24495175,74.45,76.43,73.81,74.76,9320900,2026-02-24T03:46:04Z
RTX,2007-07-27,27.89,28.48,27.82,28.44,19381886,73.29,74.85,73.1,74.74,7375200,2026-02-24T03:46:04Z
RTX,2007-07-30,28.02,28.21,27.75,27.75,13060534,73.63,74.13,72.92,72.92,4969800,2026-02-24T03:46:04Z
RTX,2007-07-31,27.77,28.54,27.77,28.54,15557646,72.97,75,72.97,75,5920000,2026-02-24T03:46:04Z
RTX,2007-08-01,28.41,28.44,27.57,27.8,18453444,74.65,74.74,72.45,73.05,7021900,2026-02-24T03:46:04Z
RTX,2007-08-02,28.45,28.53,28.09,28.3,12835056,74.76,74.97,73.83,74.37,4884000,2026-02-24T03:46:04Z
RTX,2007-08-03,28.13,28.7,28.1,28.53,16467161,73.93,75.41,73.84,74.97,6266100,2026-02-24T03:46:04Z
RTX,2007-08-06,28.48,29.19,27.86,29.14,16039326,74.85,76.71,73.22,76.58,6103300,2026-02-24T03:46:04Z
RTX,2007-08-07,28.22,28.48,27.98,28.48,14452829,74.15,74.85,73.52,74.84,5499600,2026-02-24T03:46:04Z
RTX,2007-08-08,28.18,28.63,27.97,28.18,14029747,74.05,75.23,73.5,74.07,5338600,2026-02-24T03:46:04Z
RTX,2007-08-09,27.54,28.51,27.54,28.17,16286896,72.37,74.92,72.37,74.04,6197500,2026-02-24T03:46:04Z
RTX,2007-08-10,27.81,28.04,27.04,27.19,15357391,73.08,73.68,71.07,71.46,5843800,2026-02-24T03:46:04Z
RTX,2007-08-13,28.16,28.31,27.8,27.81,10124819,74.01,74.39,73.05,73.08,3852700,2026-02-24T03:46:04Z
RTX,2007-08-14,27.69,28.25,27.62,28.18,10381046,72.78,74.25,72.58,74.05,3950200,2026-02-24T03:46:04Z
RTX,2007-08-15,27.38,27.83,27.3,27.75,11878027,71.63,72.81,71.44,72.61,4539800,2026-02-24T03:46:04Z
RTX,2007-08-16,27.17,27.29,26.37,26.98,24693854,71.08,71.4,69,70.59,9438000,2026-02-24T03:46:04Z
RTX,2007-08-17,28.21,28.37,27.35,27.73,22067679,73.82,74.22,71.56,72.54,8434300,2026-02-24T03:46:04Z
RTX,2007-08-20,28.55,28.67,27.89,28.17,16730211,74.7,75.02,72.96,73.7,6394300,2026-02-24T03:46:04Z
RTX,2007-08-21,27.88,28.55,27.74,28.51,14446312,72.94,74.7,72.58,74.59,5521400,2026-02-24T03:46:04Z
RTX,2007-08-22,28.23,28.37,27.9,27.95,11705346,73.87,74.22,73.01,73.14,4473800,2026-02-24T03:46:04Z
RTX,2007-08-23,28.02,28.28,27.93,28.21,9100971,73.3,74,73.09,73.81,3478400,2026-02-24T03:46:04Z
RTX,2007-08-24,28.41,28.46,27.9,27.91,7797204,74.33,74.46,73.01,73.03,2980100,2026-02-24T03:46:04Z
RTX,2007-08-27,28.18,28.37,28.09,28.31,6971734,73.72,74.22,73.5,74.06,2664600,2026-02-24T03:46:04Z
RTX,2007-08-28,27.52,28.17,27.48,28.02,10983743,72,73.71,71.9,73.3,4198000,2026-02-24T03:46:04Z
RTX,2007-08-29,28.42,28.47,27.56,27.61,10804539,74.35,74.48,72.12,72.23,4129500,2026-02-24T03:46:04Z
RTX,2007-08-30,28.22,28.49,28,28.06,7243311,73.84,74.55,73.27,73.41,2768400,2026-02-24T03:46:04Z
RTX,2007-08-31,28.52,28.86,28.41,28.46,10286494,74.63,75.5,74.33,74.47,3931500,2026-02-24T03:46:04Z
RTX,2007-09-04,28.45,28.6,28.17,28.57,11712429,74.43,74.83,73.7,74.75,4476500,2026-02-24T03:46:04Z
RTX,2007-09-05,28.07,28.45,27.94,28.25,11828871,73.45,74.45,73.11,73.9,4521000,2026-02-24T03:46:04Z
RTX,2007-09-06,28.67,28.71,28.07,28.18,9628180,75.01,75.11,73.45,73.74,3679900,2026-02-24T03:46:04Z
RTX,2007-09-07,28.2,28.45,28.14,28.28,9969620,73.79,74.45,73.64,74,3810400,2026-02-24T03:46:04Z
RTX,2007-09-10,28.47,28.65,27.94,28.39,8027727,74.49,74.95,73.11,74.29,3068200,2026-02-24T03:46:04Z
RTX,2007-09-11,28.54,28.66,28.17,28.55,14479317,74.67,74.98,73.71,74.7,5534000,2026-02-24T03:46:04Z
RTX,2007-09-12,28.6,28.86,28.42,28.57,9176854,74.84,75.5,74.37,74.75,3507400,2026-02-24T03:46:04Z
RTX,2007-09-13,28.67,28.82,28.5,28.79,10520127,75.02,75.4,74.57,75.32,4020800,2026-02-24T03:46:04Z
RTX,2007-09-14,29.1,29.19,28.66,28.68,10697255,76.14,76.37,74.98,75.05,4088500,2026-02-24T03:46:04Z
RTX,2007-09-17,28.98,29.14,28.86,28.93,6790673,75.83,76.24,75.52,75.7,2595400,2026-02-24T03:46:04Z
RTX,2007-09-18,29.87,29.93,28.84,29.01,14125828,78.16,78.3,75.46,75.91,5398900,2026-02-24T03:46:04Z
RTX,2007-09-19,30.16,30.19,29.83,29.91,13442653,78.9,78.99,78.05,78.27,5137800,2026-02-24T03:46:04Z
RTX,2007-09-20,30.09,30.21,29.91,30.01,9979825,78.73,79.04,78.25,78.51,3814300,2026-02-24T03:46:04Z
RTX,2007-09-21,30.36,30.56,30.09,30.42,16938236,79.43,79.95,78.73,79.59,6473800,2026-02-24T03:46:04Z
RTX,2007-09-24,30.08,30.48,30.06,30.36,10096260,78.69,79.75,78.65,79.44,3858800,2026-02-24T03:46:04Z
RTX,2007-09-25,30.55,30.58,30.01,30.07,12214774,79.93,80,78.52,78.69,4668500,2026-02-24T03:46:04Z
RTX,2007-09-26,30.65,30.86,30.43,30.54,12173436,80.2,80.75,79.61,79.91,4652700,2026-02-24T03:46:04Z
RTX,2007-09-27,30.84,30.87,30.55,30.76,8877521,80.69,80.78,79.94,80.49,3393000,2026-02-24T03:46:04Z
RTX,2007-09-28,30.76,30.95,30.62,30.7,8364712,80.48,80.98,80.11,80.31,3197000,2026-02-24T03:46:04Z
RTX,2007-10-01,31.37,31.48,30.76,30.76,12099932,82.07,82.37,80.48,80.48,4624600,2026-02-24T03:46:04Z
RTX,2007-10-02,30.81,31.53,30.66,31.37,11392707,80.62,82.5,80.22,82.07,4354300,2026-02-24T03:46:04Z
RTX,2007-10-03,30.45,30.84,30.34,30.73,11532143,79.67,80.7,79.39,80.4,4407600,2026-02-24T03:46:04Z
RTX,2007-10-04,30.61,30.84,30.42,30.42,5898215,80.09,80.7,79.6,79.6,2254300,2026-02-24T03:46:04Z
RTX,2007-10-05,30.9,31.02,30.67,30.67,10572191,80.84,81.15,80.24,80.24,4040700,2026-02-24T03:46:04Z
RTX,2007-10-08,30.71,31.07,30.66,30.9,8403967,80.36,81.28,80.21,80.84,3212000,2026-02-24T03:46:04Z
RTX,2007-10-09,31.03,31.13,30.65,30.69,7738341,81.2,81.46,80.2,80.3,2957600,2026-02-24T03:46:04Z
RTX,2007-10-10,30.77,31.15,30.34,31.08,9107500,80.5,81.5,79.39,81.32,3480900,2026-02-24T03:46:04Z
RTX,2007-10-11,30.29,31.04,30.06,30.91,12383033,79.25,81.2,78.64,80.86,4732800,2026-02-24T03:46:04Z
RTX,2007-10-12,30.7,30.81,30.22,30.42,7760068,80.32,80.62,79.08,79.58,2965900,2026-02-24T03:46:04Z
RTX,2007-10-15,30.53,31.02,30.3,31.02,8485594,79.87,81.17,79.27,81.17,3243200,2026-02-24T03:46:04Z
RTX,2007-10-16,30.44,30.86,30.24,30.63,10498415,79.65,80.73,79.13,80.13,4012500,2026-02-24T03:46:04Z
RTX,2007-10-17,29.35,30.76,28.88,30.61,37515354,76.8,80.49,75.57,80.08,14338400,2026-02-24T03:46:04Z
RTX,2007-10-18,29.59,29.9,29.25,29.34,17102002,77.43,78.24,76.52,76.77,6536400,2026-02-24T03:46:04Z
RTX,2007-10-19,29.05,29.66,29,29.53,26064035,76,77.6,75.87,77.27,9961700,2026-02-24T03:46:04Z
RTX,2007-10-22,28.97,29.26,28.71,28.85,15446353,75.8,76.55,75.13,75.49,5903600,2026-02-24T03:46:04Z
RTX,2007-10-23,29.05,29.28,28.83,29.22,10705902,76.02,76.6,75.42,76.45,4091800,2026-02-24T03:46:04Z
RTX,2007-10-24,29.23,29.3,28.74,28.98,13792492,76.49,76.65,75.2,75.81,5271500,2026-02-24T03:46:04Z
RTX,2007-10-25,28.94,29.41,28.81,29.33,14580538,75.72,76.95,75.39,76.75,5572700,2026-02-24T03:46:04Z
RTX,2007-10-26,28.83,29.17,28.64,29.09,15092613,75.44,76.32,74.94,76.11,5768400,2026-02-24T03:46:04Z
RTX,2007-10-29,28.96,29.06,28.75,28.92,7821280,75.78,76.04,75.21,75.67,2989300,2026-02-24T03:46:04Z
RTX,2007-10-30,28.98,29.23,28.81,28.88,9825982,75.82,76.49,75.39,75.55,3755500,2026-02-24T03:46:04Z
RTX,2007-10-31,29.27,29.32,28.78,29,13844831,76.59,76.71,75.3,75.88,5291500,2026-02-24T03:46:04Z
RTX,2007-11-01,28.56,29.06,28.51,28.71,13865508,74.72,76.03,74.59,75.11,5299400,2026-02-24T03:46:04Z
RTX,2007-11-02,28.91,29.01,28.47,28.63,9985329,75.65,75.9,74.5,74.9,3816400,2026-02-24T03:46:04Z
RTX,2007-11-05,29.09,29.24,28.66,28.67,10195436,76.11,76.51,75,75.02,3896700,2026-02-24T03:46:04Z
RTX,2007-11-06,29.28,29.33,28.9,29.17,9240690,76.62,76.75,75.61,76.33,3531800,2026-02-24T03:46:04Z
RTX,2007-11-07,28.46,29.23,28.42,29.09,12966468,74.46,76.47,74.37,76.11,4955800,2026-02-24T03:46:04Z
RTX,2007-11-08,28.55,28.72,28.29,28.55,16169773,74.7,75.14,74.02,74.7,6180100,2026-02-24T03:46:04Z
RTX,2007-11-09,28.1,28.46,28.06,28.4,18025575,73.51,74.47,73.42,74.31,6889400,2026-02-24T03:46:04Z
RTX,2007-11-12,28.26,28.6,27.99,27.99,13791699,73.93,74.82,73.23,73.23,5271200,2026-02-24T03:46:04Z
RTX,2007-11-13,28.79,28.81,28.28,28.44,11409708,75.33,75.37,74,74.4,4360800,2026-02-24T03:46:04Z
RTX,2007-11-14,28.76,29.11,28.68,29.05,9530730,74.92,75.83,74.72,75.69,3658200,2026-02-24T03:46:04Z
RTX,2007-11-15,28.38,28.73,28.17,28.7,12184263,73.95,74.85,73.38,74.77,4676700,2026-02-24T03:46:04Z
RTX,2007-11-16,28.52,28.7,28.16,28.63,12166785,74.3,74.76,73.37,74.6,4670000,2026-02-24T03:46:04Z
RTX,2007-11-19,28.22,28.43,27.95,28.35,14400334,73.53,74.08,72.83,73.85,5527300,2026-02-24T03:46:04Z
RTX,2007-11-20,28.53,28.79,28.23,28.33,13889192,74.32,75,73.56,73.8,5331100,2026-02-24T03:46:04Z
RTX,2007-11-21,27.94,28.45,27.9,27.91,11449548,72.78,74.13,72.68,72.71,4394700,2026-02-24T03:46:04Z
RTX,2007-11-23,28.2,28.22,27.94,28.07,3837886,73.46,73.53,72.8,73.12,1473100,2026-02-24T03:46:04Z
RTX,2007-11-26,27.9,28.49,27.87,28.19,10265181,72.68,74.22,72.6,73.44,3940100,2026-02-24T03:46:04Z
RTX,2007-11-27,28.4,28.5,27.87,28.08,13664597,74,74.26,72.6,73.15,5244900,2026-02-24T03:46:04Z
RTX,2007-11-28,29.11,29.27,28.44,28.68,14971955,75.85,76.26,74.09,74.71,5746700,2026-02-24T03:46:04Z
RTX,2007-11-29,28.96,29.14,28.86,29.07,8311709,75.44,75.92,75.19,75.75,3190300,2026-02-24T03:46:04Z
RTX,2007-11-30,28.7,29.39,28.59,29.24,13926415,74.77,76.56,74.49,76.17,5345400,2026-02-24T03:46:04Z
RTX,2007-12-03,28.76,28.9,28.41,28.41,12456768,74.93,75.3,74.02,74.02,4781300,2026-02-24T03:46:04Z
RTX,2007-12-04,28.69,28.94,28.53,28.53,8963049,74.75,75.39,74.33,74.33,3440300,2026-02-24T03:46:04Z
RTX,2007-12-05,29.5,29.53,29.17,29.25,12629510,76.85,76.93,76,76.2,4847600,2026-02-24T03:46:04Z
RTX,2007-12-06,29.93,29.95,29.26,29.49,11855469,77.99,78.04,76.22,76.82,4550500,2026-02-24T03:46:04Z
RTX,2007-12-07,29.97,30.09,29.72,29.89,9437221,78.07,78.4,77.42,77.87,3622300,2026-02-24T03:46:04Z
RTX,2007-12-10,30.26,30.3,29.99,29.99,6255358,78.83,78.95,78.13,78.13,2401000,2026-02-24T03:46:04Z
RTX,2007-12-11,29.33,30.44,29.27,30.26,14587116,76.42,79.3,76.26,78.83,5599000,2026-02-24T03:46:04Z
RTX,2007-12-12,29.47,30.04,29.09,30.04,13610901,76.78,78.26,75.8,78.26,5224300,2026-02-24T03:46:04Z
RTX,2007-12-13,29.79,29.87,28.98,29.39,9010480,77.61,77.81,75.5,76.56,3458500,2026-02-24T03:46:04Z
RTX,2007-12-14,29.44,29.93,29.34,29.59,13196159,76.69,77.97,76.45,77.1,5065100,2026-02-24T03:46:04Z
RTX,2007-12-17,28.8,29.42,28.72,29.36,11646524,75.04,76.65,74.83,76.48,4470300,2026-02-24T03:46:04Z
RTX,2007-12-18,29.14,29.24,28.64,29.09,11456334,75.92,76.18,74.63,75.8,4397300,2026-02-24T03:46:04Z
RTX,2007-12-19,29.09,29.4,28.77,29.19,10014567,75.8,76.6,74.95,76.05,3843900,2026-02-24T03:46:04Z
RTX,2007-12-20,29.32,29.36,29,29.25,9044320,76.4,76.48,75.55,76.2,3471500,2026-02-24T03:46:04Z
RTX,2007-12-21,29.87,29.94,29.4,29.4,17407117,77.83,78,76.59,76.59,6681400,2026-02-24T03:46:04Z
RTX,2007-12-24,30.01,30.27,29.84,29.85,6455186,78.18,78.85,77.75,77.78,2477700,2026-02-24T03:46:04Z
RTX,2007-12-26,29.87,30.07,29.62,30,6589601,77.82,78.33,77.16,78.16,2529300,2026-02-24T03:46:04Z
RTX,2007-12-27,29.49,30.02,29.38,29.97,6169370,76.84,78.2,76.53,78.08,2368000,2026-02-24T03:46:04Z
RTX,2007-12-28,29.51,29.76,29.41,29.65,5150958,76.87,77.53,76.61,77.25,1977100,2026-02-24T03:46:04Z
RTX,2007-12-31,29.38,29.61,29.27,29.47,6427305,76.54,77.14,76.27,76.77,2467000,2026-02-24T03:46:04Z
RTX,2008-01-02,28.87,29.61,28.73,29.42,11105905,75.21,77.14,74.85,76.64,4262800,2026-02-24T03:46:04Z
RTX,2008-01-03,29.28,29.44,28.8,28.91,11348466,76.28,76.69,75.02,75.31,4355900,2026-02-24T03:46:04Z
RTX,2008-01-04,28.8,29.24,28.75,29.05,14433962,75.02,76.19,74.9,75.69,5540200,2026-02-24T03:46:04Z
RTX,2008-01-07,28.66,29.06,28.44,28.91,15243147,74.67,75.7,74.1,75.33,5850800,2026-02-24T03:46:04Z
RTX,2008-01-08,27.56,28.86,27.42,28.86,21495871,71.79,75.19,71.44,75.19,8250800,2026-02-24T03:46:04Z
RTX,2008-01-09,27.62,28.05,27.08,27.5,24052766,71.96,73.07,70.56,71.66,9232200,2026-02-24T03:46:04Z
RTX,2008-01-10,27.79,27.93,26.88,27.47,18579756,72.39,72.77,70.03,71.56,7131500,2026-02-24T03:46:04Z
RTX,2008-01-11,27.51,27.82,27.36,27.59,14854201,71.68,72.47,71.28,71.87,5701500,2026-02-24T03:46:04Z
RTX,2008-01-14,27.71,27.83,27.49,27.68,11181475,72.19,72.5,71.61,72.11,4291800,2026-02-24T03:46:04Z
RTX,2008-01-15,27.39,27.74,27.32,27.61,11886472,71.36,72.28,71.18,71.94,4562400,2026-02-24T03:46:04Z
RTX,2008-01-16,27.27,27.73,27.11,27.36,18485965,71.04,72.25,70.62,71.28,7095500,2026-02-24T03:46:04Z
RTX,2008-01-17,26.14,27.33,25.97,27.24,23977700,68.09,71.21,67.66,70.98,9203400,2026-02-24T03:46:04Z
RTX,2008-01-18,26.12,26.87,25.99,26.32,23571574,68.05,70,67.71,68.58,9047500,2026-02-24T03:46:04Z
RTX,2008-01-22,25.81,26.12,25.03,25.13,29387657,67.24,68.04,65.2,65.48,11279900,2026-02-24T03:46:04Z
RTX,2008-01-23,27.24,27.4,25.36,25.45,32076117,70.98,71.39,66.08,66.3,12311800,2026-02-24T03:46:04Z
RTX,2008-01-24,27.85,27.97,27.31,27.41,21916679,72.56,72.87,71.15,71.41,8412300,2026-02-24T03:46:04Z
RTX,2008-01-25,27.92,28.49,27.83,28.22,20858607,72.75,74.22,72.5,73.53,8006200,2026-02-24T03:46:04Z
RTX,2008-01-28,28.3,28.38,27.63,27.81,15162371,73.73,73.95,71.99,72.45,5819800,2026-02-24T03:46:04Z
RTX,2008-01-29,28.09,28.53,27.91,28.51,12776680,73.18,74.32,72.71,74.27,4904100,2026-02-24T03:46:04Z
RTX,2008-01-30,27.92,28.56,27.77,28,17094200,72.75,74.41,72.34,72.95,6561300,2026-02-24T03:46:04Z
RTX,2008-01-31,28.12,28.4,27.5,27.5,18304911,73.27,74,71.65,71.65,7026000,2026-02-24T03:46:04Z
RTX,2008-02-01,28.45,28.5,28.12,28.21,12007604,74.12,74.26,73.25,73.5,4608900,2026-02-24T03:46:04Z
RTX,2008-02-04,28.42,28.52,28.25,28.45,8712158,74.05,74.31,73.6,74.12,3344000,2026-02-24T03:46:04Z
RTX,2008-02-05,27.77,28.3,27.71,27.98,16380902,72.35,73.74,72.2,72.9,6287500,2026-02-24T03:46:04Z
RTX,2008-02-06,27.59,28,27.52,27.91,12242863,71.87,72.94,71.7,72.7,4699200,2026-02-24T03:46:04Z
RTX,2008-02-07,27.43,27.6,27.19,27.46,19336899,71.47,71.91,70.83,71.53,7422100,2026-02-24T03:46:04Z
RTX,2008-02-08,27.39,27.67,27.19,27.34,13029404,71.35,72.09,70.83,71.22,5001100,2026-02-24T03:46:04Z
RTX,2008-02-11,27.47,27.5,27.03,27.43,9459107,71.57,71.66,70.42,71.47,3630700,2026-02-24T03:46:04Z
RTX,2008-02-12,27.95,28.21,27.53,27.59,13129739,72.82,73.5,71.72,71.88,5039600,2026-02-24T03:46:04Z
RTX,2008-02-13,28.34,28.34,27.93,28.28,12164959,73.52,73.52,72.44,73.36,4689900,2026-02-24T03:46:04Z
RTX,2008-02-14,28.01,28.41,27.94,28.41,10384250,72.65,73.7,72.48,73.69,4003400,2026-02-24T03:46:04Z
RTX,2008-02-15,27.58,27.95,27.36,27.95,13673826,71.53,72.5,70.96,72.5,5271600,2026-02-24T03:46:04Z
RTX,2008-02-19,27.74,28.01,27.68,27.95,10200352,71.95,72.65,71.79,72.49,3932500,2026-02-24T03:46:04Z
RTX,2008-02-20,27.78,27.8,27.33,27.55,9579141,72.05,72.1,70.9,71.46,3693000,2026-02-24T03:46:04Z
RTX,2008-02-21,27.33,27.83,27.31,27.82,11882740,70.89,72.18,70.83,72.17,4581100,2026-02-24T03:46:04Z
RTX,2008-02-22,27.85,27.93,27.25,27.25,9614677,72.23,72.44,70.69,70.69,3706700,2026-02-24T03:46:04Z
RTX,2008-02-25,28.3,28.36,27.84,27.92,16589566,73.41,73.57,72.2,72.42,6395700,2026-02-24T03:46:04Z
RTX,2008-02-26,28.26,28.43,28.02,28.11,13426625,73.29,73.75,72.69,72.92,5176300,2026-02-24T03:46:04Z
RTX,2008-02-27,28.12,28.32,27.95,28.16,13101083,72.93,73.46,72.5,73.05,5050800,2026-02-24T03:46:04Z
RTX,2008-02-28,27.82,28.09,27.68,27.97,10942982,72.17,72.86,71.79,72.55,4218800,2026-02-24T03:46:04Z
RTX,2008-02-29,27.18,27.7,27.13,27.46,12129931,70.51,71.85,70.36,71.24,4676400,2026-02-24T03:46:04Z
RTX,2008-03-03,26.76,26.96,26.29,26.96,21366158,69.4,69.94,68.2,69.93,8237200,2026-02-24T03:46:04Z
RTX,2008-03-04,26.56,26.63,26.29,26.56,21021197,68.9,69.08,68.2,68.9,8104200,2026-02-24T03:46:04Z
RTX,2008-03-05,26.88,27.09,26.33,26.33,13868583,69.73,70.28,68.29,68.29,5346700,2026-02-24T03:46:04Z
RTX,2008-03-06,26.54,27.06,26.53,26.81,12729656,68.83,70.19,68.82,69.53,4907600,2026-02-24T03:46:04Z
RTX,2008-03-07,26.02,26.71,25.97,26.41,17529586,67.49,69.28,67.36,68.49,6758100,2026-02-24T03:46:04Z
RTX,2008-03-10,25.53,26.06,25.5,26.06,18348971,66.23,67.6,66.14,67.6,7074000,2026-02-24T03:46:04Z
RTX,2008-03-11,26.36,26.36,25.65,26.06,15548380,68.37,68.37,66.53,67.59,5994300,2026-02-24T03:46:04Z
RTX,2008-03-12,26.29,26.61,26.23,26.41,11237148,68.2,69.02,68.05,68.5,4332200,2026-02-24T03:46:04Z
RTX,2008-03-13,26.41,26.6,25.86,25.98,13414918,68.51,68.99,67.08,67.39,5171800,2026-02-24T03:46:04Z
RTX,2008-03-14,26.1,26.66,25.81,26.66,15621292,67.71,69.15,66.95,69.15,6022400,2026-02-24T03:46:04Z
RTX,2008-03-17,26.05,26.29,25.56,25.56,20144448,67.56,68.19,66.29,66.29,7766200,2026-02-24T03:46:04Z
RTX,2008-03-18,26.92,26.93,26.35,26.55,18304639,69.83,69.86,68.35,68.88,7056900,2026-02-24T03:46:04Z
RTX,2008-03-19,26.51,27.18,26.51,26.98,15820713,68.76,70.49,68.76,69.99,6099300,2026-02-24T03:46:04Z
RTX,2008-03-20,26.61,26.86,26.27,26.68,16624604,69.01,69.68,68.14,69.2,6409200,2026-02-24T03:46:04Z
RTX,2008-03-24,27.12,27.26,26.68,26.76,11202389,70.34,70.7,69.2,69.42,4318800,2026-02-24T03:46:04Z
RTX,2008-03-25,27.05,27.22,26.81,27.15,11993780,70.16,70.6,69.55,70.42,4623900,2026-02-24T03:46:04Z
RTX,2008-03-26,26.84,26.95,26.68,26.95,10985783,69.61,69.91,69.21,69.9,4235300,2026-02-24T03:46:04Z
RTX,2008-03-27,26.76,27.21,26.7,26.99,11136468,69.41,70.58,69.27,70.01,4293400,2026-02-24T03:46:04Z
RTX,2008-03-28,26.43,27.08,26.35,26.89,12559733,68.55,70.24,68.34,69.74,4842100,2026-02-24T03:46:04Z
RTX,2008-03-31,26.53,26.73,26.28,26.47,13459023,68.82,69.33,68.16,68.66,5188800,2026-02-24T03:46:04Z
RTX,2008-04-01,27.46,27.6,26.69,26.69,19085661,71.24,71.6,69.24,69.24,7358000,2026-02-24T03:46:04Z
RTX,2008-04-02,27.44,27.7,27.31,27.65,13813874,71.18,71.84,70.84,71.73,5325600,2026-02-24T03:46:04Z
RTX,2008-04-03,27.28,27.43,27.05,27.42,9462659,70.76,71.14,70.17,71.12,3648100,2026-02-24T03:46:04Z
RTX,2008-04-04,27.65,27.91,27.26,27.37,11775077,71.73,72.4,70.7,70.99,4539600,2026-02-24T03:46:04Z
RTX,2008-04-07,27.68,27.98,27.56,27.8,10156779,71.79,72.57,71.48,72.1,3915700,2026-02-24T03:46:04Z
RTX,2008-04-08,27.68,27.68,27.37,27.51,8018936,71.8,71.8,71,71.35,3091500,2026-02-24T03:46:04Z
RTX,2008-04-09,27.3,27.77,27.1,27.64,11257600,70.81,72.02,70.3,71.7,4340100,2026-02-24T03:46:04Z
RTX,2008-04-10,27.7,27.83,27.21,27.33,11561887,71.85,72.18,70.59,70.89,4457400,2026-02-24T03:46:04Z
RTX,2008-04-11,26.81,27.37,26.74,27.25,20225135,69.53,70.99,69.35,70.69,7797300,2026-02-24T03:46:04Z
RTX,2008-04-14,26.98,27.14,26.74,26.74,13231032,69.99,70.41,69.37,69.37,5100900,2026-02-24T03:46:04Z
RTX,2008-04-15,27.31,27.55,27.01,27.18,11422856,70.84,71.45,70.05,70.5,4403800,2026-02-24T03:46:04Z
RTX,2008-04-16,28,28.23,27.43,27.43,16681672,72.63,73.23,71.15,71.15,6431200,2026-02-24T03:46:04Z
RTX,2008-04-17,27.29,27.53,27.02,27.5,17286301,70.79,71.42,70.09,71.33,6664300,2026-02-24T03:46:04Z
RTX,2008-04-18,27.95,27.99,27.45,27.81,18247028,72.51,72.61,71.19,72.13,7034700,2026-02-24T03:46:04Z
RTX,2008-04-21,27.79,27.89,27.6,27.75,9397059,72.09,72.34,71.6,71.98,3622800,2026-02-24T03:46:04Z
RTX,2008-04-22,27.54,27.72,27.34,27.63,10619547,71.44,71.9,70.92,71.66,4094100,2026-02-24T03:46:04Z
RTX,2008-04-23,27.7,27.89,27.39,27.7,11759782,71.86,72.34,71.04,71.85,4533700,2026-02-24T03:46:04Z
RTX,2008-04-24,28.03,28.19,27.66,27.76,11721674,72.7,73.13,71.76,72,4519000,2026-02-24T03:46:04Z
RTX,2008-04-25,28.02,28.19,27.79,28.14,8819136,72.68,73.11,72.09,73,3400000,2026-02-24T03:46:04Z
RTX,2008-04-28,28.16,28.38,27.96,27.96,10533420,73.04,73.6,72.53,72.53,4060900,2026-02-24T03:46:04Z
RTX,2008-04-29,28.19,28.28,27.89,28.18,8769340,73.11,73.36,72.34,73.09,3380800,2026-02-24T03:46:04Z
RTX,2008-04-30,27.94,28.47,27.89,28.19,13063447,72.47,73.84,72.33,73.11,5036300,2026-02-24T03:46:04Z
RTX,2008-05-01,28.72,28.8,27.95,27.95,13402767,74.5,74.7,72.5,72.5,5167100,2026-02-24T03:46:04Z
RTX,2008-05-02,28.95,29.07,28.76,28.88,14258707,75.1,75.4,74.59,74.9,5497100,2026-02-24T03:46:04Z
RTX,2008-05-05,28.77,28.91,28.69,28.8,8783079,74.62,75,74.42,74.69,3386100,2026-02-24T03:46:04Z
RTX,2008-05-06,28.79,28.88,28.47,28.71,6651191,74.68,74.92,73.84,74.48,2564200,2026-02-24T03:46:04Z
RTX,2008-05-07,28.15,28.91,28.16,28.86,11281741,73.03,75,73.03,74.86,4349400,2026-02-24T03:46:04Z
RTX,2008-05-08,28.55,28.66,28.23,28.28,9922822,74.06,74.34,73.23,73.35,3825500,2026-02-24T03:46:04Z
RTX,2008-05-09,28.19,28.39,27.91,28.39,10344562,73.13,73.63,72.39,73.63,3988100,2026-02-24T03:46:04Z
RTX,2008-05-12,28.75,28.75,28.19,28.21,8645611,74.57,74.57,73.13,73.17,3333100,2026-02-24T03:46:04Z
RTX,2008-05-13,28.88,29,28.59,28.76,8810563,74.92,75.22,74.17,74.61,3396700,2026-02-24T03:46:04Z
RTX,2008-05-14,29.1,29.37,28.91,29.07,11568027,75.16,75.86,74.66,75.08,4478900,2026-02-24T03:46:04Z
RTX,2008-05-15,28.76,29.05,28.67,28.98,12727713,74.29,75.02,74.06,74.85,4927900,2026-02-24T03:46:04Z
RTX,2008-05-16,28.64,28.87,28.45,28.75,14746641,73.96,74.56,73.49,74.26,5709600,2026-02-24T03:46:04Z
RTX,2008-05-19,28.79,29.04,28.56,28.57,9369316,74.36,75,73.76,73.79,3627600,2026-02-24T03:46:04Z
RTX,2008-05-20,28.42,28.75,28.27,28.67,12974625,73.4,74.25,73.01,74.06,5023500,2026-02-24T03:46:04Z
RTX,2008-05-21,27.88,28.66,27.83,28.52,15532838,72.02,74.02,71.87,73.67,6014000,2026-02-24T03:46:04Z
RTX,2008-05-22,27.82,28.02,27.7,27.89,10126305,71.84,72.36,71.55,72.02,3920700,2026-02-24T03:46:04Z
RTX,2008-05-23,27.11,27.66,27.06,27.59,18155410,70.01,71.43,69.89,71.26,7029400,2026-02-24T03:46:04Z
RTX,2008-05-27,27.41,27.43,27.04,27.05,11930641,70.8,70.84,69.83,69.87,4619300,2026-02-24T03:46:04Z
RTX,2008-05-28,27.19,27.57,27,27.5,12811369,70.23,71.22,69.73,71.03,4960300,2026-02-24T03:46:04Z
RTX,2008-05-29,27.19,27.53,26.91,27.09,14820256,70.23,71.1,69.5,69.96,5738100,2026-02-24T03:46:04Z
RTX,2008-05-30,27.51,27.58,27.01,27.22,13702960,71.04,71.23,69.76,70.3,5305500,2026-02-24T03:46:04Z
RTX,2008-06-02,27.39,27.5,27.11,27.27,11277453,70.73,71.03,70.01,70.43,4366400,2026-02-24T03:46:04Z
RTX,2008-06-03,27.01,27.53,26.82,27.48,17912113,69.76,71.1,69.26,70.97,6935200,2026-02-24T03:46:04Z
RTX,2008-06-04,26.82,26.99,26.7,26.87,18476170,69.26,69.71,68.95,69.41,7153600,2026-02-24T03:46:04Z
RTX,2008-06-05,27.09,27.14,26.74,26.89,14060932,69.97,70.1,69.07,69.44,5444100,2026-02-24T03:46:04Z
RTX,2008-06-06,25.94,26.88,25.91,26.76,30559449,67.01,69.43,66.93,69.12,11832000,2026-02-24T03:46:04Z
RTX,2008-06-09,26.15,26.23,25.74,26.08,16074954,67.55,67.74,66.47,67.36,6223900,2026-02-24T03:46:04Z
RTX,2008-06-10,25.97,26.18,25.95,26.02,13461965,67.08,67.61,67.02,67.2,5212200,2026-02-24T03:46:04Z
RTX,2008-06-11,25.81,26.02,25.78,25.94,15760126,66.65,67.2,66.59,67,6102000,2026-02-24T03:46:04Z
RTX,2008-06-12,26.3,26.71,26,26.07,20749057,67.92,69,67.15,67.32,8033600,2026-02-24T03:46:04Z
RTX,2008-06-13,26.55,26.77,26.36,26.51,13056237,68.56,69.14,68.07,68.46,5055100,2026-02-24T03:46:04Z
RTX,2008-06-16,26.67,26.8,26.29,26.44,12737264,68.88,69.23,67.91,68.3,4931600,2026-02-24T03:46:04Z
RTX,2008-06-17,26.49,26.86,26.4,26.8,13484216,68.41,69.37,68.19,69.23,5220800,2026-02-24T03:46:04Z
RTX,2008-06-18,26.36,26.59,26.27,26.27,12968409,68.07,68.69,67.85,67.85,5021100,2026-02-24T03:46:04Z
RTX,2008-06-19,26.65,26.71,25.94,26.29,13587760,68.82,69,66.99,67.9,5260900,2026-02-24T03:46:04Z
RTX,2008-06-20,26.64,26.69,26.24,26.5,22786301,68.8,68.94,67.78,68.43,8822400,2026-02-24T03:46:04Z
RTX,2008-06-23,26.65,26.8,26.5,26.72,11928063,68.82,69.23,68.43,69.01,4618300,2026-02-24T03:46:04Z
RTX,2008-06-24,26.39,26.71,26.31,26.52,14924894,68.16,69,67.95,68.49,5778600,2026-02-24T03:46:04Z
RTX,2008-06-25,25.56,26.44,25.48,26.29,28323580,66.02,68.28,65.82,67.9,10966300,2026-02-24T03:46:04Z
RTX,2008-06-26,24.31,25.43,24.26,25.32,37644606,62.79,65.68,62.65,65.41,14575200,2026-02-24T03:46:04Z
RTX,2008-06-27,23.68,24.3,23.64,24.29,34934481,61.15,62.75,61.05,62.73,13525900,2026-02-24T03:46:04Z
RTX,2008-06-30,23.89,24.06,23.43,23.68,25344300,61.7,62.15,60.51,61.15,9812800,2026-02-24T03:46:04Z
RTX,2008-07-01,23.49,23.75,23.06,23.58,37762918,60.68,61.34,59.55,60.9,14621000,2026-02-24T03:46:04Z
RTX,2008-07-02,23.11,23.7,23.11,23.6,23329222,59.7,61.21,59.7,60.95,9032600,2026-02-24T03:46:04Z
RTX,2008-07-03,23.64,23.65,23.23,23.26,13954256,61.05,61.09,59.99,60.08,5402800,2026-02-24T03:46:04Z
RTX,2008-07-07,23.46,24.03,23.32,23.69,18764958,60.58,62.06,60.22,61.19,7265400,2026-02-24T03:46:04Z
RTX,2008-07-08,23.92,24.18,23.42,23.45,17958588,61.77,62.46,60.5,60.58,6953200,2026-02-24T03:46:04Z
RTX,2008-07-09,23.66,24.07,23.63,23.99,21763300,61.12,62.18,61.02,61.96,8426300,2026-02-24T03:46:04Z
RTX,2008-07-10,24.07,24.16,23.66,23.66,17545846,62.17,62.4,61.12,61.12,6793400,2026-02-24T03:46:04Z
RTX,2008-07-11,23.5,23.93,23.14,23.74,22282962,60.69,61.8,59.76,61.31,8627500,2026-02-24T03:46:04Z
RTX,2008-07-14,23.64,23.84,23.29,23.73,11555626,61.05,61.56,60.15,61.3,4474100,2026-02-24T03:46:04Z
RTX,2008-07-15,23.26,23.56,22.79,23.49,17425270,60.08,60.84,58.87,60.68,6746700,2026-02-24T03:46:04Z
RTX,2008-07-16,23.66,23.71,22.83,23.29,22167016,61.11,61.25,58.96,60.16,8582600,2026-02-24T03:46:04Z
RTX,2008-07-17,25.05,25.29,24.23,24.97,37309595,64.7,65.31,62.58,64.5,14445500,2026-02-24T03:46:04Z
RTX,2008-07-18,24.81,25.17,24.55,25.17,20611648,64.09,65,63.4,65,7980400,2026-02-24T03:46:04Z
RTX,2008-07-21,24.8,24.96,24.51,24.96,12113521,64.05,64.48,63.31,64.48,4690100,2026-02-24T03:46:04Z
RTX,2008-07-22,25.27,25.29,24.67,24.81,16955456,65.27,65.33,63.71,64.09,6564800,2026-02-24T03:46:04Z
RTX,2008-07-23,25.47,25.54,25.07,25.45,16530312,65.78,65.96,64.74,65.73,6400200,2026-02-24T03:46:04Z
RTX,2008-07-24,24.86,25.55,24.8,25.53,16825798,64.2,65.98,64.04,65.94,6514600,2026-02-24T03:46:04Z
RTX,2008-07-25,25.26,25.28,24.92,24.93,13134752,65.23,65.29,64.37,64.39,5085500,2026-02-24T03:46:04Z
RTX,2008-07-28,24.81,25.35,24.78,25.35,12005017,64.07,65.48,64.01,65.48,4648100,2026-02-24T03:46:04Z
RTX,2008-07-29,25.37,25.41,24.78,24.8,14721349,65.52,65.63,64,64.04,5699800,2026-02-24T03:46:04Z
RTX,2008-07-30,25.65,25.79,25.31,25.42,14716177,66.25,66.62,65.38,65.66,5697800,2026-02-24T03:46:04Z
RTX,2008-07-31,24.77,25.57,24.76,25.48,17677097,63.98,66.05,63.95,65.8,6844200,2026-02-24T03:46:04Z
RTX,2008-08-01,24.61,24.91,24.37,24.81,15740251,63.56,64.33,62.94,64.07,6094300,2026-02-24T03:46:04Z
RTX,2008-08-04,24.69,24.87,24.26,24.57,13042298,63.76,64.23,62.65,63.47,5049700,2026-02-24T03:46:04Z
RTX,2008-08-05,25.38,25.4,24.65,24.84,14570280,65.54,65.6,63.67,64.16,5641300,2026-02-24T03:46:04Z
RTX,2008-08-06,25.77,25.84,25.14,25.32,18464025,66.55,66.74,64.92,65.39,7148900,2026-02-24T03:46:04Z
RTX,2008-08-07,25.07,25.54,25.03,25.49,18007413,64.74,65.95,64.64,65.83,6972100,2026-02-24T03:46:04Z
RTX,2008-08-08,25.89,25.92,24.97,25.12,15264239,66.86,66.95,64.5,64.89,5910000,2026-02-24T03:46:04Z
RTX,2008-08-11,26.03,26.17,25.69,25.82,12241346,67.22,67.6,66.35,66.69,4739600,2026-02-24T03:46:04Z
RTX,2008-08-12,25.75,26.03,25.67,25.93,11335044,66.51,67.24,66.3,66.96,4388700,2026-02-24T03:46:04Z
RTX,2008-08-13,25.72,25.89,25.37,25.73,11197247,66.1,66.56,65.21,66.14,4356300,2026-02-24T03:46:04Z
RTX,2008-08-14,25.72,26.07,25.41,25.57,11751150,66.12,67,65.31,65.71,4571800,2026-02-24T03:46:04Z
RTX,2008-08-15,25.99,26.18,25.69,25.81,11427286,66.8,67.3,66.03,66.35,4445800,2026-02-24T03:46:04Z
RTX,2008-08-18,25.61,26.11,25.4,26.11,11412107,65.83,67.11,65.28,67.11,4439900,2026-02-24T03:46:04Z
RTX,2008-08-19,25.27,25.47,25.14,25.4,10117941,64.95,65.46,64.61,65.29,3936400,2026-02-24T03:46:04Z
RTX,2008-08-20,25.19,25.35,24.89,25.28,11618765,64.75,65.15,63.99,64.98,4520300,2026-02-24T03:46:04Z
RTX,2008-08-21,24.98,25.16,24.71,24.94,10473416,64.21,64.68,63.52,64.1,4074700,2026-02-24T03:46:04Z
RTX,2008-08-22,25.67,25.7,24.51,25.24,10533330,65.98,66.06,63,64.88,4098000,2026-02-24T03:46:04Z
RTX,2008-08-25,25.27,25.6,25.09,25.56,11798436,64.96,65.79,64.48,65.7,4590200,2026-02-24T03:46:04Z
RTX,2008-08-26,25.25,25.34,25.04,25.15,8028776,64.89,65.13,64.36,64.65,3123600,2026-02-24T03:46:04Z
RTX,2008-08-27,25.31,25.41,25.09,25.23,9453508,65.05,65.3,64.5,64.84,3677900,2026-02-24T03:46:04Z
RTX,2008-08-28,25.96,26.06,25.29,25.44,9202891,66.72,66.98,65.01,65.39,3580400,2026-02-24T03:46:04Z
RTX,2008-08-29,25.52,26.02,25.46,25.81,10247233,65.59,66.89,65.43,66.34,3986700,2026-02-24T03:46:04Z
RTX,2008-09-02,25.74,26.44,25.56,25.96,14226640,66.16,67.95,65.7,66.73,5534900,2026-02-24T03:46:04Z
RTX,2008-09-03,26.23,26.38,25.79,26.38,14959998,67.42,67.8,66.3,67.8,5820200,2026-02-24T03:46:04Z
RTX,2008-09-04,25.24,26.06,24.99,25.96,22042129,64.88,66.99,64.24,66.72,8575500,2026-02-24T03:46:04Z
RTX,2008-09-05,24.93,25.32,24.77,25.09,17489467,64.08,65.07,63.68,64.48,6804300,2026-02-24T03:46:04Z
RTX,2008-09-08,25.59,25.71,25.02,25.39,18926566,65.78,66.08,64.3,65.27,7363400,2026-02-24T03:46:04Z
RTX,2008-09-09,24.94,25.68,24.94,25.51,19126762,64.11,66,64.11,65.56,7441300,2026-02-24T03:46:04Z
RTX,2008-09-10,24.63,25.07,24.47,25.07,15988641,63.32,64.45,62.9,64.45,6220400,2026-02-24T03:46:04Z
RTX,2008-09-11,24.87,24.87,24.25,24.51,18450551,63.93,63.93,62.32,62.99,7178200,2026-02-24T03:46:04Z
RTX,2008-09-12,25.08,25.25,24.65,24.67,15030950,64.46,64.9,63.35,63.41,5847800,2026-02-24T03:46:04Z
RTX,2008-09-15,24.56,24.95,24.32,24.44,20910088,63.12,64.12,62.52,62.83,8135100,2026-02-24T03:46:04Z
RTX,2008-09-16,24.55,24.82,24.08,24.18,24364656,63.11,63.79,61.9,62.16,9479100,2026-02-24T03:46:04Z
RTX,2008-09-17,23.62,24.35,23.57,24.23,23040660,60.71,62.58,60.59,62.27,8964000,2026-02-24T03:46:04Z
RTX,2008-09-18,24.31,24.43,23.2,23.86,27465576,62.49,62.78,59.64,61.33,10685500,2026-02-24T03:46:04Z
RTX,2008-09-19,25.02,26.06,23.74,25.1,28441488,64.3,66.99,61.01,64.51,11065200,2026-02-24T03:46:04Z
RTX,2008-09-22,23.97,25.13,23.84,24.9,19165379,61.62,64.6,61.28,64,7456300,2026-02-24T03:46:04Z
RTX,2008-09-23,23.4,24.3,23.33,24,16886988,60.15,62.47,59.96,61.7,6569900,2026-02-24T03:46:04Z
RTX,2008-09-24,23.2,23.62,23.01,23.2,15105720,59.63,60.72,59.14,59.63,5876900,2026-02-24T03:46:04Z
RTX,2008-09-25,23.02,23.52,22.9,23.39,20631464,59.17,60.46,58.87,60.11,8026700,2026-02-24T03:46:04Z
RTX,2008-09-26,23.68,23.7,22.48,22.61,15714932,60.86,60.92,57.79,58.12,6113900,2026-02-24T03:46:04Z
RTX,2008-09-29,22.04,23.42,21.84,23.3,24700630,56.66,60.2,56.15,59.89,9609800,2026-02-24T03:46:04Z
RTX,2008-09-30,23.37,23.48,22.16,22.39,23305669,60.06,60.36,56.97,57.55,9067100,2026-02-24T03:46:04Z
RTX,2008-10-01,23,23.33,22.81,23.14,21244280,59.12,59.96,58.62,59.48,8265100,2026-02-24T03:46:04Z
RTX,2008-10-02,21.39,22.91,21.36,22.74,26893180,54.98,58.89,54.89,58.45,10462800,2026-02-24T03:46:04Z
RTX,2008-10-03,21.34,22.21,21.32,21.93,25013885,54.86,57.1,54.79,56.36,9731700,2026-02-24T03:46:04Z
RTX,2008-10-06,20.48,21.2,19.57,20.96,32807732,52.65,54.48,50.31,53.88,12763900,2026-02-24T03:46:04Z
RTX,2008-10-07,19.5,21,19.46,20.44,28078354,50.12,53.99,50.03,52.54,10923900,2026-02-24T03:46:04Z
RTX,2008-10-08,19.33,20.23,18.93,18.99,35968349,49.68,51.99,48.66,48.8,13993500,2026-02-24T03:46:04Z
RTX,2008-10-09,18.02,19.82,18.02,19.74,30278308,46.33,50.95,46.33,50.74,11779800,2026-02-24T03:46:04Z
RTX,2008-10-10,18.53,19.7,16.84,17.51,53948201,47.63,50.63,43.28,45,20988600,2026-02-24T03:46:04Z
RTX,2008-10-13,21.06,21.08,19.04,19.18,35301076,54.13,54.19,48.94,49.3,13733900,2026-02-24T03:46:04Z
RTX,2008-10-14,20.44,22.42,20.08,22.42,40422426,52.53,57.63,51.61,57.63,15726400,2026-02-24T03:46:04Z
RTX,2008-10-15,19.16,21.12,18.99,19.99,37399969,49.25,54.29,48.82,51.39,14550500,2026-02-24T03:46:04Z
RTX,2008-10-16,20.57,20.8,18.53,19.29,41379128,52.88,53.47,47.63,49.57,16098600,2026-02-24T03:46:04Z
RTX,2008-10-17,19.73,20.82,19.59,20.52,29370916,50.71,53.51,50.34,52.73,11426800,2026-02-24T03:46:04Z
RTX,2008-10-20,20.32,20.34,19.16,19.86,28272846,52.23,52.29,49.25,51.04,10999600,2026-02-24T03:46:04Z
RTX,2008-10-21,19.82,20.34,19.61,19.79,18689018,50.95,52.29,50.41,50.87,7271000,2026-02-24T03:46:04Z
RTX,2008-10-22,18.91,19.71,18.48,19.62,25196181,48.6,50.66,47.51,50.42,9802600,2026-02-24T03:46:04Z
RTX,2008-10-23,18.94,19.44,17.92,19.05,30901632,48.69,49.96,46.07,48.97,12022300,2026-02-24T03:46:04Z
RTX,2008-10-24,18.41,19.03,17.52,17.7,23534189,47.31,48.91,45.04,45.5,9156000,2026-02-24T03:46:04Z
RTX,2008-10-27,17.58,18.59,17.51,17.97,21316283,45.18,47.78,45,46.2,8293100,2026-02-24T03:46:04Z
RTX,2008-10-28,19.95,20.02,17.77,17.99,28486287,51.29,51.46,45.67,46.25,11082600,2026-02-24T03:46:04Z
RTX,2008-10-29,20.26,21.01,19.8,20.15,29668088,52.08,54,50.9,51.8,11542400,2026-02-24T03:46:04Z
RTX,2008-10-30,20.84,21.34,20.13,21.01,20734505,53.57,54.84,51.74,54,8066800,2026-02-24T03:46:04Z
RTX,2008-10-31,21.38,21.64,20.43,20.97,19071753,54.96,55.62,52.5,53.9,7419900,2026-02-24T03:46:04Z
RTX,2008-11-03,21.11,21.67,21.04,21.36,10599389,54.25,55.7,54.09,54.91,4123700,2026-02-24T03:46:04Z
RTX,2008-11-04,22.27,22.43,21.55,21.79,20659465,57.25,57.64,55.39,56.01,8037600,2026-02-24T03:46:04Z
RTX,2008-11-05,20.88,22.15,20.81,21.97,20837584,53.67,56.94,53.5,56.46,8106900,2026-02-24T03:46:04Z
RTX,2008-11-06,19.69,21.09,19.54,20.62,22529398,50.61,54.2,50.23,53,8765100,2026-02-24T03:46:04Z
RTX,2008-11-07,20.16,20.21,19.51,19.69,15590721,51.81,51.96,50.15,50.62,6065600,2026-02-24T03:46:04Z
RTX,2008-11-10,20.3,21.1,20,20.63,17809744,52.19,54.24,51.41,53.02,6928900,2026-02-24T03:46:04Z
RTX,2008-11-11,20.15,20.62,19.45,20,17319029,51.8,53,50,51.41,6738000,2026-02-24T03:46:04Z
RTX,2008-11-12,19.21,19.93,19.18,19.63,17676355,49.01,50.85,48.93,50.07,6928500,2026-02-24T03:46:04Z
RTX,2008-11-13,20.49,20.56,18.25,19.3,30172422,52.28,52.45,46.57,49.25,11826500,2026-02-24T03:46:04Z
RTX,2008-11-14,19.69,20.99,19.5,20.1,18439389,50.23,53.56,49.74,51.28,7227600,2026-02-24T03:46:04Z
RTX,2008-11-17,18.87,19.81,18.82,19.21,20489613,48.15,50.54,48.01,49,8031200,2026-02-24T03:46:04Z
RTX,2008-11-18,19.33,19.4,18.5,18.68,23119508,49.32,49.5,47.2,47.65,9062000,2026-02-24T03:46:04Z
RTX,2008-11-19,18.03,19.42,17.98,19.29,25370179,45.99,49.55,45.86,49.22,9944200,2026-02-24T03:46:04Z
RTX,2008-11-20,16.94,18.18,16.76,17.68,42057855,43.22,46.39,42.76,45.1,16485200,2026-02-24T03:46:04Z
RTX,2008-11-21,18.29,18.43,16.37,16.95,40341591,46.67,47.03,41.76,43.25,15812500,2026-02-24T03:46:04Z
RTX,2008-11-24,19.25,19.55,18.08,18.49,25505635,49.11,49.87,46.13,47.17,9997300,2026-02-24T03:46:04Z
RTX,2008-11-25,18.47,19.6,18.26,19.19,33026420,47.13,50,46.59,48.95,12945200,2026-02-24T03:46:04Z
RTX,2008-11-26,18.71,18.72,17.91,18.12,21982056,47.73,47.77,45.7,46.22,8616200,2026-02-24T03:46:04Z
RTX,2008-11-28,19.02,19.09,18.64,18.77,10144061,48.53,48.7,47.56,47.88,3976100,2026-02-24T03:46:04Z
RTX,2008-12-01,17.88,18.79,17.82,18.48,23609347,45.62,47.93,45.45,47.16,9254000,2026-02-24T03:46:04Z
RTX,2008-12-02,18.05,18.27,17.66,18.2,24117566,46.06,46.6,45.05,46.43,9453200,2026-02-24T03:46:04Z
RTX,2008-12-03,18.55,18.62,17.72,17.96,20361344,47.32,47.51,45.2,45.82,7980900,2026-02-24T03:46:04Z
RTX,2008-12-04,18.48,18.89,18.2,18.32,24796175,47.16,48.2,46.42,46.74,9719200,2026-02-24T03:46:04Z
RTX,2008-12-05,19.21,19.36,17.96,18.29,24049639,49.01,49.4,45.82,46.66,9426600,2026-02-24T03:46:04Z
RTX,2008-12-08,19.07,19.79,19.02,19.64,25476537,48.65,50.5,48.53,50.11,9985900,2026-02-24T03:46:04Z
RTX,2008-12-09,18.8,19.12,18.48,18.98,24896703,47.97,48.78,47.16,48.43,9758600,2026-02-24T03:46:04Z
RTX,2008-12-10,18.82,19.2,18.5,18.99,18335358,48.01,48.97,47.21,48.45,7186800,2026-02-24T03:46:04Z
RTX,2008-12-11,18.45,19.07,18.29,18.49,17187763,47.08,48.64,46.65,47.18,6737000,2026-02-24T03:46:04Z
RTX,2008-12-12,19.14,19.19,17.84,17.96,25442908,48.82,48.95,45.52,45.81,9972700,2026-02-24T03:46:04Z
RTX,2008-12-15,19.45,19.64,19.16,19.4,20381919,49.63,50.1,48.87,49.49,7989000,2026-02-24T03:46:04Z
RTX,2008-12-16,20.25,20.31,19.24,19.85,23006697,51.67,51.82,49.08,50.65,9017800,2026-02-24T03:46:04Z
RTX,2008-12-17,19.83,20.17,19.68,19.95,16598185,50.6,51.47,50.22,50.9,6505900,2026-02-24T03:46:04Z
RTX,2008-12-18,19.92,20.27,19.81,19.9,20261288,50.81,51.72,50.53,50.78,7941700,2026-02-24T03:46:04Z
RTX,2008-12-19,20.14,20.53,19.72,20.46,30921459,51.37,52.37,50.3,52.2,12120100,2026-02-24T03:46:04Z
RTX,2008-12-22,20.28,20.35,19.58,19.85,20150764,51.74,51.91,49.95,50.65,7898400,2026-02-24T03:46:04Z
RTX,2008-12-23,19.84,20.52,19.75,20.38,14980721,50.62,52.36,50.39,52,5871900,2026-02-24T03:46:04Z
RTX,2008-12-24,20.05,20.15,19.77,19.91,3613590,51.15,51.4,50.45,50.79,1416400,2026-02-24T03:46:04Z
RTX,2008-12-26,20.04,20.19,19.84,20.08,5056337,51.13,51.52,50.61,51.22,1981900,2026-02-24T03:46:04Z
RTX,2008-12-29,20.12,20.12,19.75,19.96,9978476,51.33,51.33,50.38,50.92,3911200,2026-02-24T03:46:04Z
RTX,2008-12-30,20.79,20.83,20.16,20.3,12319465,53.04,53.14,51.43,51.78,4828800,2026-02-24T03:46:04Z
RTX,2008-12-31,21.01,21.2,20.79,20.83,11813304,53.6,54.08,53.04,53.15,4630400,2026-02-24T03:46:04Z
RTX,2009-01-02,21.54,21.65,20.79,20.95,11968920,54.95,55.24,53.03,53.46,4691400,2026-02-24T03:46:04Z
RTX,2009-01-05,21.28,21.55,21.09,21.29,13935427,54.3,54.98,53.8,54.32,5462200,2026-02-24T03:46:04Z
RTX,2009-01-06,21.51,21.76,21.2,21.4,13163963,54.88,55.51,54.1,54.6,5159800,2026-02-24T03:46:04Z
RTX,2009-01-07,20.98,21.13,20.71,21.03,14807992,53.52,53.91,52.84,53.65,5804200,2026-02-24T03:46:04Z
RTX,2009-01-08,20.97,21.07,20.68,20.84,15236587,53.51,53.76,52.77,53.17,5972200,2026-02-24T03:46:04Z
RTX,2009-01-09,20.66,21.17,20.6,21.11,11286479,52.7,54,52.55,53.85,4423900,2026-02-24T03:46:04Z
RTX,2009-01-12,20.52,20.82,20.38,20.64,11545936,52.36,53.12,52,52.67,4525600,2026-02-24T03:46:04Z
RTX,2009-01-13,19.91,20.61,19.72,20.41,17818190,50.8,52.57,50.3,52.08,6984100,2026-02-24T03:46:04Z
RTX,2009-01-14,19.61,19.79,19.3,19.56,15111801,50.03,50.5,49.25,49.9,5923300,2026-02-24T03:46:04Z
RTX,2009-01-15,19.48,19.8,18.89,19.61,16236667,49.69,50.51,48.18,50.03,6364200,2026-02-24T03:46:04Z
RTX,2009-01-16,20.03,20.19,19.45,19.81,20878409,51.1,51.5,49.62,50.55,8183600,2026-02-24T03:46:04Z
RTX,2009-01-20,19.35,20.09,19.27,19.95,20181457,49.36,51.25,49.15,50.9,7910400,2026-02-24T03:46:04Z
RTX,2009-01-21,19.3,19.55,18.5,19.44,30524173,49.25,49.89,47.19,49.59,11964400,2026-02-24T03:46:04Z
RTX,2009-01-22,19.19,19.34,18.71,19.07,20057162,48.95,49.35,47.74,48.66,7861700,2026-02-24T03:46:04Z
RTX,2009-01-23,18.58,18.87,18.4,18.6,15877999,47.41,48.15,46.94,47.45,6223600,2026-02-24T03:46:04Z
RTX,2009-01-26,19.08,19.38,18.61,18.77,16381869,48.67,49.43,47.49,47.9,6421100,2026-02-24T03:46:04Z
RTX,2009-01-27,19.3,19.54,19.02,19.31,12901146,49.24,49.85,48.53,49.26,5056800,2026-02-24T03:46:04Z
RTX,2009-01-28,19.86,20.02,19.38,19.38,12923120,50.66,51.07,49.44,49.44,5065400,2026-02-24T03:46:04Z
RTX,2009-01-29,19.08,19.67,19.01,19.6,15712183,48.68,50.19,48.5,50,6158600,2026-02-24T03:46:04Z
RTX,2009-01-30,18.81,19.54,18.56,19.1,17304871,47.99,49.85,47.35,48.74,6782900,2026-02-24T03:46:04Z
RTX,2009-02-02,18.63,18.88,18.4,18.52,15991237,47.54,48.17,46.94,47.26,6268000,2026-02-24T03:46:04Z
RTX,2009-02-03,18.94,19.07,18.48,18.91,13851780,48.31,48.64,47.15,48.24,5429400,2026-02-24T03:46:04Z
RTX,2009-02-04,18.63,19.15,18.56,18.92,14268873,47.53,48.86,47.35,48.27,5592900,2026-02-24T03:46:04Z
RTX,2009-02-05,18.83,19.02,18.23,18.51,16913525,48.05,48.53,46.52,47.23,6629500,2026-02-24T03:46:04Z
RTX,2009-02-06,19.22,19.43,18.81,18.88,18302469,49.03,49.57,47.99,48.17,7173900,2026-02-24T03:46:04Z
RTX,2009-02-09,19.45,19.55,19.05,19.24,17815692,49.62,49.87,48.6,49.09,6983100,2026-02-24T03:46:04Z
RTX,2009-02-10,18.45,19.51,18.32,19.3,20660844,47.06,49.78,46.75,49.25,8098300,2026-02-24T03:46:04Z
RTX,2009-02-11,18.67,18.83,18.42,18.52,11514084,47.62,48.03,47,47.26,4513100,2026-02-24T03:46:04Z
RTX,2009-02-12,18.39,18.43,17.8,18.27,16287737,46.91,47.01,45.41,46.6,6384200,2026-02-24T03:46:04Z
RTX,2009-02-13,18.46,18.8,18.34,18.48,11345416,47.09,47.96,46.78,47.14,4447000,2026-02-24T03:46:04Z
RTX,2009-02-17,17.91,18.31,17.71,18.02,27741748,45.68,46.71,45.18,45.97,10873800,2026-02-24T03:46:04Z
RTX,2009-02-18,17.73,18.14,17.6,18.09,16095063,44.85,45.9,44.52,45.75,6362300,2026-02-24T03:46:04Z
RTX,2009-02-19,17.68,18.16,17.63,17.87,13993602,44.72,45.93,44.61,45.2,5531600,2026-02-24T03:46:04Z
RTX,2009-02-20,17.39,17.67,17.11,17.41,21580753,43.99,44.7,43.28,44.03,8530800,2026-02-24T03:46:04Z
RTX,2009-02-23,16.74,17.58,16.69,17.45,19028545,42.35,44.48,42.22,44.14,7521900,2026-02-24T03:46:04Z
RTX,2009-02-24,17,17.14,16.51,16.74,23867186,43,43.35,41.76,42.35,9434600,2026-02-24T03:46:04Z
RTX,2009-02-25,16.41,16.86,16.23,16.86,25923873,41.52,42.66,41.06,42.66,10247600,2026-02-24T03:46:04Z
RTX,2009-02-26,16.25,16.63,16.21,16.5,19912893,41.1,42.08,41.01,41.75,7871500,2026-02-24T03:46:04Z
RTX,2009-02-27,16.14,16.35,15.85,16.05,32972329,40.83,41.35,40.1,40.61,13033800,2026-02-24T03:46:04Z
RTX,2009-03-02,15.48,15.94,15.45,15.9,33557920,39.17,40.33,39.08,40.23,13265300,2026-02-24T03:46:04Z
RTX,2009-03-03,15.24,15.63,15.18,15.61,29092854,38.55,39.53,38.41,39.48,11500300,2026-02-24T03:46:04Z
RTX,2009-03-04,15.48,15.75,15.37,15.48,24639197,39.16,39.84,38.88,39.17,9739800,2026-02-24T03:46:04Z
RTX,2009-03-05,14.99,15.37,14.87,15.06,27317318,37.92,38.87,37.61,38.09,10798400,2026-02-24T03:46:04Z
RTX,2009-03-06,15.23,15.33,14.92,15.12,30838220,38.54,38.78,37.74,38.24,12190200,2026-02-24T03:46:04Z
RTX,2009-03-09,14.85,15.32,14.78,15.03,19628106,37.56,38.75,37.4,38.03,7758900,2026-02-24T03:46:04Z
RTX,2009-03-10,16.12,16.12,14.99,15.14,30714753,40.79,40.79,37.93,38.29,12141400,2026-02-24T03:46:04Z
RTX,2009-03-11,16.23,16.48,15.95,16.15,25511706,41.06,41.69,40.35,40.85,10084700,2026-02-24T03:46:04Z
RTX,2009-03-12,16.52,16.6,15.81,16.14,19459588,41.8,41.99,40,40.82,7692300,2026-02-24T03:46:04Z
RTX,2009-03-13,16.04,16.57,15.93,16.39,22977909,40.57,41.92,40.3,41.46,9083100,2026-02-24T03:46:04Z
RTX,2009-03-16,16.25,16.69,16.13,16.16,21222299,41.12,42.22,40.8,40.89,8389100,2026-02-24T03:46:04Z
RTX,2009-03-17,16.49,16.5,15.89,16.29,18359676,41.71,41.73,40.2,41.2,7257500,2026-02-24T03:46:04Z
RTX,2009-03-18,16.55,16.79,16,16.4,21971661,41.88,42.48,40.47,41.49,8685300,2026-02-24T03:46:04Z
RTX,2009-03-19,16.23,16.71,16.16,16.71,17932898,41.05,42.27,40.89,42.27,7088800,2026-02-24T03:46:04Z
RTX,2009-03-20,16.02,16.57,15.97,16.45,26268489,40.53,41.92,40.39,41.61,10383800,2026-02-24T03:46:04Z
RTX,2009-03-23,17.19,17.21,16.3,16.35,20446904,43.48,43.55,41.24,41.36,8082600,2026-02-24T03:46:04Z
RTX,2009-03-24,17.08,17.35,16.93,16.93,15996135,43.21,43.88,42.83,42.84,6323200,2026-02-24T03:46:04Z
RTX,2009-03-25,17.27,17.67,16.89,17.19,26704001,43.69,44.71,42.72,43.49,10556000,2026-02-24T03:46:04Z
RTX,2009-03-26,17.97,18.02,17.22,17.31,23221126,45.47,45.59,43.56,43.8,9179200,2026-02-24T03:46:04Z
RTX,2009-03-27,17.58,17.91,17.5,17.8,13948514,44.48,45.31,44.28,45.02,5513800,2026-02-24T03:46:04Z
RTX,2009-03-30,16.84,17.36,16.66,17.23,16521270,42.6,43.91,42.14,43.6,6530800,2026-02-24T03:46:04Z
RTX,2009-03-31,16.99,17.34,16.84,16.85,16295635,42.98,43.86,42.6,42.63,6441600,2026-02-24T03:46:04Z
RTX,2009-04-01,17.35,17.46,16.63,16.78,18238972,43.88,44.18,42.06,42.45,7209800,2026-02-24T03:46:04Z
RTX,2009-04-02,18.16,18.48,17.67,17.76,25802895,45.94,46.75,44.69,44.93,10199800,2026-02-24T03:46:04Z
RTX,2009-04-03,18.04,18.31,17.77,18.29,16451962,45.63,46.32,44.95,46.26,6503400,2026-02-24T03:46:04Z
RTX,2009-04-06,18.31,18.33,17.64,17.91,14111729,46.31,46.36,44.63,45.3,5578300,2026-02-24T03:46:04Z
RTX,2009-04-07,17.85,18.21,17.75,18.02,14820529,45.16,46.08,44.9,45.58,5858500,2026-02-24T03:46:04Z
RTX,2009-04-08,17.64,17.94,17.35,17.9,17053565,44.62,45.38,43.89,45.28,6741200,2026-02-24T03:46:04Z
RTX,2009-04-09,18.69,18.78,18.08,18.17,19742213,47.29,47.5,45.74,45.97,7804000,2026-02-24T03:46:04Z
RTX,2009-04-13,18.34,18.52,18,18.52,12850848,46.39,46.84,45.54,46.84,5079900,2026-02-24T03:46:04Z
RTX,2009-04-14,18.01,18.29,17.86,18.18,15301918,45.55,46.26,45.17,46,6048800,2026-02-24T03:46:04Z
RTX,2009-04-15,18.48,18.66,17.91,17.95,15320694,46.76,47.2,45.31,45.4,6056200,2026-02-24T03:46:04Z
RTX,2009-04-16,18.78,18.93,18.17,18.64,14208309,47.5,47.88,45.97,47.16,5616500,2026-02-24T03:46:04Z
RTX,2009-04-17,18.71,19.08,18.69,18.87,16910116,47.32,48.26,47.28,47.74,6684500,2026-02-24T03:46:04Z
RTX,2009-04-20,18.11,18.49,17.99,18.43,14871930,45.81,46.77,45.5,46.63,5878800,2026-02-24T03:46:04Z
RTX,2009-04-21,18.97,19.31,18.57,18.65,27247126,47.99,48.85,46.99,47.17,10770700,2026-02-24T03:46:04Z
RTX,2009-04-22,18.54,19.15,18.52,18.83,20816317,46.89,48.44,46.84,47.63,8228600,2026-02-24T03:46:04Z
RTX,2009-04-23,18.99,19.03,18.29,18.5,20251944,48.04,48.15,46.26,46.79,8005500,2026-02-24T03:46:04Z
RTX,2009-04-24,19.52,19.64,18.91,19.08,19482397,49.37,49.68,47.84,48.26,7701300,2026-02-24T03:46:04Z
RTX,2009-04-27,19.16,19.5,19.04,19.32,12096986,48.46,49.34,48.16,48.87,4781900,2026-02-24T03:46:04Z
RTX,2009-04-28,18.96,19.2,18.71,18.85,9060784,47.97,48.56,47.34,47.69,3581700,2026-02-24T03:46:04Z
RTX,2009-04-29,19.33,19.63,19.03,19.16,13998843,48.91,49.66,48.15,48.47,5533700,2026-02-24T03:46:04Z
RTX,2009-04-30,19.31,19.88,19.18,19.56,16573895,48.84,50.28,48.52,49.48,6551600,2026-02-24T03:46:04Z
RTX,2009-05-01,19.57,19.68,19.23,19.48,11371747,49.52,49.79,48.66,49.27,4495200,2026-02-24T03:46:04Z
RTX,2009-05-04,20.23,20.32,19.61,19.61,17560219,51.18,51.4,49.62,49.62,6941500,2026-02-24T03:46:04Z
RTX,2009-05-05,20.49,20.52,20.12,20.12,12472177,51.83,51.9,50.9,50.9,4930200,2026-02-24T03:46:04Z
RTX,2009-05-06,20.67,20.89,20.36,20.69,12635820,52.29,52.85,51.51,52.34,4994900,2026-02-24T03:46:04Z
RTX,2009-05-07,20.44,20.86,20.24,20.67,15965269,51.72,52.76,51.2,52.28,6311000,2026-02-24T03:46:04Z
RTX,2009-05-08,21.17,21.19,20.17,20.72,18539511,53.55,53.61,51.03,52.42,7328600,2026-02-24T03:46:04Z
RTX,2009-05-11,20.75,21,20.6,20.91,13508086,52.5,53.13,52.11,52.9,5339700,2026-02-24T03:46:04Z
RTX,2009-05-12,20.89,20.98,20.45,20.91,16514216,52.84,53.07,51.74,52.89,6528000,2026-02-24T03:46:04Z
RTX,2009-05-13,20.15,20.48,19.86,20.48,20265039,50.61,51.44,49.87,51.44,8069500,2026-02-24T03:46:04Z
RTX,2009-05-14,20.51,20.73,20.21,20.23,16763262,51.51,52.05,50.75,50.8,6675100,2026-02-24T03:46:04Z
RTX,2009-05-15,20.42,20.68,20.28,20.46,17796172,51.28,51.94,50.92,51.38,7086400,2026-02-24T03:46:04Z
RTX,2009-05-18,21.1,21.13,20.37,20.37,15064618,52.98,53.07,51.16,51.16,5998700,2026-02-24T03:46:04Z
RTX,2009-05-19,20.83,21.17,20.79,21.04,13996358,52.3,53.17,52.21,52.84,5573300,2026-02-24T03:46:04Z
RTX,2009-05-20,20.6,21.06,20.54,20.98,15396422,51.74,52.89,51.59,52.69,6130800,2026-02-24T03:46:04Z
RTX,2009-05-21,20.21,20.38,19.87,20.32,15516171,50.76,51.18,49.9,51.04,6178500,2026-02-24T03:46:04Z
RTX,2009-05-22,20.32,20.61,20.12,20.22,10785855,51.04,51.76,50.52,50.78,4294900,2026-02-24T03:46:04Z
RTX,2009-05-26,21,21.12,20.16,20.31,13383563,52.74,53.03,50.64,51,5329300,2026-02-24T03:46:04Z
RTX,2009-05-27,20.48,21.18,20.48,21.04,12491284,51.44,53.2,51.43,52.84,4974000,2026-02-24T03:46:04Z
RTX,2009-05-28,20.86,20.93,20.29,20.5,12580701,52.38,52.57,50.95,51.49,5009600,2026-02-24T03:46:04Z
RTX,2009-05-29,20.95,20.98,20.6,20.92,11999826,52.61,52.7,51.73,52.53,4778300,2026-02-24T03:46:04Z
RTX,2009-06-01,22.01,22.13,21.19,21.3,15004359,55.27,55.58,53.21,53.49,5974700,2026-02-24T03:46:04Z
RTX,2009-06-02,22.13,22.27,21.77,21.98,13758776,55.58,55.92,54.67,55.21,5478700,2026-02-24T03:46:04Z
RTX,2009-06-03,21.78,22.05,21.58,21.95,12484022,54.69,55.37,54.2,55.12,4971100,2026-02-24T03:46:04Z
RTX,2009-06-04,21.95,22.06,21.77,21.84,12804225,55.13,55.41,54.67,54.86,5098600,2026-02-24T03:46:04Z
RTX,2009-06-05,22.45,22.69,22.24,22.25,21220653,56.39,56.99,55.86,55.89,8450000,2026-02-24T03:46:04Z
RTX,2009-06-08,22.49,22.68,22.01,22.4,13179923,56.49,56.97,55.28,56.25,5248200,2026-02-24T03:46:04Z
RTX,2009-06-09,22.11,22.56,21.94,22.53,14769839,55.52,56.65,55.09,56.57,5881300,2026-02-24T03:46:04Z
RTX,2009-06-10,22.1,22.39,21.72,22.32,15089236,55.5,56.22,54.55,56.05,6008500,2026-02-24T03:46:04Z
RTX,2009-06-11,22.12,22.43,22.03,22.18,12833830,55.55,56.32,55.32,55.71,5110400,2026-02-24T03:46:04Z
RTX,2009-06-12,22.24,22.29,21.81,22.04,9069861,55.84,55.97,54.77,55.34,3611600,2026-02-24T03:46:04Z
RTX,2009-06-15,21.79,22.06,21.49,22.02,14470190,54.72,55.4,53.97,55.31,5762000,2026-02-24T03:46:04Z
RTX,2009-06-16,21.73,22.01,21.64,21.8,15190218,54.58,55.28,54.35,54.75,6048700,2026-02-24T03:46:04Z
RTX,2009-06-17,21.77,21.99,21.64,21.69,14052102,54.68,55.23,54.35,54.46,5595500,2026-02-24T03:46:04Z
RTX,2009-06-18,21.87,22.02,21.73,21.77,13586726,54.93,55.3,54.56,54.67,5410200,2026-02-24T03:46:04Z
RTX,2009-06-19,21.58,22,21.52,21.99,21108621,54.2,55.25,54.03,55.22,8405400,2026-02-24T03:46:04Z
RTX,2009-06-22,20.94,21.44,20.83,21.44,14258039,52.58,53.85,52.32,53.85,5677500,2026-02-24T03:46:04Z
RTX,2009-06-23,20.64,21.09,20.57,21.03,13771042,51.84,52.96,51.65,52.82,5483600,2026-02-24T03:46:04Z
RTX,2009-06-24,20.23,20.91,20.09,20.81,16276354,50.81,52.52,50.44,52.27,6481200,2026-02-24T03:46:04Z
RTX,2009-06-25,20.72,20.85,20.12,20.16,15344674,52.03,52.35,50.54,50.63,6110200,2026-02-24T03:46:04Z
RTX,2009-06-26,20.53,20.74,20.38,20.6,30905258,51.55,52.08,51.19,51.74,12306400,2026-02-24T03:46:04Z
RTX,2009-06-29,20.89,20.96,20.59,20.63,12827336,52.47,52.64,51.7,51.8,5107800,2026-02-24T03:46:04Z
RTX,2009-06-30,20.69,20.95,20.37,20.87,17566627,51.96,52.61,51.15,52.4,6995000,2026-02-24T03:46:04Z
RTX,2009-07-01,20.82,20.98,20.72,20.77,11730104,52.28,52.69,52.04,52.15,4670900,2026-02-24T03:46:04Z
RTX,2009-07-02,20.01,20.61,19.87,20.59,13855204,50.24,51.76,49.9,51.7,5517100,2026-02-24T03:46:04Z
RTX,2009-07-06,20.27,20.3,19.64,19.86,15776884,50.9,50.98,49.33,49.87,6282300,2026-02-24T03:46:04Z
RTX,2009-07-07,19.68,20.3,19.66,20.26,15778080,49.43,50.99,49.38,50.89,6282800,2026-02-24T03:46:04Z
RTX,2009-07-08,19.78,19.93,19.52,19.81,17581751,49.68,50.05,49.01,49.74,7001000,2026-02-24T03:46:04Z
RTX,2009-07-09,19.77,20.16,19.71,19.98,10896089,49.65,50.63,49.49,50.19,4338800,2026-02-24T03:46:04Z
RTX,2009-07-10,19.77,19.91,19.51,19.59,12063358,49.64,49.99,49,49.21,4803600,2026-02-24T03:46:04Z
RTX,2009-07-13,20.48,20.52,19.75,19.85,14205782,51.42,51.53,49.61,49.85,5656700,2026-02-24T03:46:04Z
RTX,2009-07-14,20.54,20.6,20.26,20.55,9075162,51.58,51.74,50.87,51.6,3613700,2026-02-24T03:46:04Z
RTX,2009-07-15,21.4,21.48,20.71,20.8,16669118,53.75,53.93,52.02,52.23,6637600,2026-02-24T03:46:04Z
RTX,2009-07-16,21.49,21.61,21.1,21.42,10448087,53.97,54.26,53,53.8,4160400,2026-02-24T03:46:04Z
RTX,2009-07-17,21.42,21.5,21.2,21.43,11137946,53.8,53.99,53.24,53.83,4435100,2026-02-24T03:46:04Z
RTX,2009-07-20,21.89,21.91,21.48,21.52,11051564,54.97,55.03,53.95,54.04,4400700,2026-02-24T03:46:04Z
RTX,2009-07-21,21.49,21.76,21.32,21.68,18541563,53.97,54.64,53.55,54.45,7383200,2026-02-24T03:46:04Z
RTX,2009-07-22,21.15,21.61,21.07,21.43,20167655,53.12,54.28,52.91,53.81,8030700,2026-02-24T03:46:04Z
RTX,2009-07-23,21.26,21.4,20.96,21.2,28068936,53.38,53.74,52.64,53.25,11177000,2026-02-24T03:46:04Z
RTX,2009-07-24,20.8,21.32,20.65,21.26,19252490,52.23,53.53,51.85,53.38,7666300,2026-02-24T03:46:04Z
RTX,2009-07-27,20.75,20.89,20.59,20.77,15276839,52.11,52.46,51.72,52.16,6083200,2026-02-24T03:46:04Z
RTX,2009-07-28,20.88,20.95,20.56,20.64,13196722,52.44,52.62,51.64,51.84,5254900,2026-02-24T03:46:04Z
RTX,2009-07-29,21.18,21.24,20.69,20.76,12135678,53.2,53.34,51.95,52.14,4832400,2026-02-24T03:46:04Z
RTX,2009-07-30,21.59,21.9,21.28,21.38,19043608,54.23,54.99,53.43,53.7,7583100,2026-02-24T03:46:04Z
RTX,2009-07-31,21.69,21.83,21.51,21.61,14486042,54.47,54.83,54.01,54.26,5768300,2026-02-24T03:46:04Z
RTX,2009-08-03,21.97,22.05,21.55,21.55,15618420,55.18,55.38,54.12,54.12,6219200,2026-02-24T03:46:04Z
RTX,2009-08-04,21.82,22.04,21.71,21.9,15383608,54.79,55.36,54.52,55,6125700,2026-02-24T03:46:04Z
RTX,2009-08-05,21.59,21.88,21.37,21.84,11140434,54.22,54.94,53.67,54.85,4436100,2026-02-24T03:46:04Z
RTX,2009-08-06,21.92,22,21.46,21.71,15216296,55.06,55.26,53.89,54.53,6059100,2026-02-24T03:46:04Z
RTX,2009-08-07,22.14,22.3,21.95,22.13,14071426,55.59,56,55.11,55.57,5603200,2026-02-24T03:46:04Z
RTX,2009-08-10,22.26,22.47,22.04,22.08,12378775,55.89,56.43,55.35,55.46,4929200,2026-02-24T03:46:04Z
RTX,2009-08-11,22.21,22.31,22.08,22.28,13965433,55.77,56.02,55.44,55.95,5561000,2026-02-24T03:46:04Z
RTX,2009-08-12,23.16,23.41,22.18,22.18,21766140,58.17,58.8,55.7,55.71,8667200,2026-02-24T03:46:04Z
RTX,2009-08-13,22.86,23.14,22.67,23.13,14908953,57.4,58.12,56.94,58.08,5936700,2026-02-24T03:46:04Z
RTX,2009-08-14,22.78,22.97,22.45,22.78,11011858,57.21,57.68,56.37,57.21,4384900,2026-02-24T03:46:04Z
RTX,2009-08-17,22.35,22.7,22.2,22.6,13592499,56.13,57,55.76,56.76,5412500,2026-02-24T03:46:04Z
RTX,2009-08-18,22.62,22.75,22.39,22.42,9649224,56.81,57.13,56.23,56.3,3842300,2026-02-24T03:46:04Z
RTX,2009-08-19,22.45,22.7,22.27,22.4,16455660,56,56.62,55.55,55.88,6597300,2026-02-24T03:46:04Z
RTX,2009-08-20,22.96,22.96,22.39,22.43,12637637,57.26,57.26,55.84,55.96,5066600,2026-02-24T03:46:04Z
RTX,2009-08-21,23.54,23.59,22.94,23.12,17020843,58.71,58.84,57.22,57.68,6823900,2026-02-24T03:46:04Z
RTX,2009-08-24,23.77,23.94,23.56,23.63,14358958,59.3,59.72,58.77,58.93,5756700,2026-02-24T03:46:04Z
RTX,2009-08-25,23.94,24.31,23.67,23.82,16957215,59.71,60.63,59.04,59.41,6798400,2026-02-24T03:46:04Z
RTX,2009-08-26,23.96,24.04,23.72,23.93,9282041,59.77,59.97,59.17,59.7,3721300,2026-02-24T03:46:04Z
RTX,2009-08-27,24.06,24.23,23.87,23.9,10183740,60.01,60.44,59.53,59.62,4082800,2026-02-24T03:46:04Z
RTX,2009-08-28,23.91,24.2,23.81,24.17,9594319,59.64,60.37,59.39,60.29,3846500,2026-02-24T03:46:04Z
RTX,2009-08-31,23.8,23.8,23.59,23.77,9378315,59.36,59.36,58.83,59.28,3759900,2026-02-24T03:46:04Z
RTX,2009-09-01,23.68,24.21,23.49,23.79,15420520,59.06,60.4,58.6,59.35,6182300,2026-02-24T03:46:04Z
RTX,2009-09-02,23.59,23.77,23.52,23.65,9288778,58.85,59.29,58.67,58.99,3724000,2026-02-24T03:46:04Z
RTX,2009-09-03,23.91,23.95,23.59,23.6,11807515,59.65,59.75,58.85,58.86,4733800,2026-02-24T03:46:04Z
RTX,2009-09-04,24.26,24.33,23.84,23.93,8540485,60.52,60.69,59.47,59.68,3424000,2026-02-24T03:46:04Z
RTX,2009-09-08,24.21,24.41,23.99,24.35,12350265,60.38,60.88,59.83,60.74,4951400,2026-02-24T03:46:04Z
RTX,2009-09-09,24.55,24.6,24.25,24.25,12284168,61.24,61.37,60.49,60.49,4924900,2026-02-24T03:46:04Z
RTX,2009-09-10,24.84,24.86,24.35,24.56,11408153,61.95,62,60.74,61.25,4573700,2026-02-24T03:46:04Z
RTX,2009-09-11,24.85,24.87,24.62,24.87,11886577,61.99,62.04,61.41,62.04,4765500,2026-02-24T03:46:04Z
RTX,2009-09-14,24.68,24.76,24.51,24.66,12067911,61.56,61.76,61.14,61.51,4838200,2026-02-24T03:46:04Z
RTX,2009-09-15,24.57,24.75,24.53,24.72,13499168,61.29,61.73,61.18,61.67,5412000,2026-02-24T03:46:04Z
RTX,2009-09-16,24.84,25,24.6,24.74,18123542,61.95,62.35,61.35,61.7,7266000,2026-02-24T03:46:04Z
RTX,2009-09-17,25.07,25.27,24.82,24.82,16671136,62.52,63.04,61.92,61.92,6683700,2026-02-24T03:46:04Z
RTX,2009-09-18,25.19,25.37,25.06,25.14,17053273,62.82,63.28,62.5,62.72,6836900,2026-02-24T03:46:04Z
RTX,2009-09-21,25.13,25.27,24.98,25.05,9206218,62.67,63.02,62.3,62.47,3690900,2026-02-24T03:46:04Z
RTX,2009-09-22,25.35,25.38,25.18,25.34,11434107,63.23,63.3,62.8,63.21,4584100,2026-02-24T03:46:04Z
RTX,2009-09-23,25.15,25.55,25.12,25.45,11719210,62.74,63.72,62.67,63.48,4698400,2026-02-24T03:46:04Z
RTX,2009-09-24,24.99,25.26,24.86,25.23,11722715,62.34,63,62.01,62.93,4699800,2026-02-24T03:46:04Z
RTX,2009-09-25,24.67,24.93,24.46,24.93,11643623,61.54,62.19,61.01,62.19,4668100,2026-02-24T03:46:04Z
RTX,2009-09-28,24.71,24.92,24.68,24.82,13383890,61.64,62.15,61.56,61.9,5365800,2026-02-24T03:46:04Z
RTX,2009-09-29,24.58,24.83,24.56,24.72,10098899,61.31,61.93,61.25,61.66,4048800,2026-02-24T03:46:04Z
RTX,2009-09-30,24.43,24.67,24.05,24.52,16200472,60.93,61.53,59.98,61.17,6495000,2026-02-24T03:46:04Z
RTX,2009-10-01,24.05,24.45,24.02,24.39,15048620,59.99,60.98,59.91,60.83,6033200,2026-02-24T03:46:04Z
RTX,2009-10-02,23.91,24.03,23.78,23.81,11630162,59.63,59.94,59.31,59.38,4662700,2026-02-24T03:46:04Z
RTX,2009-10-05,24.23,24.25,23.8,24.05,8886202,60.43,60.48,59.37,60,3562600,2026-02-24T03:46:04Z
RTX,2009-10-06,24.65,24.82,24.33,24.41,9295513,61.49,61.92,60.69,60.88,3726700,2026-02-24T03:46:04Z
RTX,2009-10-07,24.48,24.64,24.4,24.4,5924715,61.07,61.46,60.86,60.86,2375300,2026-02-24T03:46:04Z
RTX,2009-10-08,24.77,24.97,24.57,24.7,11135046,61.78,62.28,61.29,61.6,4464200,2026-02-24T03:46:04Z
RTX,2009-10-09,24.92,24.95,24.77,24.79,7013459,62.17,62.22,61.78,61.84,2811800,2026-02-24T03:46:04Z
RTX,2009-10-12,24.64,25.05,24.47,24.98,9012402,61.47,62.49,61.04,62.32,3613200,2026-02-24T03:46:04Z
RTX,2009-10-13,24.84,24.92,24.54,24.64,9186742,61.97,62.15,61.21,61.47,3683100,2026-02-24T03:46:04Z
RTX,2009-10-14,25.56,25.61,24.96,25.15,13059141,63.76,63.87,62.25,62.74,5235600,2026-02-24T03:46:04Z
RTX,2009-10-15,25.82,25.84,25.44,25.44,14139170,64.4,64.44,63.46,63.46,5668600,2026-02-24T03:46:04Z
RTX,2009-10-16,26.02,26.1,25.71,25.72,15481385,64.89,65.09,64.12,64.16,6206700,2026-02-24T03:46:04Z
RTX,2009-10-19,26.24,26.4,25.98,26.07,14915628,65.44,65.86,64.79,65.03,5979900,2026-02-24T03:46:04Z
RTX,2009-10-20,26.22,26.41,25.58,25.82,16380815,65.4,65.88,63.8,64.41,6567300,2026-02-24T03:46:04Z
RTX,2009-10-21,26.22,26.57,25.96,26.12,14542017,65.4,66.26,64.76,65.14,5830100,2026-02-24T03:46:04Z
RTX,2009-10-22,26.42,26.48,26.02,26.16,11977114,65.9,66.06,64.9,65.26,4801800,2026-02-24T03:46:04Z
RTX,2009-10-23,26.38,26.61,26.28,26.46,13875034,65.81,66.36,65.54,66,5562700,2026-02-24T03:46:04Z
RTX,2009-10-26,25.99,26.57,25.83,26.38,13610879,64.83,66.26,64.42,65.81,5456800,2026-02-24T03:46:04Z
RTX,2009-10-27,25.69,26.23,25.62,26.07,13984280,64.09,65.43,63.91,65.02,5606500,2026-02-24T03:46:04Z
RTX,2009-10-28,25.1,25.79,25.09,25.57,12486197,62.61,64.32,62.58,63.78,5005900,2026-02-24T03:46:04Z
RTX,2009-10-29,25.49,25.55,24.99,25.14,12448800,63.58,63.74,62.34,62.71,4990900,2026-02-24T03:46:04Z
RTX,2009-10-30,24.64,25.57,24.62,25.43,20400860,61.45,63.78,61.42,63.42,8179000,2026-02-24T03:46:04Z
RTX,2009-11-02,25.12,25.23,24.63,24.74,11446347,62.66,62.94,61.43,61.71,4589000,2026-02-24T03:46:04Z
RTX,2009-11-03,25.34,25.4,24.93,24.93,11054712,63.2,63.35,62.17,62.17,4432000,2026-02-24T03:46:04Z
RTX,2009-11-04,25.49,25.91,25.41,25.48,11090653,63.58,64.64,63.39,63.55,4446400,2026-02-24T03:46:04Z
RTX,2009-11-05,26.24,26.26,25.62,25.67,9114402,65.45,65.5,63.9,64.03,3654100,2026-02-24T03:46:04Z
RTX,2009-11-06,26.09,26.35,25.93,26.2,9715544,65.07,65.72,64.69,65.36,3895100,2026-02-24T03:46:04Z
RTX,2009-11-09,26.75,26.76,26.1,26.31,9564632,66.73,66.75,65.11,65.63,3834600,2026-02-24T03:46:04Z
RTX,2009-11-10,26.75,26.94,26.58,26.76,8860991,66.73,67.2,66.29,66.74,3552500,2026-02-24T03:46:04Z
RTX,2009-11-11,26.85,27.04,26.71,26.8,8503067,66.97,67.45,66.63,66.86,3409000,2026-02-24T03:46:04Z
RTX,2009-11-12,26.74,27.09,26.66,26.92,11640375,66.7,67.57,66.51,67.15,4666800,2026-02-24T03:46:04Z
RTX,2009-11-13,27.26,27.36,26.73,26.8,12349506,67.99,68.25,66.66,66.86,4951100,2026-02-24T03:46:04Z
RTX,2009-11-16,27.8,27.82,27.27,27.38,13401879,69.34,69.4,68.01,68.3,5373000,2026-02-24T03:46:04Z
RTX,2009-11-17,28.04,28.05,27.7,27.82,12000573,69.93,69.96,69.08,69.38,4811200,2026-02-24T03:46:04Z
RTX,2009-11-18,27.74,28.12,27.57,28.11,14781174,68.81,69.76,68.4,69.74,5958800,2026-02-24T03:46:04Z
RTX,2009-11-19,27.42,27.61,27.13,27.61,10440218,68.01,68.48,67.29,68.48,4208800,2026-02-24T03:46:04Z
RTX,2009-11-20,27.4,27.46,27.21,27.3,8337928,67.97,68.11,67.49,67.73,3361300,2026-02-24T03:46:04Z
RTX,2009-11-23,27.71,27.87,27.53,27.62,8088133,68.73,69.13,68.29,68.52,3260600,2026-02-24T03:46:04Z
RTX,2009-11-24,27.52,27.71,27.38,27.61,9640489,68.27,68.73,67.91,68.5,3886400,2026-02-24T03:46:04Z
RTX,2009-11-25,27.54,27.6,27.38,27.6,6756561,68.31,68.47,67.92,68.47,2723800,2026-02-24T03:46:04Z
RTX,2009-11-27,27.09,27.24,26.75,26.98,6446737,67.2,67.58,66.35,66.93,2598900,2026-02-24T03:46:04Z
RTX,2009-11-30,27.11,27.2,26.82,27.08,10694216,67.24,67.46,66.52,67.17,4311200,2026-02-24T03:46:04Z
RTX,2009-12-01,27.41,27.69,27.37,27.41,9565310,68,68.69,67.9,68,3856100,2026-02-24T03:46:04Z
RTX,2009-12-02,27.47,27.68,27.22,27.3,6593090,68.15,68.65,67.52,67.73,2657900,2026-02-24T03:46:04Z
RTX,2009-12-03,27.11,27.61,27.08,27.43,9395132,67.26,68.49,67.18,68.05,3787500,2026-02-24T03:46:04Z
RTX,2009-12-04,27.54,27.74,27.21,27.33,10887952,68.32,68.82,67.5,67.79,4389300,2026-02-24T03:46:04Z
RTX,2009-12-07,27.76,27.9,27.49,27.54,8648001,68.86,69.2,68.2,68.32,3486300,2026-02-24T03:46:04Z
RTX,2009-12-08,27.51,27.62,27.17,27.62,10189181,68.23,68.52,67.39,68.52,4107600,2026-02-24T03:46:04Z
RTX,2009-12-09,27.18,27.37,26.91,27.31,11995539,67.41,67.9,66.75,67.74,4835800,2026-02-24T03:46:04Z
RTX,2009-12-10,27.38,27.82,27.24,27.32,11872971,67.93,69,67.58,67.78,4786400,2026-02-24T03:46:04Z
RTX,2009-12-11,27.98,28.08,27.68,27.74,14399942,69.4,69.65,68.65,68.82,5805100,2026-02-24T03:46:04Z
RTX,2009-12-14,28.18,28.21,28.01,28.18,12401323,69.91,69.98,69.47,69.9,4999400,2026-02-24T03:46:04Z
