ticker,tradeDate,clsPx,hiPx,loPx,open,stockVolume,unadjClsPx,unadjHiPx,unadjLoPx,unadjOpen,unadjStockVolume,updatedAt
SBUX,2006-01-03,11.45,11.5,11.09,11.34,17244762,30.87,31,29.9,30.57,6397600,2026-02-14T03:46:33Z
SBUX,2006-01-04,11.75,11.77,11.46,11.57,16420194,31.67,31.72,30.88,31.18,6091700,2026-02-14T03:46:33Z
SBUX,2006-01-05,11.73,11.87,11.64,11.76,10825715,31.61,31.99,31.39,31.7,4016200,2026-02-14T03:46:33Z
SBUX,2006-01-06,11.73,11.78,11.6,11.74,12412842,31.62,31.75,31.27,31.66,4605000,2026-02-14T03:46:33Z
SBUX,2006-01-09,11.61,11.77,11.57,11.76,11345672,31.3,31.73,31.19,31.71,4209100,2026-02-14T03:46:33Z
SBUX,2006-01-10,11.51,11.6,11.5,11.57,10268568,31.02,31.28,30.99,31.2,3809500,2026-02-14T03:46:33Z
SBUX,2006-01-11,11.55,11.61,11.41,11.46,9507353,31.12,31.3,30.75,30.9,3527100,2026-02-14T03:46:33Z
SBUX,2006-01-12,11.49,11.59,11.48,11.54,8295947,30.96,31.23,30.94,31.12,3077700,2026-02-14T03:46:33Z
SBUX,2006-01-13,11.61,11.67,11.49,11.55,8046092,31.29,31.45,30.97,31.14,2985000,2026-02-14T03:46:33Z
SBUX,2006-01-17,11.55,11.68,11.52,11.53,9826973,31.14,31.49,31.06,31.08,3645700,2026-02-14T03:46:33Z
SBUX,2006-01-18,11.55,11.71,11.49,11.5,9188212,31.13,31.55,30.98,31.01,3408700,2026-02-14T03:46:33Z
SBUX,2006-01-19,11.63,11.72,11.5,11.54,8967386,31.35,31.58,30.99,31.11,3326800,2026-02-14T03:46:33Z
SBUX,2006-01-20,11.24,11.7,11.2,11.66,17550774,30.31,31.53,30.18,31.44,6511100,2026-02-14T03:46:33Z
SBUX,2006-01-23,11.22,11.41,11.1,11.29,9668756,30.24,30.75,29.91,30.42,3587000,2026-02-14T03:46:33Z
SBUX,2006-01-24,11.39,11.41,11.2,11.22,10247538,30.71,30.75,30.2,30.24,3801700,2026-02-14T03:46:33Z
SBUX,2006-01-25,11.26,11.41,11.2,11.38,9806782,30.36,30.76,30.19,30.68,3638200,2026-02-14T03:46:33Z
SBUX,2006-01-26,11.68,11.69,11.31,11.44,12531955,31.49,31.52,30.5,30.83,4649200,2026-02-14T03:46:33Z
SBUX,2006-01-27,11.85,11.99,11.66,11.72,12674768,31.95,32.31,31.44,31.59,4702200,2026-02-14T03:46:33Z
SBUX,2006-01-30,11.82,11.99,11.77,11.9,9031549,31.87,32.32,31.72,32.09,3350600,2026-02-14T03:46:33Z
SBUX,2006-01-31,11.76,11.88,11.62,11.86,12225484,31.7,32.03,31.33,31.96,4535500,2026-02-14T03:46:33Z
SBUX,2006-02-01,11.63,11.88,11.55,11.6,18423750,31.36,32.03,31.14,31.28,6835000,2026-02-14T03:46:33Z
SBUX,2006-02-02,12.76,12.93,12.24,12.3,55468316,34.4,34.85,33,33.15,20578100,2026-02-14T03:46:33Z
SBUX,2006-02-03,12.57,12.82,12.48,12.69,25230682,33.88,34.56,33.63,34.2,9360300,2026-02-14T03:46:33Z
SBUX,2006-02-06,12.8,12.8,12.42,12.43,16813182,34.49,34.51,33.49,33.5,6237500,2026-02-14T03:46:33Z
SBUX,2006-02-07,12.73,12.82,12.63,12.76,19818445,34.32,34.56,34.05,34.4,7352400,2026-02-14T03:46:33Z
SBUX,2006-02-08,12.88,12.98,12.69,12.8,17264983,34.72,35,34.2,34.51,6405100,2026-02-14T03:46:33Z
SBUX,2006-02-09,13.06,13.11,12.88,13.03,18866868,35.19,35.33,34.72,35.11,6999400,2026-02-14T03:46:33Z
SBUX,2006-02-10,13.17,13.22,12.98,13.12,14142478,35.5,35.63,35,35.36,5246700,2026-02-14T03:46:33Z
SBUX,2006-02-13,12.82,12.88,12.64,12.75,18644617,34.57,34.71,34.07,34.36,6916900,2026-02-14T03:46:33Z
SBUX,2006-02-14,12.86,12.95,12.78,12.91,14871971,34.67,34.91,34.44,34.8,5517300,2026-02-14T03:46:33Z
SBUX,2006-02-15,13.05,13.1,12.64,12.88,13304262,35.18,35.3,34.07,34.71,4935700,2026-02-14T03:46:33Z
SBUX,2006-02-16,13.3,13.3,13.02,13.1,14558443,35.85,35.85,35.1,35.32,5401000,2026-02-14T03:46:33Z
SBUX,2006-02-17,13.13,13.33,13.12,13.19,10858273,35.39,35.92,35.37,35.56,4028300,2026-02-14T03:46:33Z
SBUX,2006-02-21,13.08,13.37,12.96,13.15,11674264,35.26,36.05,34.92,35.45,4331000,2026-02-14T03:46:33Z
SBUX,2006-02-22,13.36,13.49,13.12,13.13,14060819,36.02,36.37,35.36,35.4,5216400,2026-02-14T03:46:33Z
SBUX,2006-02-23,13.42,13.68,13.33,13.36,14791083,36.17,36.87,35.92,36.01,5487300,2026-02-14T03:46:33Z
SBUX,2006-02-24,13.33,13.49,13.2,13.47,12176393,35.92,36.37,35.58,36.3,4517300,2026-02-14T03:46:33Z
SBUX,2006-02-27,13.62,13.64,13.29,13.31,10887191,36.7,36.78,35.82,35.87,4039000,2026-02-14T03:46:33Z
SBUX,2006-02-28,13.47,13.61,13.33,13.56,13310117,36.32,36.69,35.94,36.54,4937900,2026-02-14T03:46:33Z
SBUX,2006-03-01,13.46,13.59,13.3,13.48,11651089,36.28,36.62,35.85,36.33,4322400,2026-02-14T03:46:33Z
SBUX,2006-03-02,13.15,13.47,13.1,13.41,19859709,35.45,36.31,35.32,36.16,7367700,2026-02-14T03:46:33Z
SBUX,2006-03-03,13.2,13.52,13.17,13.37,15582776,35.58,36.43,35.5,36.04,5781000,2026-02-14T03:46:33Z
SBUX,2006-03-06,13.32,13.53,13.06,13.23,15646842,35.91,36.46,35.2,35.67,5804800,2026-02-14T03:46:33Z
SBUX,2006-03-07,13.19,13.45,13.13,13.3,11572363,35.55,36.24,35.38,35.85,4293200,2026-02-14T03:46:33Z
SBUX,2006-03-08,13.11,13.33,12.91,13.33,10980700,35.35,35.94,34.79,35.92,4073700,2026-02-14T03:46:33Z
SBUX,2006-03-09,12.95,13.22,12.93,13.1,9530766,34.92,35.64,34.85,35.3,3535800,2026-02-14T03:46:33Z
SBUX,2006-03-10,13.13,13.26,12.88,13.04,16622596,35.39,35.73,34.73,35.15,6166800,2026-02-14T03:46:33Z
SBUX,2006-03-13,13,13.18,12.95,13,10723263,35.03,35.52,34.9,35.05,3978200,2026-02-14T03:46:33Z
SBUX,2006-03-14,13.45,13.5,12.92,12.99,15290537,36.25,36.4,34.83,35.01,5672600,2026-02-14T03:46:33Z
SBUX,2006-03-15,13.54,13.59,13.41,13.45,13063197,36.51,36.62,36.16,36.25,4846300,2026-02-14T03:46:33Z
SBUX,2006-03-16,13.42,13.62,13.39,13.58,8949915,36.18,36.72,36.1,36.61,3320300,2026-02-14T03:46:33Z
SBUX,2006-03-17,13.58,13.76,13.43,13.47,21922765,36.61,37.1,36.2,36.31,8133100,2026-02-14T03:46:33Z
SBUX,2006-03-20,13.69,13.86,13.63,13.65,13579191,36.89,37.35,36.73,36.79,5037700,2026-02-14T03:46:33Z
SBUX,2006-03-21,13.46,13.86,13.45,13.72,12815819,36.28,37.37,36.24,36.99,4754500,2026-02-14T03:46:33Z
SBUX,2006-03-22,13.56,13.63,13.42,13.48,10027294,36.56,36.74,36.17,36.34,3720000,2026-02-14T03:46:33Z
SBUX,2006-03-23,13.4,13.54,13.29,13.47,9934281,36.13,36.49,35.82,36.3,3685500,2026-02-14T03:46:33Z
SBUX,2006-03-24,13.59,13.69,13.41,13.46,9905696,36.62,36.89,36.14,36.28,3674900,2026-02-14T03:46:33Z
SBUX,2006-03-27,13.57,13.7,13.47,13.58,11881560,36.59,36.92,36.32,36.6,4407900,2026-02-14T03:46:33Z
SBUX,2006-03-28,13.58,13.81,13.48,13.63,13104255,36.6,37.22,36.33,36.75,4861500,2026-02-14T03:46:33Z
SBUX,2006-03-29,13.92,14.01,13.59,13.7,17385442,37.53,37.77,36.64,36.93,6449800,2026-02-14T03:46:33Z
SBUX,2006-03-30,13.92,14.14,13.8,13.96,12983689,37.53,38.11,37.2,37.63,4816800,2026-02-14T03:46:33Z
SBUX,2006-03-31,13.96,14.07,13.89,13.92,11607095,37.63,37.93,37.44,37.52,4306100,2026-02-14T03:46:33Z
SBUX,2006-04-03,14.09,14.28,14.01,14.09,20527669,37.99,38.5,37.75,37.98,7615500,2026-02-14T03:46:33Z
SBUX,2006-04-04,14.22,14.28,14.09,14.19,12596068,38.33,38.48,37.97,38.25,4673000,2026-02-14T03:46:33Z
SBUX,2006-04-05,13.91,14.23,13.82,14.21,15457687,37.49,38.35,37.25,38.29,5734600,2026-02-14T03:46:33Z
SBUX,2006-04-06,13.89,14.05,13.74,13.89,12466980,37.45,37.88,37.05,37.45,4625100,2026-02-14T03:46:33Z
SBUX,2006-04-07,14.05,14.45,14.01,14.28,18655596,37.86,38.96,37.75,38.5,6921000,2026-02-14T03:46:33Z
SBUX,2006-04-10,14.09,14.19,14.05,14.14,7496746,37.97,38.25,37.86,38.11,2781200,2026-02-14T03:46:33Z
SBUX,2006-04-11,13.94,14.21,13.91,14.19,10664779,37.57,38.31,37.49,38.25,3956500,2026-02-14T03:46:33Z
SBUX,2006-04-12,14.1,14.14,13.98,14.03,7115620,38.01,38.11,37.69,37.81,2639800,2026-02-14T03:46:33Z
SBUX,2006-04-13,14.21,14.35,14.06,14.17,10306286,38.29,38.68,37.9,38.19,3823500,2026-02-14T03:46:33Z
SBUX,2006-04-17,14.05,14.35,13.91,14.35,13027111,37.86,38.69,37.49,38.68,4832900,2026-02-14T03:46:33Z
SBUX,2006-04-18,14.31,14.44,14.09,14.18,15282172,38.57,38.92,37.98,38.21,5669500,2026-02-14T03:46:33Z
SBUX,2006-04-19,14.42,14.54,14.29,14.29,12724682,38.88,39.2,38.52,38.52,4720700,2026-02-14T03:46:33Z
SBUX,2006-04-20,14.42,14.54,14.39,14.5,10006249,38.86,39.2,38.8,39.08,3712200,2026-02-14T03:46:33Z
SBUX,2006-04-21,14.36,14.65,14.21,14.54,15450673,38.7,39.5,38.3,39.18,5732000,2026-02-14T03:46:33Z
SBUX,2006-04-24,14.32,14.51,14.28,14.46,10228666,38.61,39.12,38.5,38.99,3794700,2026-02-14T03:46:33Z
SBUX,2006-04-25,14.16,14.43,14.11,14.37,12459703,38.16,38.9,38.02,38.74,4622400,2026-02-14T03:46:33Z
SBUX,2006-04-26,13.93,14.22,13.91,14.2,18473116,37.56,38.33,37.49,38.27,6853300,2026-02-14T03:46:33Z
SBUX,2006-04-27,13.71,13.93,13.64,13.8,26700086,36.96,37.55,36.77,37.21,9905400,2026-02-14T03:46:33Z
SBUX,2006-04-28,13.83,13.91,13.72,13.8,14989996,37.27,37.49,36.99,37.2,5561100,2026-02-14T03:46:33Z
SBUX,2006-05-01,13.82,14.09,13.8,13.96,24138522,37.25,37.98,37.2,37.63,8955100,2026-02-14T03:46:33Z
SBUX,2006-05-02,14.03,14.17,13.77,13.93,20857229,37.82,38.2,37.12,37.54,7737800,2026-02-14T03:46:33Z
SBUX,2006-05-03,13.86,14.07,13.73,14.06,21882920,37.35,37.93,37,37.9,8118300,2026-02-14T03:46:33Z
SBUX,2006-05-04,14.39,14.64,13.73,13.83,39772241,38.79,39.46,37,37.29,14755000,2026-02-14T03:46:33Z
SBUX,2006-05-05,14.7,14.79,14.48,14.48,20129837,39.63,39.88,39.04,39.04,7467900,2026-02-14T03:46:33Z
SBUX,2006-05-08,14.56,14.67,14.55,14.61,15328246,39.26,39.55,39.23,39.38,5686600,2026-02-14T03:46:33Z
SBUX,2006-05-09,14.26,14.59,14.23,14.56,17058490,38.45,39.32,38.37,39.24,6328500,2026-02-14T03:46:33Z
SBUX,2006-05-10,14.17,14.29,14.1,14.26,17270152,38.2,38.52,38,38.44,6407000,2026-02-14T03:46:33Z
SBUX,2006-05-11,13.56,14.14,13.38,14.09,31074595,36.54,38.11,36.06,37.99,11528300,2026-02-14T03:46:33Z
SBUX,2006-05-12,13.23,13.61,13.16,13.54,22619368,35.65,36.68,35.47,36.51,8391500,2026-02-14T03:46:33Z
SBUX,2006-05-15,13.47,13.48,13.03,13.26,18670634,36.3,36.34,35.12,35.75,6926600,2026-02-14T03:46:33Z
SBUX,2006-05-16,13.75,13.76,13.42,13.5,25096526,37.06,37.08,36.18,36.38,9310500,2026-02-14T03:46:33Z
SBUX,2006-05-17,13.51,13.68,13.42,13.65,18838576,36.41,36.88,36.17,36.8,6988900,2026-02-14T03:46:33Z
SBUX,2006-05-18,13.35,13.54,13.33,13.52,18013855,35.98,36.5,35.93,36.45,6682900,2026-02-14T03:46:33Z
SBUX,2006-05-19,13.48,13.56,13.27,13.32,29383688,36.33,36.55,35.77,35.91,10901000,2026-02-14T03:46:33Z
SBUX,2006-05-22,13.44,13.67,13.31,13.64,17931839,36.23,36.85,35.88,36.76,6652500,2026-02-14T03:46:33Z
SBUX,2006-05-23,13.2,13.56,13.2,13.47,13116559,35.59,36.55,35.59,36.3,4866100,2026-02-14T03:46:33Z
SBUX,2006-05-24,13.06,13.23,12.84,13.08,25227744,35.21,35.67,34.6,35.26,9359200,2026-02-14T03:46:33Z
SBUX,2006-05-25,13.15,13.33,13,13.13,16669828,35.44,35.92,35.04,35.39,6184300,2026-02-14T03:46:33Z
SBUX,2006-05-26,13.14,13.26,13.06,13.22,8773602,35.43,35.75,35.21,35.64,3254900,2026-02-14T03:46:33Z
SBUX,2006-05-30,12.96,13.13,12.87,13.1,13924721,34.93,35.4,34.68,35.31,5165900,2026-02-14T03:46:33Z
SBUX,2006-05-31,13.23,13.24,12.94,12.96,16834534,35.65,35.68,34.88,34.93,6245400,2026-02-14T03:46:33Z
SBUX,2006-06-01,13.43,13.47,13.17,13.17,23230089,36.21,36.3,35.49,35.49,8618100,2026-02-14T03:46:33Z
SBUX,2006-06-02,13.35,13.47,13.19,13.43,13833931,35.99,36.31,35.55,36.2,5132200,2026-02-14T03:46:33Z
SBUX,2006-06-05,13.13,13.42,13.11,13.3,13626914,35.38,36.18,35.35,35.84,5055400,2026-02-14T03:46:33Z
SBUX,2006-06-06,13.08,13.19,12.95,13.17,15556893,35.27,35.56,34.91,35.5,5771400,2026-02-14T03:46:33Z
SBUX,2006-06-07,13.25,13.35,13.03,13.1,15703719,35.71,35.99,35.12,35.31,5825900,2026-02-14T03:46:33Z
SBUX,2006-06-08,13.44,13.52,13.08,13.17,25488704,36.24,36.44,35.25,35.5,9456000,2026-02-14T03:46:33Z
SBUX,2006-06-09,13.31,13.54,13.29,13.4,14287318,35.89,36.49,35.82,36.13,5300400,2026-02-14T03:46:33Z
SBUX,2006-06-12,13.14,13.37,13.13,13.32,12990710,35.42,36.03,35.38,35.9,4819400,2026-02-14T03:46:33Z
SBUX,2006-06-13,13.04,13.26,13,13.08,19371019,35.15,35.75,35.04,35.26,7186400,2026-02-14T03:46:33Z
SBUX,2006-06-14,13.31,13.31,12.96,13.01,15845573,35.87,35.89,34.93,35.08,5878500,2026-02-14T03:46:33Z
SBUX,2006-06-15,13.65,13.68,13.18,13.33,14466827,36.79,36.88,35.52,35.92,5367000,2026-02-14T03:46:33Z
SBUX,2006-06-16,13.58,13.72,13.48,13.57,19873916,36.61,36.98,36.35,36.59,7373000,2026-02-14T03:46:33Z
SBUX,2006-06-19,13.34,13.65,13.26,13.65,13088051,35.96,36.8,35.73,36.8,4855500,2026-02-14T03:46:33Z
SBUX,2006-06-20,13.29,13.5,13.24,13.31,12763756,35.83,36.4,35.69,35.87,4735200,2026-02-14T03:46:33Z
SBUX,2006-06-21,13.51,13.66,13.33,13.36,13445160,36.42,36.83,35.92,36,4988000,2026-02-14T03:46:33Z
SBUX,2006-06-22,13.39,13.56,13.28,13.54,10213850,36.09,36.55,35.79,36.5,3789200,2026-02-14T03:46:33Z
SBUX,2006-06-23,13.54,13.73,13.37,13.38,13485134,36.5,37.02,36.03,36.06,5002800,2026-02-14T03:46:33Z
SBUX,2006-06-26,13.54,13.68,13.47,13.61,9958580,36.49,36.87,36.3,36.69,3694500,2026-02-14T03:46:33Z
SBUX,2006-06-27,13.26,13.57,13.23,13.48,14428242,35.74,36.58,35.67,36.33,5352700,2026-02-14T03:46:33Z
SBUX,2006-06-28,13.26,13.32,13.14,13.27,12294468,35.73,35.9,35.42,35.78,4561100,2026-02-14T03:46:33Z
SBUX,2006-06-29,14.09,14.1,13.34,13.37,24064416,37.97,38,35.95,36.04,8927600,2026-02-14T03:46:33Z
SBUX,2006-06-30,14.01,14.11,13.97,14.09,15600511,37.76,38.02,37.67,37.98,5787600,2026-02-14T03:46:33Z
SBUX,2006-07-03,14.11,14.22,14.07,14.08,5360267,38.02,38.33,37.93,37.96,1988600,2026-02-14T03:46:33Z
SBUX,2006-07-05,13.93,14.07,13.75,14.02,11728150,37.56,37.92,37.06,37.78,4351000,2026-02-14T03:46:33Z
SBUX,2006-07-06,14.05,14.1,13.89,13.99,11044582,37.88,38,37.45,37.71,4097400,2026-02-14T03:46:33Z
SBUX,2006-07-07,13.37,13.41,13.02,13.33,43739176,36.04,36.14,35.1,35.92,16226700,2026-02-14T03:46:33Z
SBUX,2006-07-10,13.22,13.45,13.18,13.39,15265457,35.63,36.24,35.52,36.1,5663300,2026-02-14T03:46:33Z
SBUX,2006-07-11,13.35,13.39,13.03,13.16,14803497,35.98,36.09,35.11,35.47,5491900,2026-02-14T03:46:33Z
SBUX,2006-07-12,12.77,13.35,12.65,13.35,31780854,34.43,35.99,34.09,35.99,11790300,2026-02-14T03:46:33Z
SBUX,2006-07-13,12.62,12.81,12.46,12.71,32166837,34.02,34.52,33.6,34.27,11933500,2026-02-14T03:46:33Z
SBUX,2006-07-14,12.49,12.62,12.34,12.6,22406216,33.66,34.03,33.27,33.96,8312400,2026-02-14T03:46:33Z
SBUX,2006-07-17,12.7,12.77,12.28,12.28,19147027,34.24,34.43,33.1,33.1,7103300,2026-02-14T03:46:33Z
SBUX,2006-07-18,12.39,12.76,12.22,12.65,36076368,33.4,34.38,32.93,34.11,13383900,2026-02-14T03:46:33Z
SBUX,2006-07-19,12.55,12.66,12.34,12.48,19248113,33.84,34.12,33.25,33.65,7140800,2026-02-14T03:46:33Z
SBUX,2006-07-20,12.39,12.77,12.35,12.73,19117882,33.41,34.42,33.29,34.31,7092500,2026-02-14T03:46:33Z
SBUX,2006-07-21,12.54,12.65,12.27,12.29,22459999,33.79,34.09,33.06,33.14,8332400,2026-02-14T03:46:33Z
SBUX,2006-07-24,12.88,12.89,12.54,12.57,18470399,34.71,34.75,33.8,33.89,6852300,2026-02-14T03:46:33Z
SBUX,2006-07-25,13.13,13.17,12.79,12.8,21526262,35.4,35.49,34.49,34.51,7986000,2026-02-14T03:46:33Z
SBUX,2006-07-26,12.62,13.01,12.54,12.97,31598626,34.02,35.08,33.8,34.95,11722700,2026-02-14T03:46:33Z
SBUX,2006-07-27,12.46,12.79,12.41,12.67,14436560,33.58,34.49,33.45,34.15,5355800,2026-02-14T03:46:33Z
SBUX,2006-07-28,12.62,12.78,12.49,12.49,15022074,34.03,34.44,33.66,33.67,5573000,2026-02-14T03:46:33Z
SBUX,2006-07-31,12.7,12.79,12.49,12.59,12580479,34.23,34.49,33.66,33.93,4667200,2026-02-14T03:46:33Z
SBUX,2006-08-01,12.23,12.61,12.02,12.61,37140445,32.96,33.99,32.4,33.99,13778700,2026-02-14T03:46:33Z
SBUX,2006-08-02,12.35,12.51,12.15,12.15,51503554,33.3,33.71,32.75,32.75,19107200,2026-02-14T03:46:33Z
SBUX,2006-08-03,11.37,11.7,10.65,10.79,154941823,30.64,31.54,28.72,29.09,57481700,2026-02-14T03:46:33Z
SBUX,2006-08-04,11.36,11.58,11.23,11.55,43028778,30.61,31.21,30.28,31.14,15963100,2026-02-14T03:46:33Z
SBUX,2006-08-07,11.43,11.58,11.3,11.31,35699631,30.8,31.21,30.46,30.5,13244100,2026-02-14T03:46:33Z
SBUX,2006-08-08,11.26,11.54,11.21,11.53,23840342,30.34,31.12,30.23,31.09,8844500,2026-02-14T03:46:33Z
SBUX,2006-08-09,10.96,11.38,10.9,11.35,43203535,29.55,30.68,29.37,30.59,16028000,2026-02-14T03:46:33Z
SBUX,2006-08-10,11.11,11.16,10.9,10.94,36297130,29.96,30.07,29.37,29.5,13465800,2026-02-14T03:46:33Z
SBUX,2006-08-11,11.09,11.11,10.97,11.07,21830435,29.9,29.95,29.57,29.85,8098800,2026-02-14T03:46:33Z
SBUX,2006-08-14,11.11,11.25,11.08,11.22,19815465,29.96,30.33,29.87,30.25,7351300,2026-02-14T03:46:33Z
SBUX,2006-08-15,11.2,11.27,11.09,11.24,15980880,30.19,30.39,29.89,30.29,5928700,2026-02-14T03:46:33Z
SBUX,2006-08-16,11.37,11.39,11.12,11.27,17810775,30.64,30.69,29.97,30.37,6607600,2026-02-14T03:46:33Z
SBUX,2006-08-17,11.61,11.63,11.24,11.33,24576568,31.29,31.34,30.29,30.53,9117600,2026-02-14T03:46:33Z
SBUX,2006-08-18,11.55,11.67,11.45,11.65,20326076,31.12,31.45,30.87,31.4,7540700,2026-02-14T03:46:33Z
SBUX,2006-08-21,11.38,11.48,11.31,11.39,12350008,30.68,30.94,30.5,30.69,4581700,2026-02-14T03:46:33Z
SBUX,2006-08-22,11.19,11.43,11.11,11.34,17993856,30.17,30.8,29.95,30.56,6675500,2026-02-14T03:46:33Z
SBUX,2006-08-23,11.01,11.21,10.98,11.14,22823988,29.69,30.21,29.59,30.03,8467400,2026-02-14T03:46:33Z
SBUX,2006-08-24,10.99,11.1,10.94,11.07,17981671,29.63,29.91,29.49,29.84,6671000,2026-02-14T03:46:33Z
SBUX,2006-08-25,11.11,11.18,10.95,10.96,18511365,29.95,30.13,29.51,29.53,6867500,2026-02-14T03:46:33Z
SBUX,2006-08-28,11.3,11.31,11.04,11.09,15680836,30.47,30.48,29.76,29.89,5817400,2026-02-14T03:46:33Z
SBUX,2006-08-29,11.26,11.36,11.08,11.32,18355843,30.36,30.61,29.87,30.51,6809800,2026-02-14T03:46:33Z
SBUX,2006-08-30,11.4,11.45,11.2,11.27,15895083,30.74,30.86,30.19,30.39,5896900,2026-02-14T03:46:33Z
SBUX,2006-08-31,11.5,11.55,11.25,11.47,29308592,31.01,31.14,30.32,30.91,10873100,2026-02-14T03:46:33Z
SBUX,2006-09-01,11.78,11.93,11.64,11.73,27725375,31.76,32.15,31.37,31.61,10285800,2026-02-14T03:46:33Z
SBUX,2006-09-05,11.87,11.87,11.66,11.82,17645324,31.99,32,31.43,31.86,6546200,2026-02-14T03:46:33Z
SBUX,2006-09-06,11.69,11.94,11.68,11.83,22770590,31.5,32.19,31.48,31.89,8447600,2026-02-14T03:46:33Z
SBUX,2006-09-07,11.55,11.71,11.52,11.68,18405791,31.12,31.57,31.06,31.47,6828300,2026-02-14T03:46:33Z
SBUX,2006-09-08,11.57,11.65,11.47,11.59,17106776,31.19,31.4,30.91,31.25,6346400,2026-02-14T03:46:33Z
SBUX,2006-09-11,11.69,11.73,11.33,11.53,22490277,31.51,31.62,30.53,31.09,8343600,2026-02-14T03:46:33Z
SBUX,2006-09-12,12.03,12.06,11.61,11.69,19300975,32.44,32.5,31.3,31.51,7160400,2026-02-14T03:46:33Z
SBUX,2006-09-13,12.26,12.39,12.08,12.09,25650517,33.04,33.4,32.57,32.6,9516000,2026-02-14T03:46:33Z
SBUX,2006-09-14,12.25,12.35,12.06,12.33,18766695,33.03,33.28,32.5,33.24,6962200,2026-02-14T03:46:33Z
SBUX,2006-09-15,12.56,12.66,12.08,12.08,45028296,33.85,34.14,32.55,32.55,16704900,2026-02-14T03:46:33Z
SBUX,2006-09-18,12.48,12.61,12.43,12.56,17239691,33.64,33.98,33.5,33.86,6395700,2026-02-14T03:46:33Z
SBUX,2006-09-19,12.49,12.66,12.35,12.6,20204926,33.68,34.12,33.28,33.95,7495800,2026-02-14T03:46:33Z
SBUX,2006-09-20,12.87,12.97,12.66,12.7,23628731,34.68,34.95,34.14,34.22,8766000,2026-02-14T03:46:33Z
SBUX,2006-09-21,12.62,12.98,12.58,12.97,24110484,34.01,34.99,33.92,34.97,8944700,2026-02-14T03:46:33Z
SBUX,2006-09-22,12.62,12.84,12.46,12.7,21086666,34.01,34.6,33.59,34.23,7822900,2026-02-14T03:46:33Z
SBUX,2006-09-25,12.78,12.82,12.39,12.65,16941566,34.45,34.56,33.39,34.11,6285100,2026-02-14T03:46:33Z
SBUX,2006-09-26,12.71,12.86,12.61,12.8,17327594,34.27,34.65,33.99,34.5,6428300,2026-02-14T03:46:33Z
SBUX,2006-09-27,12.79,13,12.66,12.76,24247791,34.47,35.04,34.13,34.4,8995600,2026-02-14T03:46:33Z
SBUX,2006-09-28,12.7,12.87,12.62,12.84,16886543,34.22,34.69,34.03,34.6,6264700,2026-02-14T03:46:33Z
SBUX,2006-09-29,12.63,12.74,12.62,12.74,13017982,34.05,34.35,34.01,34.33,4829500,2026-02-14T03:46:33Z
SBUX,2006-10-02,12.47,12.74,12.47,12.67,20907441,33.62,34.35,33.61,34.15,7756400,2026-02-14T03:46:33Z
SBUX,2006-10-03,12.62,12.72,12.51,12.51,18133203,34.01,34.29,33.73,33.73,6727200,2026-02-14T03:46:33Z
SBUX,2006-10-04,13.34,13.39,12.58,12.61,46018564,35.96,36.09,33.9,33.98,17072300,2026-02-14T03:46:33Z
SBUX,2006-10-05,14.35,14.46,13.84,14.1,81644557,38.69,38.99,37.3,38,30289100,2026-02-14T03:46:33Z
SBUX,2006-10-06,14.25,14.65,14.19,14.36,51052497,38.41,39.5,38.24,38.7,18939800,2026-02-14T03:46:33Z
SBUX,2006-10-09,14.25,14.4,14.11,14.19,18622218,38.4,38.81,38.03,38.24,6908600,2026-02-14T03:46:33Z
SBUX,2006-10-10,14.11,14.24,14.02,14.11,21714422,38.04,38.39,37.8,38.03,8055800,2026-02-14T03:46:33Z
SBUX,2006-10-11,13.88,14.07,13.78,14.05,22223853,37.42,37.93,37.14,37.86,8244800,2026-02-14T03:46:33Z
SBUX,2006-10-12,14.08,14.1,13.93,14.08,18661526,37.96,38,37.54,37.95,6923200,2026-02-14T03:46:33Z
SBUX,2006-10-13,14.07,14.1,13.95,14.09,15962212,37.93,38,37.59,37.99,5921800,2026-02-14T03:46:33Z
SBUX,2006-10-16,14.25,14.3,14.04,14.12,14677605,38.4,38.55,37.84,38.06,5445200,2026-02-14T03:46:33Z
SBUX,2006-10-17,14.05,14.25,14.01,14.19,15288641,37.86,38.4,37.75,38.26,5671900,2026-02-14T03:46:33Z
SBUX,2006-10-18,14.02,14.28,13.91,14.17,11807421,37.79,38.5,37.5,38.2,4380400,2026-02-14T03:46:33Z
SBUX,2006-10-19,14.02,14.07,13.82,13.88,12878608,37.78,37.92,37.25,37.4,4777800,2026-02-14T03:46:33Z
SBUX,2006-10-20,13.89,14.03,13.62,14.01,22709614,37.44,37.83,36.72,37.77,8425000,2026-02-14T03:46:33Z
SBUX,2006-10-23,14.21,14.28,13.74,13.87,23234508,38.3,38.5,37.03,37.39,8619700,2026-02-14T03:46:33Z
SBUX,2006-10-24,14.18,14.31,14.02,14.17,15517000,38.21,38.58,37.78,38.2,5756600,2026-02-14T03:46:33Z
SBUX,2006-10-25,14.27,14.3,14.1,14.1,13393692,38.46,38.55,38,38.01,4968900,2026-02-14T03:46:33Z
SBUX,2006-10-26,14.42,14.47,14.21,14.3,16324252,38.87,39,38.31,38.54,6056100,2026-02-14T03:46:33Z
SBUX,2006-10-27,14.11,14.42,14.06,14.4,12508190,38.02,38.87,37.89,38.82,4640400,2026-02-14T03:46:33Z
SBUX,2006-10-30,14.15,14.21,13.96,14.1,10134814,38.14,38.3,37.62,38.01,3759900,2026-02-14T03:46:33Z
SBUX,2006-10-31,14,14.23,13.89,14.19,14199648,37.75,38.35,37.43,38.24,5267900,2026-02-14T03:46:33Z
SBUX,2006-11-01,13.95,14.19,13.85,14.09,18410362,37.6,38.26,37.33,37.99,6830000,2026-02-14T03:46:33Z
SBUX,2006-11-02,13.85,13.96,13.67,13.89,15266231,37.32,37.64,36.85,37.45,5663600,2026-02-14T03:46:33Z
SBUX,2006-11-03,13.53,13.88,13.44,13.83,24474167,36.47,37.4,36.22,37.28,9079600,2026-02-14T03:46:33Z
SBUX,2006-11-06,13.9,14.07,13.54,13.56,22431232,37.48,37.93,36.5,36.56,8321700,2026-02-14T03:46:33Z
SBUX,2006-11-07,13.75,13.93,13.71,13.93,19589887,37.07,37.55,36.95,37.55,7267600,2026-02-14T03:46:33Z
SBUX,2006-11-08,13.85,13.94,13.55,13.68,17241505,37.33,37.58,36.52,36.86,6396400,2026-02-14T03:46:33Z
SBUX,2006-11-09,13.7,13.94,13.62,13.94,12951070,36.92,37.57,36.7,37.57,4804700,2026-02-14T03:46:33Z
SBUX,2006-11-10,14.02,14.05,13.72,13.74,13763553,37.79,37.88,36.98,37.04,5106100,2026-02-14T03:46:33Z
SBUX,2006-11-13,14.26,14.38,14.02,14.06,18013762,38.44,38.75,37.79,37.9,6682900,2026-02-14T03:46:33Z
SBUX,2006-11-14,14.28,14.38,14.1,14.29,18570165,38.48,38.75,38,38.52,6889300,2026-02-14T03:46:33Z
SBUX,2006-11-15,14.46,14.61,14.29,14.34,18973661,38.97,39.39,38.52,38.66,7039000,2026-02-14T03:46:33Z
SBUX,2006-11-16,14.63,14.84,14.54,14.55,36595934,39.43,40.01,39.19,39.23,13576600,2026-02-14T03:46:33Z
SBUX,2006-11-17,13.88,13.93,13.62,13.73,56005464,37.42,37.54,36.72,37.02,20777400,2026-02-14T03:46:33Z
SBUX,2006-11-20,13.63,13.88,13.62,13.73,26369873,36.75,37.4,36.72,37.01,9782900,2026-02-14T03:46:33Z
SBUX,2006-11-21,13.57,13.67,13.54,13.57,18627328,36.57,36.85,36.5,36.59,6910500,2026-02-14T03:46:33Z
SBUX,2006-11-22,13.5,13.63,13.25,13.56,23581701,36.38,36.75,35.71,36.56,8748500,2026-02-14T03:46:33Z
SBUX,2006-11-24,13.47,13.63,13.38,13.38,7496185,36.31,36.75,36.07,36.07,2781000,2026-02-14T03:46:33Z
SBUX,2006-11-27,13.29,13.47,13.23,13.43,17382207,35.81,36.31,35.66,36.21,6448600,2026-02-14T03:46:33Z
SBUX,2006-11-28,13.1,13.3,13.07,13.2,19987972,35.32,35.84,35.24,35.58,7415300,2026-02-14T03:46:33Z
SBUX,2006-11-29,13.24,13.28,13.07,13.21,18177638,35.7,35.8,35.24,35.62,6743700,2026-02-14T03:46:33Z
SBUX,2006-11-30,13.1,13.32,13.04,13.21,19497091,35.3,35.9,35.16,35.6,7233200,2026-02-14T03:46:33Z
SBUX,2006-12-01,13.06,13.19,12.95,13.08,15967335,35.2,35.55,34.9,35.25,5923700,2026-02-14T03:46:33Z
SBUX,2006-12-04,13.26,13.35,13.08,13.11,17908424,35.75,35.99,35.25,35.35,6643800,2026-02-14T03:46:33Z
SBUX,2006-12-05,13.67,13.78,13.54,13.6,28970744,36.84,37.14,36.51,36.66,10747800,2026-02-14T03:46:33Z
SBUX,2006-12-06,13.67,13.71,13.53,13.71,13563798,36.86,36.97,36.48,36.95,5032000,2026-02-14T03:46:33Z
SBUX,2006-12-07,13.53,13.73,13.5,13.65,14787856,36.48,37.02,36.4,36.8,5486100,2026-02-14T03:46:33Z
SBUX,2006-12-08,13.51,13.67,13.39,13.53,14883750,36.42,36.85,36.1,36.46,5521700,2026-02-14T03:46:33Z
SBUX,2006-12-11,13.59,13.72,13.41,13.68,11092264,36.63,36.99,36.15,36.88,4115100,2026-02-14T03:46:33Z
SBUX,2006-12-12,13.46,13.61,13.36,13.55,13571922,36.29,36.69,36.02,36.53,5035000,2026-02-14T03:46:33Z
SBUX,2006-12-13,13.39,13.56,13.31,13.54,14144713,36.08,36.55,35.87,36.5,5247500,2026-02-14T03:46:33Z
SBUX,2006-12-14,13.58,13.67,13.39,13.46,14468995,36.6,36.85,36.1,36.27,5367800,2026-02-14T03:46:33Z
SBUX,2006-12-15,13.51,13.72,13.45,13.6,21640292,36.42,36.99,36.26,36.66,8028300,2026-02-14T03:46:33Z
SBUX,2006-12-18,13.46,13.61,13.37,13.53,11690705,36.27,36.68,36.04,36.48,4337100,2026-02-14T03:46:33Z
SBUX,2006-12-19,13.55,13.56,13.31,13.36,14272688,36.53,36.56,35.88,36,5295000,2026-02-14T03:46:33Z
SBUX,2006-12-20,13.51,13.63,13.5,13.54,13075608,36.42,36.74,36.4,36.49,4850900,2026-02-14T03:46:33Z
SBUX,2006-12-21,13.51,13.65,13.45,13.48,11098719,36.41,36.8,36.25,36.33,4117500,2026-02-14T03:46:33Z
SBUX,2006-12-22,13.29,13.53,13.29,13.49,10765576,35.83,36.48,35.82,36.36,3993900,2026-02-14T03:46:33Z
SBUX,2006-12-26,13.24,13.33,13.17,13.29,10285015,35.69,35.92,35.5,35.83,3815600,2026-02-14T03:46:33Z
SBUX,2006-12-27,13.28,13.43,13.23,13.23,9242389,35.79,36.21,35.65,35.65,3428800,2026-02-14T03:46:33Z
SBUX,2006-12-28,13.25,13.34,13.18,13.31,10923256,35.72,35.96,35.52,35.89,4052400,2026-02-14T03:46:33Z
SBUX,2006-12-29,13.14,13.34,13.1,13.24,11176906,35.42,35.95,35.3,35.69,4146500,2026-02-14T03:46:33Z
SBUX,2007-01-03,13.08,13.43,12.85,13.21,24330487,35.25,36.2,34.64,35.6,9026300,2026-02-14T03:46:33Z
SBUX,2007-01-04,13.09,13.17,12.91,13.12,19795469,35.29,35.5,34.79,35.37,7343900,2026-02-14T03:46:33Z
SBUX,2007-01-05,13.04,13.09,12.97,13.04,17697901,35.14,35.29,34.97,35.15,6565700,2026-02-14T03:46:33Z
SBUX,2007-01-08,12.99,13.08,12.95,12.95,15639575,35.01,35.26,34.9,34.91,5802100,2026-02-14T03:46:33Z
SBUX,2007-01-09,12.93,13.13,12.87,12.98,19259175,34.86,35.39,34.7,35,7144900,2026-02-14T03:46:33Z
SBUX,2007-01-10,12.89,12.9,12.68,12.87,25146969,34.75,34.78,34.17,34.7,9329200,2026-02-14T03:46:33Z
SBUX,2007-01-11,13.29,13.37,12.8,12.8,23972709,35.81,36.04,34.5,34.5,8893600,2026-02-14T03:46:33Z
SBUX,2007-01-12,13.32,13.48,13.26,13.3,16997547,35.9,36.34,35.75,35.84,6305900,2026-02-14T03:46:33Z
SBUX,2007-01-16,13.44,13.49,13.25,13.36,12607132,36.22,36.37,35.71,36,4677100,2026-02-14T03:46:33Z
SBUX,2007-01-17,13.46,13.55,13.43,13.45,17118951,36.29,36.52,36.19,36.26,6350900,2026-02-14T03:46:33Z
SBUX,2007-01-18,13.27,13.58,13.19,13.55,16318637,35.77,36.61,35.56,36.53,6054000,2026-02-14T03:46:33Z
SBUX,2007-01-19,13.18,13.33,13.13,13.18,17689809,35.54,35.94,35.4,35.53,6562700,2026-02-14T03:46:33Z
SBUX,2007-01-22,13.09,13.21,12.98,13.17,15004220,35.29,35.6,35,35.5,5566400,2026-02-14T03:46:33Z
SBUX,2007-01-23,12.97,13.23,12.92,13.1,16949106,34.95,35.67,34.82,35.3,6287900,2026-02-14T03:46:33Z
SBUX,2007-01-24,12.91,13.09,12.9,13.06,22027618,34.79,35.28,34.78,35.2,8172000,2026-02-14T03:46:33Z
SBUX,2007-01-25,12.6,12.89,12.57,12.87,28215115,33.97,34.74,33.88,34.69,10467500,2026-02-14T03:46:33Z
SBUX,2007-01-26,12.57,12.76,12.42,12.68,29537821,33.88,34.39,33.49,34.17,10958200,2026-02-14T03:46:33Z
SBUX,2007-01-29,12.82,12.91,12.49,12.64,30001886,34.56,34.79,33.66,34.07,11130300,2026-02-14T03:46:33Z
SBUX,2007-01-30,12.82,13.12,12.81,13.05,38250971,34.56,35.36,34.52,35.19,14190600,2026-02-14T03:46:33Z
SBUX,2007-01-31,12.96,13.04,12.75,12.85,29176460,34.94,35.16,34.37,34.63,10824100,2026-02-14T03:46:33Z
SBUX,2007-02-01,12.77,13.14,12.76,13.03,37337855,34.41,35.42,34.38,35.13,13851900,2026-02-14T03:46:33Z
SBUX,2007-02-02,12.71,12.83,12.62,12.83,20725294,34.27,34.58,34.02,34.58,7688800,2026-02-14T03:46:33Z
SBUX,2007-02-05,12.62,12.72,12.57,12.69,20969430,34.02,34.29,33.88,34.21,7779400,2026-02-14T03:46:33Z
SBUX,2007-02-06,12.49,12.65,12.34,12.63,31409823,33.67,34.09,33.27,34.05,11652700,2026-02-14T03:46:33Z
SBUX,2007-02-07,12.49,12.61,12.35,12.49,22251330,33.67,33.99,33.28,33.68,8255000,2026-02-14T03:46:33Z
SBUX,2007-02-08,12.4,12.53,12.3,12.5,32626978,33.42,33.77,33.15,33.69,12104200,2026-02-14T03:46:33Z
SBUX,2007-02-09,12.23,12.47,12.21,12.42,21216795,32.96,33.61,32.9,33.49,7871200,2026-02-14T03:46:33Z
SBUX,2007-02-12,12.12,12.23,12.01,12.21,21944334,32.67,32.96,32.38,32.9,8141100,2026-02-14T03:46:33Z
SBUX,2007-02-13,12.12,12.23,12.05,12.16,22441635,32.66,32.98,32.47,32.78,8325600,2026-02-14T03:46:33Z
SBUX,2007-02-14,12.37,12.41,12.14,12.15,26666987,33.34,33.45,32.72,32.75,9893100,2026-02-14T03:46:33Z
SBUX,2007-02-15,12.32,12.37,12.24,12.37,18503596,33.22,33.34,33,33.34,6864600,2026-02-14T03:46:33Z
SBUX,2007-02-16,12.25,12.39,12.19,12.39,18449403,33.01,33.4,32.87,33.4,6844500,2026-02-14T03:46:33Z
SBUX,2007-02-20,12.18,12.26,12.04,12.24,26781246,32.82,33.04,32.46,33,9935500,2026-02-14T03:46:33Z
SBUX,2007-02-21,12.02,12.18,11.97,12.11,27949986,32.4,32.82,32.27,32.63,10369100,2026-02-14T03:46:33Z
SBUX,2007-02-22,12.25,12.25,11.98,12.02,32223989,33.01,33.03,32.28,32.41,11954700,2026-02-14T03:46:33Z
SBUX,2007-02-23,12.15,12.29,12.13,12.24,33961365,32.75,33.14,32.71,33,12599200,2026-02-14T03:46:33Z
SBUX,2007-02-26,11.88,12.09,11.8,12.09,27868074,32.01,32.6,31.81,32.6,10338700,2026-02-14T03:46:33Z
SBUX,2007-02-27,11.41,11.8,11.31,11.74,51218284,30.75,31.81,30.5,31.65,19001400,2026-02-14T03:46:33Z
SBUX,2007-02-28,11.46,11.64,11.22,11.41,28047339,30.9,31.38,30.24,30.75,10405200,2026-02-14T03:46:33Z
SBUX,2007-03-01,11.27,11.43,11.13,11.2,32921354,30.39,30.8,30.01,30.2,12213400,2026-02-14T03:46:33Z
SBUX,2007-03-02,11.09,11.24,11.05,11.13,38345517,29.88,30.29,29.8,30,14225700,2026-02-14T03:46:33Z
SBUX,2007-03-05,10.91,11.06,10.87,10.98,31381771,29.41,29.81,29.31,29.6,11642200,2026-02-14T03:46:33Z
SBUX,2007-03-06,11.13,11.21,11.04,11.09,28774351,30,30.22,29.77,29.88,10674900,2026-02-14T03:46:33Z
SBUX,2007-03-07,11.3,11.4,11.11,11.13,38004478,30.47,30.74,29.95,30,14099200,2026-02-14T03:46:33Z
SBUX,2007-03-08,11.39,11.67,11.36,11.46,40536462,30.7,31.45,30.63,30.89,15038500,2026-02-14T03:46:33Z
SBUX,2007-03-09,11.24,11.5,11.16,11.47,27164332,30.31,30.99,30.07,30.92,10077600,2026-02-14T03:46:33Z
SBUX,2007-03-12,11.16,11.31,11.1,11.28,28800416,30.07,30.48,29.91,30.4,10684600,2026-02-14T03:46:33Z
SBUX,2007-03-13,10.89,11.16,10.86,11.12,29720927,29.36,30.09,29.27,29.96,11026100,2026-02-14T03:46:33Z
SBUX,2007-03-14,10.88,10.92,10.71,10.88,36939358,29.32,29.43,28.86,29.34,13704100,2026-02-14T03:46:33Z
SBUX,2007-03-15,10.98,11.05,10.91,10.92,24214338,29.59,29.79,29.41,29.44,8983200,2026-02-14T03:46:33Z
SBUX,2007-03-16,11.34,11.56,11.15,11.24,68797991,30.58,31.15,30.05,30.31,25523200,2026-02-14T03:46:33Z
SBUX,2007-03-19,11.52,11.65,11.44,11.48,33117689,31.04,31.41,30.84,30.94,12286300,2026-02-14T03:46:33Z
SBUX,2007-03-20,11.64,11.72,11.51,11.57,36894465,31.38,31.6,31.02,31.19,13687400,2026-02-14T03:46:33Z
SBUX,2007-03-21,11.97,11.97,11.67,11.76,41919893,32.27,32.27,31.46,31.69,15551800,2026-02-14T03:46:33Z
SBUX,2007-03-22,11.74,12.04,11.69,12.02,37986595,31.64,32.45,31.52,32.39,14092500,2026-02-14T03:46:33Z
SBUX,2007-03-23,11.66,11.78,11.57,11.78,25486362,31.42,31.75,31.2,31.75,9455100,2026-02-14T03:46:33Z
SBUX,2007-03-26,11.85,11.93,11.64,11.93,33201519,31.95,32.15,31.37,32.15,12317400,2026-02-14T03:46:33Z
SBUX,2007-03-27,11.77,11.87,11.72,11.85,28216370,31.72,32,31.6,31.95,10467900,2026-02-14T03:46:33Z
SBUX,2007-03-28,11.6,11.76,11.58,11.72,41339359,31.28,31.69,31.21,31.6,15336400,2026-02-14T03:46:33Z
SBUX,2007-03-29,11.62,11.76,11.49,11.72,26556508,31.33,31.69,30.96,31.58,9852100,2026-02-14T03:46:33Z
SBUX,2007-03-30,11.63,11.69,11.5,11.61,19556668,31.36,31.52,31,31.29,7255300,2026-02-14T03:46:33Z
SBUX,2007-04-02,11.59,11.71,11.52,11.7,18014020,31.25,31.57,31.05,31.54,6683000,2026-02-14T03:46:33Z
SBUX,2007-04-03,11.68,11.86,11.62,11.66,21866229,31.49,31.98,31.31,31.43,8112100,2026-02-14T03:46:33Z
SBUX,2007-04-04,11.63,11.79,11.6,11.79,19217813,31.34,31.79,31.28,31.79,7129600,2026-02-14T03:46:33Z
SBUX,2007-04-05,11.65,11.71,11.59,11.63,17785246,31.4,31.57,31.24,31.35,6598100,2026-02-14T03:46:33Z
SBUX,2007-04-09,11.55,11.69,11.52,11.69,17495663,31.14,31.52,31.05,31.52,6490700,2026-02-14T03:46:33Z
SBUX,2007-04-10,11.56,11.6,11.46,11.52,22161336,31.16,31.28,30.88,31.06,8221600,2026-02-14T03:46:33Z
SBUX,2007-04-11,11.4,11.57,11.31,11.56,39551549,30.73,31.2,30.5,31.17,14673200,2026-02-14T03:46:33Z
SBUX,2007-04-12,11.38,11.45,11.24,11.4,28684493,30.67,30.85,30.3,30.73,10641600,2026-02-14T03:46:33Z
SBUX,2007-04-13,11.41,11.45,11.31,11.42,28093877,30.76,30.85,30.49,30.79,10422500,2026-02-14T03:46:33Z
SBUX,2007-04-16,11.52,11.59,11.41,11.41,17251736,31.05,31.25,30.76,30.77,6400200,2026-02-14T03:46:33Z
SBUX,2007-04-17,11.52,11.59,11.44,11.51,15551402,31.04,31.23,30.84,31.02,5769400,2026-02-14T03:46:33Z
SBUX,2007-04-18,11.49,11.56,11.45,11.52,16966598,30.98,31.17,30.85,31.04,6294400,2026-02-14T03:46:33Z
SBUX,2007-04-19,11.42,11.43,11.3,11.43,17357991,30.78,30.81,30.47,30.81,6439600,2026-02-14T03:46:33Z
SBUX,2007-04-20,11.75,11.85,11.49,11.59,55096299,31.66,31.94,30.98,31.23,20440100,2026-02-14T03:46:33Z
SBUX,2007-04-23,11.71,11.86,11.65,11.75,23146821,31.57,31.98,31.4,31.67,8587200,2026-02-14T03:46:33Z
SBUX,2007-04-24,11.63,11.72,11.51,11.71,24601529,31.34,31.6,31.03,31.55,9126900,2026-02-14T03:46:33Z
SBUX,2007-04-25,11.81,11.84,11.57,11.62,25943824,31.84,31.9,31.2,31.33,9624800,2026-02-14T03:46:33Z
SBUX,2007-04-26,11.8,11.98,11.74,11.81,19635738,31.82,32.3,31.64,31.84,7284600,2026-02-14T03:46:33Z
SBUX,2007-04-27,11.69,11.83,11.65,11.8,25448040,31.5,31.89,31.4,31.81,9440900,2026-02-14T03:46:33Z
SBUX,2007-04-30,11.51,11.73,11.5,11.67,21728825,31.02,31.61,31,31.45,8061100,2026-02-14T03:46:33Z
SBUX,2007-05-01,11.5,11.56,11.36,11.56,20504235,31.01,31.17,30.63,31.16,7606800,2026-02-14T03:46:33Z
SBUX,2007-05-02,11.59,11.72,11.5,11.53,25427990,31.25,31.58,31,31.08,9433500,2026-02-14T03:46:33Z
SBUX,2007-05-03,11.73,11.79,11.57,11.71,62112465,31.62,31.78,31.2,31.55,23042900,2026-02-14T03:46:33Z
SBUX,2007-05-04,11.39,11.84,11.34,11.82,53414545,30.7,31.9,30.56,31.87,19816100,2026-02-14T03:46:33Z
SBUX,2007-05-07,11.26,11.46,11.24,11.43,34835855,30.35,30.89,30.3,30.8,12923700,2026-02-14T03:46:33Z
SBUX,2007-05-08,11.2,11.27,11.13,11.24,27121675,30.18,30.37,30.01,30.31,10061800,2026-02-14T03:46:33Z
SBUX,2007-05-09,11.14,11.24,11.06,11.23,33858447,30.04,30.3,29.81,30.26,12561100,2026-02-14T03:46:33Z
SBUX,2007-05-10,10.96,11.16,10.94,11.09,34032863,29.54,30.08,29.5,29.9,12625800,2026-02-14T03:46:33Z
SBUX,2007-05-11,10.98,11.07,10.94,11,26320120,29.61,29.84,29.5,29.64,9764400,2026-02-14T03:46:33Z
SBUX,2007-05-14,10.72,11.04,10.65,11.02,50768195,28.9,29.75,28.71,29.7,18834300,2026-02-14T03:46:33Z
SBUX,2007-05-15,10.53,10.76,10.53,10.72,54897717,28.39,29,28.37,28.91,20366300,2026-02-14T03:46:33Z
SBUX,2007-05-16,10.46,10.66,10.4,10.54,72520953,28.2,28.74,28.03,28.42,26904500,2026-02-14T03:46:33Z
SBUX,2007-05-17,10.56,10.6,10.41,10.53,90406129,28.47,28.58,28.07,28.38,33539500,2026-02-14T03:46:33Z
SBUX,2007-05-18,10.74,10.87,10.6,10.62,54915809,28.95,29.29,28.56,28.63,20373100,2026-02-14T03:46:33Z
SBUX,2007-05-21,10.86,10.98,10.76,10.8,40365295,29.28,29.59,29.01,29.11,14975000,2026-02-14T03:46:33Z
SBUX,2007-05-22,10.76,10.96,10.73,10.88,28635326,29.01,29.53,28.93,29.32,10623400,2026-02-14T03:46:33Z
SBUX,2007-05-23,10.72,10.86,10.71,10.82,25722499,28.89,29.26,28.87,29.17,9542700,2026-02-14T03:46:33Z
SBUX,2007-05-24,10.5,10.81,10.42,10.72,48371507,28.31,29.15,28.08,28.9,17945300,2026-02-14T03:46:33Z
SBUX,2007-05-25,10.61,10.65,10.46,10.58,26077849,28.61,28.7,28.2,28.53,9674600,2026-02-14T03:46:33Z
SBUX,2007-05-29,10.6,10.66,10.54,10.65,21689168,28.57,28.74,28.4,28.7,8046400,2026-02-14T03:46:33Z
SBUX,2007-05-30,10.65,10.65,10.51,10.55,24845139,28.7,28.71,28.32,28.45,9217200,2026-02-14T03:46:33Z
SBUX,2007-05-31,10.69,10.72,10.6,10.71,21842143,28.81,28.9,28.56,28.87,8103200,2026-02-14T03:46:33Z
SBUX,2007-06-01,10.81,10.81,10.66,10.79,29471248,29.13,29.15,28.73,29.07,10933500,2026-02-14T03:46:33Z
SBUX,2007-06-04,10.7,10.76,10.62,10.7,25437173,28.83,29.01,28.62,28.85,9436900,2026-02-14T03:46:33Z
SBUX,2007-06-05,10.61,10.66,10.49,10.64,28660623,28.59,28.73,28.29,28.69,10632700,2026-02-14T03:46:33Z
SBUX,2007-06-06,10.44,10.54,10.43,10.53,26441045,28.15,28.4,28.12,28.39,9809300,2026-02-14T03:46:33Z
SBUX,2007-06-07,10.18,10.44,10.11,10.39,52004970,27.44,28.15,27.25,28.02,19293200,2026-02-14T03:46:33Z
SBUX,2007-06-08,10.27,10.29,10.09,10.14,37114817,27.67,27.75,27.19,27.33,13769100,2026-02-14T03:46:33Z
SBUX,2007-06-11,10.22,10.31,10.21,10.28,19725995,27.54,27.8,27.51,27.71,7318100,2026-02-14T03:46:33Z
SBUX,2007-06-12,10.29,10.41,9.98,10.04,51417604,27.74,28.06,26.9,27.05,19075300,2026-02-14T03:46:33Z
SBUX,2007-06-13,10.3,10.35,10.18,10.34,45968224,27.77,27.91,27.43,27.87,17053600,2026-02-14T03:46:33Z
SBUX,2007-06-14,10.24,10.38,10.17,10.28,31677778,27.61,27.98,27.42,27.71,11752100,2026-02-14T03:46:33Z
SBUX,2007-06-15,10.3,10.39,10.28,10.37,37474932,27.77,28,27.7,27.94,13902700,2026-02-14T03:46:33Z
SBUX,2007-06-18,10.26,10.39,10.23,10.38,21545767,27.66,28,27.57,27.97,7993200,2026-02-14T03:46:33Z
SBUX,2007-06-19,10.24,10.25,10.13,10.25,27007226,27.59,27.63,27.32,27.62,10019300,2026-02-14T03:46:33Z
SBUX,2007-06-20,10.14,10.28,10.11,10.21,29481793,27.32,27.71,27.26,27.53,10937400,2026-02-14T03:46:33Z
SBUX,2007-06-21,9.74,10.18,9.68,10.16,105855395,26.26,27.45,26.1,27.39,39270900,2026-02-14T03:46:33Z
SBUX,2007-06-22,9.47,9.66,9.46,9.66,94160254,25.54,26.04,25.5,26.04,34932200,2026-02-14T03:46:33Z
SBUX,2007-06-25,9.52,9.56,9.36,9.52,48589168,25.66,25.76,25.22,25.67,18025900,2026-02-14T03:46:33Z
SBUX,2007-06-26,9.56,9.66,9.53,9.59,46971407,25.77,26.05,25.7,25.85,17425900,2026-02-14T03:46:33Z
SBUX,2007-06-27,9.69,9.71,9.51,9.53,36421452,26.13,26.16,25.62,25.68,13511900,2026-02-14T03:46:33Z
SBUX,2007-06-28,9.81,9.95,9.75,9.83,68781697,26.45,26.82,26.27,26.5,25517100,2026-02-14T03:46:33Z
SBUX,2007-06-29,9.73,9.89,9.66,9.86,77390565,26.24,26.66,26.03,26.58,28710900,2026-02-14T03:46:33Z
SBUX,2007-07-02,9.66,9.81,9.65,9.79,27763808,26.05,26.44,26,26.4,10300000,2026-02-14T03:46:33Z
SBUX,2007-07-03,9.78,9.79,9.67,9.69,21506453,26.36,26.4,26.06,26.12,7978600,2026-02-14T03:46:33Z
SBUX,2007-07-05,9.77,9.91,9.73,9.82,34720884,26.34,26.71,26.23,26.48,12881000,2026-02-14T03:46:33Z
SBUX,2007-07-06,9.85,9.87,9.72,9.79,21881909,26.55,26.61,26.19,26.39,8117900,2026-02-14T03:46:33Z
SBUX,2007-07-09,9.77,9.88,9.74,9.84,24481984,26.34,26.63,26.25,26.52,9082500,2026-02-14T03:46:33Z
SBUX,2007-07-10,9.69,9.76,9.66,9.73,33871168,26.11,26.3,26.05,26.22,12565800,2026-02-14T03:46:33Z
SBUX,2007-07-11,9.64,9.71,9.63,9.66,31173983,25.99,26.18,25.95,26.04,11565200,2026-02-14T03:46:33Z
SBUX,2007-07-12,9.63,9.72,9.51,9.71,46812528,25.96,26.19,25.63,26.17,17366800,2026-02-14T03:46:33Z
SBUX,2007-07-13,9.67,9.71,9.55,9.64,31849196,26.07,26.17,25.73,25.99,11815600,2026-02-14T03:46:33Z
SBUX,2007-07-16,9.68,9.78,9.61,9.65,19864726,26.08,26.35,25.9,26.02,7369600,2026-02-14T03:46:33Z
SBUX,2007-07-17,9.6,9.74,9.57,9.67,27899439,25.87,26.25,25.8,26.07,10350400,2026-02-14T03:46:33Z
SBUX,2007-07-18,9.83,9.85,9.56,9.58,60843904,26.5,26.54,25.77,25.82,22572400,2026-02-14T03:46:33Z
SBUX,2007-07-19,10.28,10.45,9.9,9.92,103655142,27.71,28.17,26.68,26.74,38454900,2026-02-14T03:46:33Z
SBUX,2007-07-20,10.28,10.44,10.16,10.38,51203115,27.7,28.13,27.39,27.99,18995800,2026-02-14T03:46:33Z
SBUX,2007-07-23,10.45,10.54,10.31,10.37,53095143,28.17,28.4,27.8,27.96,19697600,2026-02-14T03:46:33Z
SBUX,2007-07-24,10.5,10.57,10.37,10.51,54016293,28.29,28.5,27.95,28.32,20039300,2026-02-14T03:46:33Z
SBUX,2007-07-25,10.37,10.53,10.27,10.51,33966136,27.96,28.37,27.68,28.34,12601000,2026-02-14T03:46:33Z
SBUX,2007-07-26,10.18,10.31,9.89,10.29,65602126,27.43,27.79,26.66,27.73,24337600,2026-02-14T03:46:33Z
SBUX,2007-07-27,9.99,10.2,9.91,10.11,54564608,26.93,27.5,26.72,27.26,20242800,2026-02-14T03:46:33Z
SBUX,2007-07-30,10.01,10.06,9.82,9.96,48453860,26.98,27.11,26.47,26.84,17975700,2026-02-14T03:46:33Z
SBUX,2007-07-31,9.9,10.13,9.9,10.11,44809354,26.68,27.32,26.68,27.25,16623800,2026-02-14T03:46:33Z
SBUX,2007-08-01,10.09,10.12,9.83,9.84,58098493,27.2,27.29,26.5,26.51,21553900,2026-02-14T03:46:33Z
SBUX,2007-08-02,9.99,10.39,9.96,10.28,52223234,26.92,28,26.84,27.7,19374200,2026-02-14T03:46:33Z
SBUX,2007-08-03,9.76,10,9.76,9.99,43846673,26.31,26.95,26.3,26.94,16266600,2026-02-14T03:46:33Z
SBUX,2007-08-06,9.98,10.03,9.76,9.81,32999882,26.89,27.04,26.31,26.45,12242600,2026-02-14T03:46:33Z
SBUX,2007-08-07,10.06,10.13,9.84,9.94,30911496,27.12,27.31,26.52,26.79,11467800,2026-02-14T03:46:33Z
SBUX,2007-08-08,10.28,10.4,10.05,10.05,37690120,27.72,28.04,27.1,27.1,13982600,2026-02-14T03:46:33Z
SBUX,2007-08-09,10.41,10.58,10.15,10.2,54054911,28.05,28.53,27.35,27.5,20053700,2026-02-14T03:46:33Z
SBUX,2007-08-10,10.4,10.61,10.3,10.3,35630006,28.04,28.6,27.77,27.77,13218300,2026-02-14T03:46:33Z
SBUX,2007-08-13,10.32,10.52,10.2,10.4,32062687,27.81,28.36,27.5,28.04,11894900,2026-02-14T03:46:33Z
SBUX,2007-08-14,10.07,10.31,10.02,10.31,30636374,27.15,27.8,27.01,27.8,11365700,2026-02-14T03:46:33Z
SBUX,2007-08-15,9.86,10.14,9.83,10.02,40272406,26.57,27.33,26.5,27.01,14940500,2026-02-14T03:46:33Z
SBUX,2007-08-16,9.87,9.97,9.66,9.72,37455355,26.61,26.87,26.03,26.2,13895500,2026-02-14T03:46:33Z
SBUX,2007-08-17,9.91,10.01,9.69,10.01,43150093,26.7,26.97,26.12,26.97,16008200,2026-02-14T03:46:33Z
SBUX,2007-08-20,9.98,10.07,9.83,9.9,23041954,26.91,27.15,26.5,26.7,8548300,2026-02-14T03:46:33Z
SBUX,2007-08-21,10.15,10.18,9.93,9.94,31244474,27.35,27.43,26.76,26.8,11591300,2026-02-14T03:46:33Z
SBUX,2007-08-22,10.22,10.34,10.15,10.18,24433158,27.54,27.88,27.36,27.43,9064400,2026-02-14T03:46:33Z
SBUX,2007-08-23,10.21,10.28,10.06,10.24,20830033,27.52,27.72,27.13,27.61,7727700,2026-02-14T03:46:33Z
SBUX,2007-08-24,10.24,10.24,10.13,10.15,19788354,27.59,27.61,27.3,27.36,7341200,2026-02-14T03:46:33Z
SBUX,2007-08-27,10.15,10.24,10.14,10.2,11410119,27.37,27.61,27.33,27.5,4233000,2026-02-14T03:46:33Z
SBUX,2007-08-28,9.97,10.17,9.96,10.17,23452914,26.88,27.41,26.86,27.41,8700700,2026-02-14T03:46:33Z
SBUX,2007-08-29,10.19,10.21,9.98,9.99,20023387,27.48,27.53,26.89,26.93,7428400,2026-02-14T03:46:33Z
SBUX,2007-08-30,10.15,10.22,10.06,10.09,15705125,27.35,27.54,27.13,27.2,5826400,2026-02-14T03:46:33Z
SBUX,2007-08-31,10.22,10.31,10.2,10.24,21654918,27.55,27.78,27.49,27.6,8033700,2026-02-14T03:46:33Z
SBUX,2007-09-04,10.28,10.35,10.21,10.27,19404378,27.72,27.89,27.51,27.67,7198800,2026-02-14T03:46:33Z
SBUX,2007-09-05,10.18,10.28,10.13,10.21,18973410,27.44,27.7,27.32,27.53,7038900,2026-02-14T03:46:33Z
SBUX,2007-09-06,10.23,10.28,10.18,10.18,13460069,27.58,27.72,27.45,27.45,4993500,2026-02-14T03:46:33Z
SBUX,2007-09-07,10.08,10.19,10.02,10.14,20448977,27.16,27.47,27.01,27.33,7586300,2026-02-14T03:46:33Z
SBUX,2007-09-10,10.03,10.14,9.94,10.06,17964490,27.04,27.34,26.8,27.12,6664600,2026-02-14T03:46:33Z
SBUX,2007-09-11,10.14,10.19,10.04,10.07,15151975,27.33,27.47,27.06,27.15,5621200,2026-02-14T03:46:33Z
SBUX,2007-09-12,10.14,10.16,10.05,10.1,14368121,27.33,27.4,27.08,27.22,5330400,2026-02-14T03:46:33Z
SBUX,2007-09-13,10.19,10.28,10.1,10.13,22196513,27.48,27.7,27.23,27.3,8234600,2026-02-14T03:46:33Z
SBUX,2007-09-14,10.25,10.29,10.11,10.12,15908343,27.64,27.75,27.25,27.29,5901800,2026-02-14T03:46:33Z
SBUX,2007-09-17,10.13,10.21,10.02,10.21,20428097,27.3,27.51,27.02,27.51,7578600,2026-02-14T03:46:33Z
SBUX,2007-09-18,10.32,10.38,10.08,10.15,24428543,27.83,27.98,27.18,27.36,9062700,2026-02-14T03:46:33Z
SBUX,2007-09-19,10.31,10.46,10.24,10.31,28292419,27.78,28.19,27.61,27.8,10496100,2026-02-14T03:46:33Z
SBUX,2007-09-20,10.2,10.37,10.14,10.25,26127967,27.49,27.95,27.34,27.62,9693200,2026-02-14T03:46:33Z
SBUX,2007-09-21,10.19,10.35,10.19,10.2,33841659,27.47,27.9,27.47,27.49,12554800,2026-02-14T03:46:33Z
SBUX,2007-09-24,10.07,10.22,10,10.18,31508640,27.15,27.56,26.95,27.43,11689300,2026-02-14T03:46:33Z
SBUX,2007-09-25,10.05,10.09,9.95,10,18448240,27.09,27.2,26.83,26.96,6844100,2026-02-14T03:46:33Z
SBUX,2007-09-26,10.27,10.32,9.96,10.08,32542475,27.69,27.82,26.86,27.16,12072800,2026-02-14T03:46:33Z
SBUX,2007-09-27,10.01,10.07,9.84,10.01,76028150,26.97,27.15,26.53,26.99,28205400,2026-02-14T03:46:33Z
SBUX,2007-09-28,9.72,9.98,9.63,9.97,62734280,26.2,26.9,25.95,26.87,23273700,2026-02-14T03:46:33Z
SBUX,2007-10-01,9.76,9.85,9.71,9.71,28918469,26.32,26.55,26.16,26.17,10728400,2026-02-14T03:46:33Z
SBUX,2007-10-02,9.87,9.9,9.75,9.75,25048200,26.6,26.7,26.27,26.27,9292600,2026-02-14T03:46:33Z
SBUX,2007-10-03,9.85,9.9,9.78,9.78,17256122,26.54,26.7,26.37,26.37,6401800,2026-02-14T03:46:33Z
SBUX,2007-10-04,9.84,9.9,9.78,9.83,16815371,26.52,26.69,26.36,26.49,6238300,2026-02-14T03:46:33Z
SBUX,2007-10-05,9.96,9.99,9.81,9.91,21640360,26.84,26.92,26.45,26.71,8028300,2026-02-14T03:46:33Z
SBUX,2007-10-08,9.89,9.92,9.79,9.9,18137857,26.66,26.75,26.38,26.68,6728900,2026-02-14T03:46:33Z
SBUX,2007-10-09,9.93,9.96,9.79,9.85,18788300,26.77,26.86,26.38,26.54,6970200,2026-02-14T03:46:33Z
SBUX,2007-10-10,9.85,9.91,9.81,9.84,21008024,26.55,26.71,26.44,26.51,7793700,2026-02-14T03:46:33Z
SBUX,2007-10-11,9.76,9.88,9.71,9.86,28479640,26.32,26.63,26.18,26.58,10565600,2026-02-14T03:46:33Z
SBUX,2007-10-12,9.77,9.78,9.68,9.74,20685625,26.34,26.35,26.08,26.26,7674100,2026-02-14T03:46:33Z
SBUX,2007-10-15,9.69,9.76,9.65,9.75,21140841,26.11,26.32,26,26.28,7843000,2026-02-14T03:46:33Z
SBUX,2007-10-16,9.67,9.73,9.55,9.68,24116015,26.07,26.24,25.73,26.08,8946700,2026-02-14T03:46:33Z
SBUX,2007-10-17,9.79,9.88,9.67,9.68,42464099,26.4,26.63,26.06,26.1,15753700,2026-02-14T03:46:33Z
SBUX,2007-10-18,9.89,9.95,9.7,9.78,25338387,26.66,26.82,26.14,26.35,9400200,2026-02-14T03:46:33Z
SBUX,2007-10-19,9.68,9.91,9.68,9.89,34018304,26.1,26.71,26.08,26.66,12620400,2026-02-14T03:46:33Z
SBUX,2007-10-22,9.72,9.79,9.6,9.63,16335258,26.19,26.39,25.88,25.95,6060200,2026-02-14T03:46:33Z
SBUX,2007-10-23,9.7,9.7,9.59,9.67,21208558,26.14,26.14,25.85,26.07,7868100,2026-02-14T03:46:33Z
SBUX,2007-10-24,9.67,9.7,9.51,9.61,35770639,26.07,26.14,25.63,25.9,13270400,2026-02-14T03:46:33Z
SBUX,2007-10-25,9.71,9.82,9.57,9.72,33382403,26.17,26.48,25.8,26.2,12384400,2026-02-14T03:46:33Z
SBUX,2007-10-26,9.71,9.8,9.62,9.78,14519420,26.17,26.43,25.94,26.37,5386500,2026-02-14T03:46:33Z
SBUX,2007-10-29,9.73,9.76,9.64,9.71,17075781,26.23,26.31,25.98,26.18,6334900,2026-02-14T03:46:33Z
SBUX,2007-10-30,9.7,9.76,9.64,9.66,15401903,26.15,26.3,25.98,26.03,5713900,2026-02-14T03:46:33Z
SBUX,2007-10-31,9.9,9.92,9.68,9.7,30382532,26.68,26.75,26.1,26.14,11271600,2026-02-14T03:46:33Z
SBUX,2007-11-01,9.58,9.9,9.57,9.78,38191343,25.83,26.68,25.8,26.35,14168500,2026-02-14T03:46:33Z
SBUX,2007-11-02,9.47,9.68,9.39,9.65,38579242,25.53,26.1,25.31,26,14312400,2026-02-14T03:46:33Z
SBUX,2007-11-05,9.26,9.4,9.21,9.38,37130152,24.96,25.33,24.82,25.28,13774900,2026-02-14T03:46:33Z
SBUX,2007-11-06,9.26,9.33,9.12,9.28,21658772,24.95,25.15,24.59,25,8035100,2026-02-14T03:46:33Z
SBUX,2007-11-07,8.94,9.21,8.94,9.14,49562635,24.11,24.83,24.1,24.65,18387100,2026-02-14T03:46:33Z
SBUX,2007-11-08,8.68,8.94,8.51,8.86,71136961,23.4,24.09,22.95,23.89,26390900,2026-02-14T03:46:33Z
SBUX,2007-11-09,8.37,8.64,8.37,8.55,50082473,22.57,23.3,22.57,23.05,18580000,2026-02-14T03:46:33Z
SBUX,2007-11-12,8.58,8.73,8.39,8.39,59233192,23.14,23.54,22.62,22.62,21974900,2026-02-14T03:46:33Z
SBUX,2007-11-13,8.9,8.9,8.59,8.74,42582250,23.99,23.99,23.14,23.57,15797500,2026-02-14T03:46:33Z
SBUX,2007-11-14,9,9,8.87,8.92,44812798,24.25,24.25,23.92,24.05,16624900,2026-02-14T03:46:33Z
SBUX,2007-11-15,8.94,9.05,8.78,8.84,54471909,24.1,24.4,23.66,23.83,20208400,2026-02-14T03:46:33Z
SBUX,2007-11-16,8.6,8.72,8.08,8.11,177138452,23.17,23.5,21.77,21.87,65716300,2026-02-14T03:46:33Z
SBUX,2007-11-19,8.48,8.54,8.31,8.46,88786930,22.87,23.01,22.41,22.8,32938900,2026-02-14T03:46:33Z
SBUX,2007-11-20,8.57,8.58,8.33,8.46,82257860,23.1,23.12,22.45,22.79,30516600,2026-02-14T03:46:33Z
SBUX,2007-11-21,8.46,8.58,8.37,8.4,44152560,22.81,23.12,22.57,22.63,16380000,2026-02-14T03:46:33Z
SBUX,2007-11-23,8.56,8.57,8.39,8.46,13980225,23.07,23.09,22.61,22.8,5186500,2026-02-14T03:46:33Z
SBUX,2007-11-26,8.23,8.53,8.22,8.51,50229738,22.18,22.98,22.15,22.93,18634600,2026-02-14T03:46:33Z
SBUX,2007-11-27,8.39,8.4,8.25,8.25,30843191,22.61,22.64,22.24,22.24,11442400,2026-02-14T03:46:33Z
SBUX,2007-11-28,8.52,8.57,8.33,8.34,51810739,22.96,23.11,22.46,22.48,19221200,2026-02-14T03:46:33Z
SBUX,2007-11-29,8.55,8.56,8.36,8.43,25761911,23.04,23.08,22.53,22.71,9557400,2026-02-14T03:46:33Z
SBUX,2007-11-30,8.68,8.86,8.53,8.59,36682897,23.39,23.87,23,23.16,13608900,2026-02-14T03:46:33Z
SBUX,2007-12-03,8.46,8.69,8.46,8.62,28279202,22.81,23.43,22.79,23.23,10491200,2026-02-14T03:46:33Z
SBUX,2007-12-04,8.29,8.41,8.29,8.37,38062285,22.34,22.67,22.34,22.55,14120700,2026-02-14T03:46:33Z
SBUX,2007-12-05,8.4,8.42,8.33,8.38,22511722,22.65,22.7,22.46,22.6,8351600,2026-02-14T03:46:33Z
SBUX,2007-12-06,8.48,8.48,8.33,8.38,26716690,22.85,22.85,22.45,22.6,9911600,2026-02-14T03:46:33Z
SBUX,2007-12-07,8.39,8.53,8.36,8.43,24733559,22.62,22.98,22.54,22.72,9175800,2026-02-14T03:46:33Z
SBUX,2007-12-10,8.43,8.48,8.38,8.39,24306881,22.73,22.86,22.59,22.62,9017500,2026-02-14T03:46:33Z
SBUX,2007-12-11,8.12,8.36,8.11,8.2,53245089,21.9,22.52,21.87,22.11,19753200,2026-02-14T03:46:33Z
SBUX,2007-12-12,8.12,8.27,8.03,8.23,33425950,21.88,22.3,21.65,22.18,12400600,2026-02-14T03:46:33Z
SBUX,2007-12-13,7.98,8.2,7.96,8.11,30355049,21.5,22.11,21.46,21.86,11261300,2026-02-14T03:46:33Z
SBUX,2007-12-14,7.88,7.96,7.81,7.88,28241595,21.25,21.45,21.05,21.23,10477300,2026-02-14T03:46:33Z
SBUX,2007-12-17,7.48,7.79,7.47,7.79,45045443,20.15,21,20.14,20.99,16711300,2026-02-14T03:46:33Z
SBUX,2007-12-18,7.64,7.69,7.47,7.47,35979308,20.6,20.72,20.15,20.15,13347800,2026-02-14T03:46:33Z
SBUX,2007-12-19,7.43,7.63,7.38,7.54,38170721,20.03,20.56,19.89,20.32,14160900,2026-02-14T03:46:33Z
SBUX,2007-12-20,7.62,7.63,7.44,7.47,30993121,20.53,20.56,20.05,20.15,11498100,2026-02-14T03:46:33Z
SBUX,2007-12-21,7.81,7.86,7.61,7.65,54053548,21.06,21.18,20.5,20.61,20053200,2026-02-14T03:46:33Z
SBUX,2007-12-24,7.87,7.9,7.79,7.83,13017883,21.22,21.3,21.01,21.12,4829500,2026-02-14T03:46:33Z
SBUX,2007-12-26,7.72,7.79,7.67,7.79,14803116,20.82,21.01,20.66,21,5491800,2026-02-14T03:46:33Z
SBUX,2007-12-27,7.59,7.68,7.53,7.63,22056548,20.46,20.69,20.29,20.56,8182700,2026-02-14T03:46:33Z
SBUX,2007-12-28,7.47,7.59,7.47,7.55,26249056,20.13,20.46,20.13,20.35,9738100,2026-02-14T03:46:33Z
SBUX,2007-12-31,7.59,7.63,7.41,7.42,34314695,20.47,20.56,19.97,19.99,12730300,2026-02-14T03:46:33Z
SBUX,2008-01-02,7.16,7.48,7.15,7.47,61253008,19.31,20.16,19.28,20.14,22724200,2026-02-14T03:46:33Z
SBUX,2008-01-03,6.94,7.2,6.86,7.16,64615073,18.7,19.4,18.48,19.31,23971500,2026-02-14T03:46:33Z
SBUX,2008-01-04,6.72,6.88,6.68,6.85,54062607,18.11,18.54,18,18.47,20056600,2026-02-14T03:46:33Z
SBUX,2008-01-07,6.82,6.98,6.72,6.79,68034948,18.38,18.81,18.11,18.3,25240300,2026-02-14T03:46:33Z
SBUX,2008-01-08,7.37,7.79,7.36,7.49,170218139,19.86,21.01,19.83,20.18,63148700,2026-02-14T03:46:33Z
SBUX,2008-01-09,7.22,7.48,7.06,7.42,65247089,19.46,20.17,19.02,20,24205800,2026-02-14T03:46:33Z
SBUX,2008-01-10,7.53,7.6,7.12,7.21,61301977,20.31,20.49,19.18,19.44,22742400,2026-02-14T03:46:33Z
SBUX,2008-01-11,7.34,7.45,7.24,7.41,48735887,19.79,20.07,19.52,19.97,18080300,2026-02-14T03:46:33Z
SBUX,2008-01-14,7.25,7.41,7.21,7.38,31264687,19.55,19.96,19.43,19.9,11598800,2026-02-14T03:46:33Z
SBUX,2008-01-15,6.99,7.2,6.98,7.14,39103497,18.84,19.4,18.82,19.26,14506900,2026-02-14T03:46:33Z
SBUX,2008-01-16,7.16,7.33,6.99,7.04,44694240,19.3,19.77,18.84,18.98,16581100,2026-02-14T03:46:33Z
SBUX,2008-01-17,7.07,7.23,7.05,7.15,31607586,19.05,19.48,19.01,19.27,11726000,2026-02-14T03:46:33Z
SBUX,2008-01-18,6.92,7.18,6.82,6.96,53331385,18.66,19.35,18.39,18.75,19785200,2026-02-14T03:46:33Z
SBUX,2008-01-22,6.93,7,6.55,6.6,58952701,18.67,18.87,17.66,17.79,21870600,2026-02-14T03:46:33Z
SBUX,2008-01-23,7.45,7.49,6.72,6.72,70168225,20.09,20.19,18.11,18.12,26031400,2026-02-14T03:46:33Z
SBUX,2008-01-24,7.59,7.6,7.39,7.46,56329621,20.45,20.48,19.92,20.1,20897600,2026-02-14T03:46:33Z
SBUX,2008-01-25,7.29,7.67,7.22,7.65,47834317,19.66,20.68,19.47,20.63,17745900,2026-02-14T03:46:33Z
SBUX,2008-01-28,7.29,7.35,7.11,7.22,36391863,19.66,19.8,19.16,19.45,13500900,2026-02-14T03:46:33Z
SBUX,2008-01-29,7.41,7.56,7.29,7.37,28643630,19.97,20.37,19.66,19.86,10626400,2026-02-14T03:46:33Z
SBUX,2008-01-30,7.13,7.49,7.03,7.42,61126411,19.22,20.19,18.95,20,22677200,2026-02-14T03:46:33Z
SBUX,2008-01-31,7.02,7.12,6.71,6.74,118001645,18.91,19.18,18.08,18.17,43777300,2026-02-14T03:46:33Z
SBUX,2008-02-01,7.13,7.17,6.92,7.04,42450904,19.22,19.32,18.64,18.97,15748800,2026-02-14T03:46:33Z
SBUX,2008-02-04,7.12,7.18,7.06,7.17,28282158,19.19,19.35,19.03,19.33,10492400,2026-02-14T03:46:33Z
SBUX,2008-02-05,6.87,7.09,6.86,7.01,41116085,18.51,19.12,18.5,18.9,15253600,2026-02-14T03:46:33Z
SBUX,2008-02-06,6.73,7.01,6.68,6.94,39296608,18.15,18.9,18.02,18.7,14578500,2026-02-14T03:46:33Z
SBUX,2008-02-07,6.87,6.96,6.68,6.68,33577674,18.53,18.77,18.01,18.01,12456900,2026-02-14T03:46:33Z
SBUX,2008-02-08,6.77,6.96,6.74,6.85,29475525,18.26,18.77,18.16,18.46,10935000,2026-02-14T03:46:33Z
SBUX,2008-02-11,6.87,6.87,6.66,6.76,28438108,18.52,18.53,17.95,18.23,10550200,2026-02-14T03:46:33Z
SBUX,2008-02-12,6.94,7.14,6.87,6.9,37126994,18.71,19.25,18.52,18.59,13773700,2026-02-14T03:46:33Z
SBUX,2008-02-13,6.99,7.09,6.89,7.01,29068693,18.85,19.12,18.58,18.89,10784100,2026-02-14T03:46:33Z
SBUX,2008-02-14,6.74,7.01,6.71,6.99,45108481,18.18,18.89,18.09,18.85,16734800,2026-02-14T03:46:33Z
SBUX,2008-02-15,6.79,6.81,6.7,6.72,27848760,18.29,18.36,18.07,18.12,10331600,2026-02-14T03:46:33Z
SBUX,2008-02-19,6.71,6.92,6.69,6.87,25955221,18.1,18.65,18.04,18.52,9629100,2026-02-14T03:46:33Z
SBUX,2008-02-20,6.77,6.79,6.68,6.7,32379411,18.26,18.29,18,18.07,12012300,2026-02-14T03:46:33Z
SBUX,2008-02-21,6.61,6.84,6.58,6.77,40579851,17.83,18.43,17.75,18.26,15054600,2026-02-14T03:46:33Z
SBUX,2008-02-22,6.77,6.77,6.6,6.65,31282016,18.25,18.25,17.78,17.92,11605200,2026-02-14T03:46:33Z
SBUX,2008-02-25,6.86,6.87,6.68,6.77,29203006,18.5,18.52,18.01,18.25,10834000,2026-02-14T03:46:33Z
SBUX,2008-02-26,7.07,7.12,6.77,6.8,38459903,19.06,19.2,18.25,18.33,14268100,2026-02-14T03:46:33Z
SBUX,2008-02-27,7.06,7.17,6.95,7.03,33496557,19.04,19.33,18.74,18.95,12426800,2026-02-14T03:46:33Z
SBUX,2008-02-28,6.89,7.03,6.87,7.01,28226442,18.57,18.95,18.51,18.9,10471600,2026-02-14T03:46:33Z
SBUX,2008-02-29,6.67,6.86,6.65,6.81,36771879,17.98,18.5,17.93,18.36,13642000,2026-02-14T03:46:33Z
SBUX,2008-03-03,6.62,6.74,6.61,6.68,29478472,17.85,18.17,17.81,18.02,10936100,2026-02-14T03:46:33Z
SBUX,2008-03-04,6.64,6.68,6.54,6.6,33403970,17.9,18,17.63,17.8,12392500,2026-02-14T03:46:33Z
SBUX,2008-03-05,6.73,6.84,6.67,6.68,27436018,18.14,18.44,17.99,18,10178400,2026-02-14T03:46:33Z
SBUX,2008-03-06,6.53,6.75,6.5,6.68,42473004,17.6,18.2,17.51,18,15757000,2026-02-14T03:46:33Z
SBUX,2008-03-07,6.34,6.56,6.32,6.49,37473416,17.1,17.68,17.04,17.5,13902200,2026-02-14T03:46:33Z
SBUX,2008-03-10,6.23,6.41,6.22,6.35,32567618,16.8,17.28,16.77,17.12,12082200,2026-02-14T03:46:33Z
SBUX,2008-03-11,6.58,6.58,6.29,6.32,37279527,17.74,17.75,16.96,17.03,13830200,2026-02-14T03:46:33Z
SBUX,2008-03-12,6.53,6.72,6.51,6.58,34809475,17.61,18.11,17.56,17.74,12913900,2026-02-14T03:46:33Z
SBUX,2008-03-13,6.54,6.63,6.33,6.45,28676478,17.63,17.86,17.05,17.38,10638600,2026-02-14T03:46:33Z
SBUX,2008-03-14,6.45,6.62,6.31,6.41,43602089,17.39,17.84,17,17.29,16175900,2026-02-14T03:46:33Z
SBUX,2008-03-17,6.4,6.5,6.29,6.3,61168519,17.26,17.53,16.95,16.97,22692600,2026-02-14T03:46:33Z
SBUX,2008-03-18,6.77,6.77,6.46,6.46,61900039,18.24,18.25,17.4,17.42,22964100,2026-02-14T03:46:33Z
SBUX,2008-03-19,6.49,6.86,6.49,6.8,57730078,17.5,18.5,17.49,18.34,21417200,2026-02-14T03:46:33Z
SBUX,2008-03-20,6.5,6.62,6.46,6.54,62838344,17.53,17.83,17.42,17.64,23312200,2026-02-14T03:46:33Z
SBUX,2008-03-24,6.64,6.68,6.49,6.51,60238916,17.89,18.01,17.5,17.55,22348000,2026-02-14T03:46:33Z
SBUX,2008-03-25,6.67,6.7,6.6,6.65,36380549,17.99,18.06,17.78,17.92,13496800,2026-02-14T03:46:33Z
SBUX,2008-03-26,6.55,6.67,6.51,6.66,24291260,17.66,17.97,17.55,17.94,9011700,2026-02-14T03:46:33Z
SBUX,2008-03-27,6.54,6.68,6.51,6.59,25913812,17.62,18.01,17.56,17.76,9613700,2026-02-14T03:46:33Z
SBUX,2008-03-28,6.33,6.6,6.31,6.58,32001261,17.05,17.8,17,17.75,11872000,2026-02-14T03:46:33Z
SBUX,2008-03-31,6.49,6.56,6.31,6.33,31909877,17.5,17.68,17,17.06,11838200,2026-02-14T03:46:33Z
SBUX,2008-04-01,6.86,6.86,6.56,6.62,51645170,18.5,18.5,17.68,17.83,19159800,2026-02-14T03:46:33Z
SBUX,2008-04-02,6.9,7.01,6.8,6.86,28476567,18.6,18.89,18.32,18.5,10564500,2026-02-14T03:46:33Z
SBUX,2008-04-03,6.8,6.9,6.7,6.86,18972367,18.34,18.6,18.07,18.5,7038500,2026-02-14T03:46:33Z
SBUX,2008-04-04,6.86,6.93,6.76,6.83,26289446,18.5,18.69,18.21,18.42,9753100,2026-02-14T03:46:33Z
SBUX,2008-04-07,6.79,6.94,6.77,6.91,17098910,18.31,18.7,18.25,18.63,6343500,2026-02-14T03:46:33Z
SBUX,2008-04-08,6.67,6.86,6.64,6.84,29238792,17.98,18.49,17.9,18.45,10847300,2026-02-14T03:46:33Z
SBUX,2008-04-09,6.48,6.74,6.44,6.72,49315843,17.47,18.17,17.35,18.11,18295700,2026-02-14T03:46:33Z
SBUX,2008-04-10,6.51,6.58,6.47,6.49,38329503,17.55,17.74,17.43,17.5,14219700,2026-02-14T03:46:33Z
SBUX,2008-04-11,6.4,6.49,6.37,6.49,27889002,17.26,17.5,17.17,17.5,10346400,2026-02-14T03:46:33Z
SBUX,2008-04-14,6.3,6.4,6.26,6.38,32729452,16.97,17.26,16.88,17.19,12142300,2026-02-14T03:46:33Z
SBUX,2008-04-15,6.43,6.44,6.29,6.31,24917026,17.32,17.36,16.96,17.01,9243900,2026-02-14T03:46:33Z
SBUX,2008-04-16,6.56,6.57,6.39,6.45,25509325,17.68,17.7,17.22,17.38,9463700,2026-02-14T03:46:33Z
SBUX,2008-04-17,6.55,6.58,6.45,6.57,20938836,17.66,17.74,17.38,17.7,7768000,2026-02-14T03:46:33Z
SBUX,2008-04-18,6.78,6.8,6.6,6.64,33477979,18.28,18.32,17.79,17.91,12420000,2026-02-14T03:46:33Z
SBUX,2008-04-21,6.7,6.76,6.64,6.76,41254638,18.05,18.22,17.91,18.22,15304900,2026-02-14T03:46:33Z
SBUX,2008-04-22,6.57,6.66,6.47,6.64,28906542,17.7,17.96,17.43,17.9,10724000,2026-02-14T03:46:33Z
SBUX,2008-04-23,6.62,6.63,6.53,6.58,45043210,17.85,17.86,17.61,17.73,16710400,2026-02-14T03:46:33Z
SBUX,2008-04-24,5.93,6,5.71,5.9,193361719,15.99,16.18,15.39,15.9,71734896,2026-02-14T03:46:33Z
SBUX,2008-04-25,5.88,6,5.73,5.99,53206836,15.86,16.17,15.45,16.15,19739200,2026-02-14T03:46:33Z
SBUX,2008-04-28,5.81,5.91,5.78,5.91,32395231,15.66,15.93,15.59,15.92,12018300,2026-02-14T03:46:33Z
SBUX,2008-04-29,6.01,6.07,5.81,5.81,38530389,16.2,16.36,15.65,15.66,14294300,2026-02-14T03:46:33Z
SBUX,2008-04-30,6.02,6.16,5.96,6.05,46955162,16.23,16.6,16.06,16.3,17419700,2026-02-14T03:46:33Z
SBUX,2008-05-01,6.18,6.27,5.87,5.92,56932222,16.65,16.89,15.83,15.96,21121000,2026-02-14T03:46:33Z
SBUX,2008-05-02,6.11,6.34,6.03,6.31,42527260,16.46,17.1,16.25,17,15777200,2026-02-14T03:46:33Z
SBUX,2008-05-05,6.06,6.15,6.01,6.08,33797025,16.34,16.58,16.2,16.4,12538200,2026-02-14T03:46:33Z
SBUX,2008-05-06,6.07,6.14,5.98,6.02,36728734,16.36,16.56,16.11,16.22,13626000,2026-02-14T03:46:33Z
SBUX,2008-05-07,5.92,6.11,5.91,6.08,40985675,15.95,16.46,15.92,16.4,15205300,2026-02-14T03:46:33Z
SBUX,2008-05-08,5.88,5.97,5.83,5.94,53912158,15.85,16.1,15.72,16.01,20000900,2026-02-14T03:46:33Z
SBUX,2008-05-09,5.88,5.92,5.82,5.85,36737653,15.86,15.97,15.68,15.78,13629300,2026-02-14T03:46:33Z
SBUX,2008-05-12,5.95,5.95,5.88,5.9,33147430,16.04,16.05,15.84,15.9,12297200,2026-02-14T03:46:33Z
SBUX,2008-05-13,5.92,5.96,5.82,5.96,29186183,15.95,16.08,15.7,16.08,10827800,2026-02-14T03:46:33Z
SBUX,2008-05-14,5.91,5.98,5.89,5.93,29387618,15.92,16.13,15.87,15.98,10902400,2026-02-14T03:46:33Z
SBUX,2008-05-15,5.96,6.02,5.87,5.87,23160497,16.07,16.23,15.83,15.83,8592300,2026-02-14T03:46:33Z
SBUX,2008-05-16,6.33,6.33,6.1,6.14,70932447,17.05,17.06,16.45,16.55,26314900,2026-02-14T03:46:33Z
SBUX,2008-05-19,6.33,6.47,6.3,6.33,48063552,17.07,17.44,16.99,17.05,17831100,2026-02-14T03:46:33Z
SBUX,2008-05-20,6.25,6.29,6.13,6.26,55781660,16.84,16.95,16.53,16.87,20694200,2026-02-14T03:46:33Z
SBUX,2008-05-21,6.19,6.29,6.18,6.28,36051185,16.68,16.96,16.65,16.93,13374600,2026-02-14T03:46:33Z
SBUX,2008-05-22,6.34,6.41,6.16,6.19,44712124,17.09,17.29,16.6,16.68,16587700,2026-02-14T03:46:33Z
SBUX,2008-05-23,6.29,6.34,6.2,6.34,34995732,16.95,17.1,16.7,17.09,12982900,2026-02-14T03:46:33Z
SBUX,2008-05-27,6.5,6.53,6.29,6.31,37583966,17.51,17.59,16.96,17,13943200,2026-02-14T03:46:33Z
SBUX,2008-05-28,6.61,6.63,6.33,6.53,41373944,17.83,17.88,17.05,17.6,15349200,2026-02-14T03:46:33Z
SBUX,2008-05-29,6.8,6.83,6.62,6.62,33367973,18.33,18.41,17.83,17.83,12379100,2026-02-14T03:46:33Z
SBUX,2008-05-30,6.75,6.83,6.68,6.82,32363445,18.19,18.41,18,18.38,12006500,2026-02-14T03:46:33Z
SBUX,2008-06-02,6.65,6.74,6.54,6.74,29322037,17.93,18.17,17.63,18.17,10878100,2026-02-14T03:46:33Z
SBUX,2008-06-03,6.58,6.73,6.46,6.65,35246889,17.75,18.13,17.4,17.93,13076100,2026-02-14T03:46:33Z
SBUX,2008-06-04,6.72,6.8,6.57,6.57,42900059,18.12,18.34,17.72,17.72,15915400,2026-02-14T03:46:33Z
SBUX,2008-06-05,6.87,6.87,6.68,6.73,36827055,18.52,18.52,18.01,18.15,13662400,2026-02-14T03:46:33Z
SBUX,2008-06-06,6.56,6.81,6.54,6.79,32984952,17.67,18.35,17.64,18.29,12237100,2026-02-14T03:46:33Z
SBUX,2008-06-09,6.5,6.75,6.44,6.57,45255439,17.52,18.2,17.37,17.71,16789200,2026-02-14T03:46:33Z
SBUX,2008-06-10,6.62,6.65,6.4,6.43,26311465,17.84,17.93,17.25,17.33,9761200,2026-02-14T03:46:33Z
SBUX,2008-06-11,6.52,6.66,6.51,6.64,30596485,17.57,17.94,17.55,17.89,11351000,2026-02-14T03:46:33Z
SBUX,2008-06-12,6.61,6.7,6.55,6.6,23105618,17.82,18.06,17.66,17.78,8571900,2026-02-14T03:46:33Z
SBUX,2008-06-13,6.74,6.75,6.62,6.65,29409264,18.17,18.2,17.83,17.93,10910400,2026-02-14T03:46:33Z
SBUX,2008-06-16,6.81,6.89,6.64,6.7,22359311,18.35,18.56,17.89,18.05,8295000,2026-02-14T03:46:33Z
SBUX,2008-06-17,6.72,6.85,6.7,6.82,17168756,18.12,18.47,18.07,18.39,6369400,2026-02-14T03:46:33Z
SBUX,2008-06-18,6.59,6.71,6.55,6.68,22783606,17.77,18.09,17.66,18,8452500,2026-02-14T03:46:33Z
SBUX,2008-06-19,6.67,6.7,6.45,6.6,24840869,17.99,18.06,17.38,17.78,9215700,2026-02-14T03:46:33Z
SBUX,2008-06-20,6.39,6.61,6.37,6.59,35219865,17.23,17.82,17.18,17.77,13066100,2026-02-14T03:46:33Z
SBUX,2008-06-23,6.05,6.49,6.04,6.4,52838941,16.3,17.49,16.27,17.26,19602600,2026-02-14T03:46:33Z
SBUX,2008-06-24,6.15,6.28,6.03,6.07,34405534,16.57,16.92,16.25,16.36,12764100,2026-02-14T03:46:33Z
SBUX,2008-06-25,6.35,6.41,6.16,6.17,32806208,17.11,17.29,16.61,16.62,12170700,2026-02-14T03:46:33Z
SBUX,2008-06-26,6.04,6.24,6.04,6.21,33075380,16.28,16.83,16.27,16.75,12270600,2026-02-14T03:46:33Z
SBUX,2008-06-27,6.07,6.15,5.91,6.05,45221272,16.35,16.57,15.94,16.3,16776400,2026-02-14T03:46:33Z
SBUX,2008-06-30,5.84,6.06,5.84,6.01,34970168,15.74,16.33,15.73,16.19,12973400,2026-02-14T03:46:33Z
SBUX,2008-07-01,5.79,5.83,5.67,5.77,55170828,15.62,15.72,15.28,15.56,20467600,2026-02-14T03:46:33Z
SBUX,2008-07-02,5.82,5.95,5.76,5.95,64291746,15.68,16.05,15.53,16.03,23851500,2026-02-14T03:46:33Z
SBUX,2008-07-03,5.77,5.86,5.64,5.78,28460627,15.56,15.79,15.2,15.58,10558600,2026-02-14T03:46:33Z
SBUX,2008-07-07,5.55,5.79,5.5,5.78,48929086,14.95,15.61,14.83,15.59,18152200,2026-02-14T03:46:33Z
SBUX,2008-07-08,5.69,5.74,5.43,5.47,54899736,15.34,15.47,14.65,14.75,20367300,2026-02-14T03:46:33Z
SBUX,2008-07-09,5.46,5.71,5.46,5.7,33558495,14.72,15.4,14.72,15.36,12449700,2026-02-14T03:46:33Z
SBUX,2008-07-10,5.33,5.51,5.28,5.47,38444892,14.37,14.86,14.22,14.75,14262600,2026-02-14T03:46:33Z
SBUX,2008-07-11,5.22,5.33,5.06,5.26,49995063,14.06,14.37,13.63,14.19,18547600,2026-02-14T03:46:33Z
SBUX,2008-07-14,5.19,5.3,5.11,5.27,35895182,14,14.28,13.77,14.21,13316600,2026-02-14T03:46:33Z
SBUX,2008-07-15,5.04,5.15,4.95,5.11,68339638,13.58,13.87,13.33,13.76,25353100,2026-02-14T03:46:33Z
SBUX,2008-07-16,5.32,5.37,4.99,5.02,41961749,14.34,14.47,13.44,13.53,15567400,2026-02-14T03:46:33Z
SBUX,2008-07-17,5.34,5.38,5.11,5.13,35996969,14.39,14.49,13.77,13.84,13354400,2026-02-14T03:46:33Z
SBUX,2008-07-18,5.32,5.41,5.25,5.32,26424414,14.34,14.58,14.15,14.35,9803200,2026-02-14T03:46:33Z
SBUX,2008-07-21,5.23,5.37,5.21,5.33,19539523,14.09,14.48,14.04,14.36,7248900,2026-02-14T03:46:33Z
SBUX,2008-07-22,5.61,5.64,5.21,5.22,41626504,15.13,15.2,14.03,14.07,15442800,2026-02-14T03:46:33Z
SBUX,2008-07-23,5.72,5.95,5.57,5.65,47974351,15.42,16.03,15.02,15.23,17797800,2026-02-14T03:46:33Z
SBUX,2008-07-24,5.39,5.65,5.39,5.62,36864568,14.54,15.22,14.53,15.15,13676400,2026-02-14T03:46:33Z
SBUX,2008-07-25,5.35,5.54,5.32,5.48,28637566,14.42,14.94,14.35,14.78,10624100,2026-02-14T03:46:33Z
SBUX,2008-07-28,5.28,5.41,5.22,5.31,28151904,14.23,14.57,14.07,14.31,10444100,2026-02-14T03:46:33Z
SBUX,2008-07-29,5.56,5.71,5.26,5.3,43988833,14.99,15.39,14.19,14.3,16319300,2026-02-14T03:46:33Z
SBUX,2008-07-30,5.44,5.6,5.35,5.59,49455722,14.67,15.09,14.42,15.07,18347500,2026-02-14T03:46:33Z
SBUX,2008-07-31,5.45,5.62,5.38,5.4,53401322,14.69,15.15,14.51,14.55,19811200,2026-02-14T03:46:33Z
SBUX,2008-08-01,5.35,5.54,5.28,5.52,34902513,14.42,14.92,14.23,14.87,12948300,2026-02-14T03:46:33Z
SBUX,2008-08-04,5.22,5.36,5.2,5.35,41394259,14.06,14.44,14.01,14.43,15356800,2026-02-14T03:46:33Z
SBUX,2008-08-05,5.39,5.41,5.28,5.3,47173895,14.52,14.57,14.24,14.28,17500800,2026-02-14T03:46:33Z
SBUX,2008-08-06,5.54,5.55,5.32,5.37,36840011,14.94,14.96,14.35,14.48,13667300,2026-02-14T03:46:33Z
SBUX,2008-08-07,5.39,5.5,5.38,5.43,25375698,14.52,14.84,14.49,14.63,9414000,2026-02-14T03:46:33Z
SBUX,2008-08-08,5.61,5.67,5.4,5.42,33275426,15.12,15.28,14.56,14.62,12344700,2026-02-14T03:46:33Z
SBUX,2008-08-11,6.05,6.08,5.54,5.55,79273779,16.3,16.4,14.94,14.96,29409600,2026-02-14T03:46:33Z
SBUX,2008-08-12,6.07,6.27,5.92,5.99,58112046,16.36,16.89,15.97,16.14,21559000,2026-02-14T03:46:33Z
SBUX,2008-08-13,6.05,6.11,5.96,6.09,37725502,16.3,16.46,16.06,16.43,13995700,2026-02-14T03:46:33Z
SBUX,2008-08-14,6.28,6.34,5.96,5.98,44912357,16.92,17.1,16.07,16.11,16661900,2026-02-14T03:46:33Z
SBUX,2008-08-15,6.19,6.37,6.16,6.34,28039135,16.69,17.18,16.59,17.1,10402200,2026-02-14T03:46:33Z
SBUX,2008-08-18,6.12,6.26,6.08,6.17,28630360,16.51,16.88,16.38,16.63,10621500,2026-02-14T03:46:33Z
SBUX,2008-08-19,5.92,6.14,5.89,6.08,31321816,15.95,16.56,15.89,16.4,11620100,2026-02-14T03:46:33Z
SBUX,2008-08-20,5.85,6,5.77,6,29736173,15.77,16.16,15.55,16.16,11031800,2026-02-14T03:46:33Z
SBUX,2008-08-21,5.82,5.85,5.73,5.78,21355109,15.68,15.77,15.45,15.58,7922500,2026-02-14T03:46:33Z
SBUX,2008-08-22,5.95,6,5.82,5.85,17890210,16.04,16.17,15.7,15.76,6637000,2026-02-14T03:46:33Z
SBUX,2008-08-25,5.76,5.93,5.74,5.92,20567362,15.52,15.99,15.47,15.97,7630200,2026-02-14T03:46:33Z
SBUX,2008-08-26,5.75,5.82,5.68,5.81,18345143,15.51,15.68,15.3,15.67,6805800,2026-02-14T03:46:33Z
SBUX,2008-08-27,5.78,5.84,5.69,5.73,22699936,15.59,15.75,15.33,15.45,8421400,2026-02-14T03:46:33Z
SBUX,2008-08-28,5.93,5.94,5.82,5.87,14059725,15.98,16,15.68,15.81,5216000,2026-02-14T03:46:33Z
SBUX,2008-08-29,5.77,5.95,5.71,5.9,26757885,15.56,16.05,15.4,15.91,9926900,2026-02-14T03:46:33Z
SBUX,2008-09-02,5.84,6.24,5.84,5.92,36926312,15.74,16.82,15.73,15.96,13699100,2026-02-14T03:46:33Z
SBUX,2008-09-03,5.91,6.03,5.85,5.93,26499953,15.93,16.24,15.76,15.99,9831100,2026-02-14T03:46:33Z
SBUX,2008-09-04,5.59,5.87,5.59,5.87,34675507,15.08,15.83,15.08,15.81,12864200,2026-02-14T03:46:33Z
SBUX,2008-09-05,5.63,5.66,5.48,5.5,25937487,15.18,15.25,14.77,14.82,9622500,2026-02-14T03:46:33Z
SBUX,2008-09-08,5.77,5.79,5.63,5.78,36989679,15.54,15.61,15.17,15.58,13722600,2026-02-14T03:46:33Z
SBUX,2008-09-09,5.58,5.82,5.58,5.75,31507529,15.04,15.7,15.03,15.5,11689000,2026-02-14T03:46:33Z
SBUX,2008-09-10,5.59,5.69,5.53,5.66,21352094,15.06,15.33,14.9,15.25,7921400,2026-02-14T03:46:33Z
SBUX,2008-09-11,5.8,5.81,5.48,5.52,44657024,15.63,15.66,14.76,14.87,16567100,2026-02-14T03:46:33Z
SBUX,2008-09-12,5.69,5.81,5.64,5.75,28098711,15.33,15.67,15.21,15.49,10424200,2026-02-14T03:46:33Z
SBUX,2008-09-15,5.59,5.78,5.47,5.51,34438034,15.08,15.59,14.75,14.85,12776100,2026-02-14T03:46:33Z
SBUX,2008-09-16,5.95,6,5.7,5.73,58814138,16.03,16.16,15.37,15.45,21819200,2026-02-14T03:46:33Z
SBUX,2008-09-17,5.78,5.94,5.74,5.79,40607192,15.58,16,15.48,15.6,15064800,2026-02-14T03:46:33Z
SBUX,2008-09-18,5.95,6,5.67,5.88,52348388,16.03,16.17,15.29,15.84,19420500,2026-02-14T03:46:33Z
SBUX,2008-09-19,5.99,6.13,5.57,6.08,50737612,16.14,16.53,15,16.39,18822900,2026-02-14T03:46:33Z
SBUX,2008-09-22,5.66,5.94,5.64,5.93,29865803,15.26,16.02,15.2,15.99,11079900,2026-02-14T03:46:33Z
SBUX,2008-09-23,5.59,5.76,5.57,5.67,25817452,15.06,15.53,15,15.28,9578000,2026-02-14T03:46:33Z
SBUX,2008-09-24,5.52,5.69,5.46,5.66,22467350,14.89,15.34,14.71,15.25,8335100,2026-02-14T03:46:33Z
SBUX,2008-09-25,5.54,5.59,5.49,5.55,25949595,14.93,15.06,14.79,14.97,9626900,2026-02-14T03:46:33Z
SBUX,2008-09-26,5.55,5.57,5.38,5.39,25704515,14.96,15,14.5,14.54,9536100,2026-02-14T03:46:33Z
SBUX,2008-09-29,5.26,5.59,5.25,5.51,55854638,14.17,15.08,14.15,14.86,20721400,2026-02-14T03:46:33Z
SBUX,2008-09-30,5.52,5.54,5.24,5.34,36500046,14.87,14.93,14.13,14.39,13541100,2026-02-14T03:46:33Z
SBUX,2008-10-01,5.49,5.59,5.39,5.4,28029052,14.8,15.06,14.52,14.56,10398400,2026-02-14T03:46:33Z
SBUX,2008-10-02,5.26,5.56,5.25,5.52,26060144,14.17,14.99,14.16,14.89,9668000,2026-02-14T03:46:33Z
SBUX,2008-10-03,5.07,5.43,5.05,5.33,37227318,13.66,14.63,13.62,14.37,13810900,2026-02-14T03:46:33Z
SBUX,2008-10-06,4.81,5.04,4.63,4.93,56904170,12.97,13.58,12.49,13.29,21110700,2026-02-14T03:46:33Z
SBUX,2008-10-07,4.56,4.91,4.55,4.85,52344656,12.28,13.23,12.26,13.07,19419100,2026-02-14T03:46:33Z
SBUX,2008-10-08,4.28,4.72,4.27,4.44,67411478,11.53,12.72,11.5,11.97,25008900,2026-02-14T03:46:33Z
SBUX,2008-10-09,4.08,4.4,4.07,4.29,48353057,11.01,11.87,10.98,11.57,17938500,2026-02-14T03:46:33Z
SBUX,2008-10-10,4.11,4.17,3.71,3.83,88366144,11.08,11.25,10,10.31,32782400,2026-02-14T03:46:33Z
SBUX,2008-10-13,4.36,4.42,4.13,4.31,45697694,11.74,11.9,11.13,11.62,16953300,2026-02-14T03:46:33Z
SBUX,2008-10-14,4.19,4.54,4.14,4.49,46341264,11.3,12.23,11.17,12.09,17192200,2026-02-14T03:46:33Z
SBUX,2008-10-15,3.75,4.1,3.75,4.08,41189724,10.12,11.06,10.1,11,15280900,2026-02-14T03:46:33Z
SBUX,2008-10-16,3.92,3.95,3.6,3.74,54396296,10.56,10.64,9.69,10.08,20180200,2026-02-14T03:46:33Z
SBUX,2008-10-17,3.88,3.97,3.74,3.82,38672653,10.45,10.71,10.07,10.29,14347000,2026-02-14T03:46:33Z
SBUX,2008-10-20,4.13,4.13,3.9,3.92,34218061,11.13,11.14,10.5,10.56,12694500,2026-02-14T03:46:33Z
SBUX,2008-10-21,3.9,4.1,3.9,3.91,27728275,10.51,11.05,10.5,10.55,10286900,2026-02-14T03:46:33Z
SBUX,2008-10-22,3.71,3.89,3.62,3.8,40002587,9.99,10.49,9.76,10.24,14840600,2026-02-14T03:46:33Z
SBUX,2008-10-23,3.81,3.82,3.62,3.69,47711170,10.26,10.3,9.75,9.96,17700100,2026-02-14T03:46:33Z
SBUX,2008-10-24,3.59,3.74,3.4,3.45,36440165,9.68,10.07,9.16,9.3,13519000,2026-02-14T03:46:33Z
SBUX,2008-10-27,3.56,3.71,3.45,3.46,27316592,9.59,10,9.3,9.34,10134200,2026-02-14T03:46:33Z
SBUX,2008-10-28,4.03,4.04,3.52,3.68,42402488,10.86,10.9,9.5,9.93,15730700,2026-02-14T03:46:33Z
SBUX,2008-10-29,4.2,4.38,3.95,4.02,54107064,11.33,11.81,10.65,10.84,20073100,2026-02-14T03:46:33Z
SBUX,2008-10-30,4.68,4.71,4.25,4.29,53042058,12.62,12.7,11.46,11.56,19678100,2026-02-14T03:46:33Z
SBUX,2008-10-31,4.87,4.89,4.56,4.64,50360643,13.13,13.18,12.29,12.52,18683300,2026-02-14T03:46:33Z
SBUX,2008-11-03,4.65,4.88,4.61,4.7,34270231,12.53,13.15,12.43,12.67,12713900,2026-02-14T03:46:33Z
SBUX,2008-11-04,4.62,4.81,4.5,4.81,63916761,12.44,12.97,12.12,12.97,23712400,2026-02-14T03:46:33Z
SBUX,2008-11-05,4.33,4.64,4.32,4.58,27347434,11.67,12.5,11.63,12.35,10145500,2026-02-14T03:46:33Z
SBUX,2008-11-06,4.11,4.36,4.09,4.27,35699434,11.09,11.75,11.03,11.5,13244200,2026-02-14T03:46:33Z
SBUX,2008-11-07,3.91,4.17,3.81,4.08,46410405,10.55,11.24,10.27,11.01,17217600,2026-02-14T03:46:33Z
SBUX,2008-11-10,3.78,4.08,3.68,4.08,47839809,10.2,11,9.91,10.99,17748100,2026-02-14T03:46:33Z
SBUX,2008-11-11,3.71,3.81,3.5,3.52,70995255,9.99,10.27,9.43,9.5,26338600,2026-02-14T03:46:33Z
SBUX,2008-11-12,3.46,3.68,3.44,3.6,61918767,9.33,9.91,9.28,9.71,22971000,2026-02-14T03:46:33Z
SBUX,2008-11-13,3.45,3.51,3,3.5,94246672,9.31,9.46,8.08,9.42,34964400,2026-02-14T03:46:33Z
SBUX,2008-11-14,3.19,3.43,3.19,3.41,36118491,8.61,9.24,8.61,9.19,13399500,2026-02-14T03:46:33Z
SBUX,2008-11-17,3.21,3.37,3.06,3.13,42575443,8.64,9.09,8.26,8.43,15794800,2026-02-14T03:46:33Z
SBUX,2008-11-18,3.11,3.29,3.02,3.19,41840698,8.38,8.87,8.14,8.6,15522500,2026-02-14T03:46:33Z
SBUX,2008-11-19,2.96,3.17,2.95,3.08,39075584,7.97,8.55,7.95,8.29,14496700,2026-02-14T03:46:33Z
SBUX,2008-11-20,2.66,2.98,2.66,2.93,47881042,7.17,8.03,7.17,7.9,17763400,2026-02-14T03:46:33Z
SBUX,2008-11-21,2.9,2.93,2.62,2.77,56715748,7.83,7.9,7.06,7.48,21040600,2026-02-14T03:46:33Z
SBUX,2008-11-24,3.13,3.15,2.95,2.99,45894108,8.45,8.5,7.94,8.05,17025900,2026-02-14T03:46:33Z
SBUX,2008-11-25,3.05,3.19,2.92,2.97,57930664,8.21,8.6,7.88,8.01,21491500,2026-02-14T03:46:33Z
SBUX,2008-11-26,3.26,3.28,2.98,2.98,27094735,8.78,8.83,8.03,8.04,10051900,2026-02-14T03:46:33Z
SBUX,2008-11-28,3.31,3.32,3.21,3.22,8901427,8.93,8.94,8.65,8.68,3302300,2026-02-14T03:46:33Z
SBUX,2008-12-01,2.95,3.22,2.94,3.2,29229606,7.95,8.67,7.93,8.63,10844000,2026-02-14T03:46:33Z
SBUX,2008-12-02,3.16,3.17,2.96,3.03,30122529,8.53,8.54,7.98,8.17,11175000,2026-02-14T03:46:33Z
SBUX,2008-12-03,3.21,3.24,3.03,3.09,30768458,8.64,8.74,8.16,8.32,11414600,2026-02-14T03:46:33Z
SBUX,2008-12-04,3.19,3.49,3.08,3.12,50193369,8.61,9.41,8.3,8.41,18621100,2026-02-14T03:46:33Z
SBUX,2008-12-05,3.38,3.39,3.04,3.13,34894229,9.12,9.15,8.18,8.44,12945300,2026-02-14T03:46:33Z
SBUX,2008-12-08,3.56,3.62,3.44,3.45,32925993,9.6,9.75,9.27,9.3,12215200,2026-02-14T03:46:33Z
SBUX,2008-12-09,3.44,3.61,3.43,3.48,32852152,9.27,9.72,9.24,9.37,12187900,2026-02-14T03:46:33Z
SBUX,2008-12-10,3.54,3.59,3.38,3.45,26569978,9.53,9.67,9.12,9.29,9857100,2026-02-14T03:46:33Z
SBUX,2008-12-11,3.33,3.54,3.31,3.5,28601410,8.97,9.54,8.92,9.42,10610900,2026-02-14T03:46:33Z
SBUX,2008-12-12,3.46,3.5,3.28,3.3,27670929,9.34,9.44,8.83,8.89,10265500,2026-02-14T03:46:33Z
SBUX,2008-12-15,3.34,3.53,3.3,3.5,38540509,9,9.51,8.89,9.42,14298100,2026-02-14T03:46:33Z
SBUX,2008-12-16,3.61,3.61,3.37,3.42,43873429,9.72,9.73,9.07,9.21,16276500,2026-02-14T03:46:33Z
SBUX,2008-12-17,3.65,3.72,3.51,3.56,40613306,9.83,10.03,9.47,9.59,15067000,2026-02-14T03:46:33Z
SBUX,2008-12-18,3.56,3.85,3.49,3.71,32340978,9.59,10.37,9.41,10.01,11998200,2026-02-14T03:46:33Z
SBUX,2008-12-19,3.67,3.69,3.51,3.62,40126213,9.88,9.96,9.45,9.77,14886500,2026-02-14T03:46:33Z
SBUX,2008-12-22,3.47,3.69,3.41,3.67,22802398,9.36,9.96,9.18,9.89,8459300,2026-02-14T03:46:33Z
SBUX,2008-12-23,3.41,3.56,3.37,3.48,24950252,9.19,9.6,9.09,9.38,9256300,2026-02-14T03:46:33Z
SBUX,2008-12-24,3.46,3.46,3.41,3.43,4748979,9.34,9.34,9.2,9.25,1761800,2026-02-14T03:46:33Z
SBUX,2008-12-26,3.47,3.52,3.43,3.52,8077708,9.35,9.5,9.25,9.48,2996700,2026-02-14T03:46:33Z
SBUX,2008-12-29,3.35,3.5,3.31,3.5,15075248,9.03,9.43,8.92,9.43,5592700,2026-02-14T03:46:33Z
SBUX,2008-12-30,3.47,3.47,3.36,3.37,17663885,9.36,9.36,9.05,9.09,6553000,2026-02-14T03:46:33Z
SBUX,2008-12-31,3.51,3.53,3.44,3.46,13284433,9.46,9.52,9.28,9.32,4928300,2026-02-14T03:46:33Z
SBUX,2009-01-02,3.65,3.66,3.46,3.49,20061955,9.84,9.86,9.33,9.41,7442700,2026-02-14T03:46:33Z
SBUX,2009-01-05,3.68,3.73,3.56,3.68,21659196,9.92,10.06,9.6,9.92,8035300,2026-02-14T03:46:33Z
SBUX,2009-01-06,3.79,3.84,3.69,3.73,23733365,10.22,10.36,9.95,10.05,8804800,2026-02-14T03:46:33Z
SBUX,2009-01-07,3.71,3.74,3.64,3.73,32637449,9.99,10.09,9.8,10.04,12108200,2026-02-14T03:46:33Z
SBUX,2009-01-08,3.76,3.78,3.59,3.65,29101083,10.14,10.19,9.67,9.85,10796100,2026-02-14T03:46:33Z
SBUX,2009-01-09,3.62,3.77,3.56,3.75,30169071,9.77,10.15,9.61,10.12,11192200,2026-02-14T03:46:33Z
SBUX,2009-01-12,3.56,3.69,3.52,3.64,32239360,9.59,9.95,9.49,9.81,11960500,2026-02-14T03:46:33Z
SBUX,2009-01-13,3.48,3.63,3.43,3.53,27003778,9.37,9.78,9.24,9.51,10018200,2026-02-14T03:46:33Z
SBUX,2009-01-14,3.35,3.44,3.28,3.42,29813913,9.04,9.26,8.83,9.23,11060500,2026-02-14T03:46:33Z
SBUX,2009-01-15,3.44,3.51,3.29,3.36,23920771,9.28,9.45,8.88,9.06,8874400,2026-02-14T03:46:33Z
SBUX,2009-01-16,3.51,3.54,3.38,3.52,24297872,9.46,9.55,9.11,9.49,9014100,2026-02-14T03:46:33Z
SBUX,2009-01-20,3.3,3.53,3.28,3.51,21502744,8.89,9.52,8.85,9.46,7977300,2026-02-14T03:46:33Z
SBUX,2009-01-21,3.36,3.36,3.15,3.18,32371528,9.05,9.05,8.5,8.57,12009300,2026-02-14T03:46:33Z
SBUX,2009-01-22,3.38,3.46,3.26,3.33,28748189,9.12,9.33,8.78,8.98,10665200,2026-02-14T03:46:33Z
SBUX,2009-01-23,3.37,3.42,3.28,3.29,28317115,9.08,9.22,8.85,8.88,10505400,2026-02-14T03:46:33Z
SBUX,2009-01-26,3.34,3.44,3.26,3.34,35359816,9,9.28,8.79,9.01,13118100,2026-02-14T03:46:33Z
SBUX,2009-01-27,3.39,3.43,3.29,3.33,32450219,9.15,9.24,8.88,8.98,12038500,2026-02-14T03:46:33Z
SBUX,2009-01-28,3.58,3.64,3.42,3.48,51670897,9.65,9.8,9.23,9.37,19169100,2026-02-14T03:46:33Z
SBUX,2009-01-29,3.58,3.67,3.43,3.43,50195634,9.65,9.9,9.25,9.25,18621800,2026-02-14T03:46:33Z
SBUX,2009-01-30,3.5,3.62,3.49,3.61,44694239,9.44,9.76,9.41,9.74,16580900,2026-02-14T03:46:33Z
SBUX,2009-02-02,3.5,3.58,3.43,3.44,26829372,9.44,9.65,9.24,9.26,9953300,2026-02-14T03:46:33Z
SBUX,2009-02-03,3.65,3.67,3.43,3.47,36613164,9.83,9.89,9.24,9.36,13583000,2026-02-14T03:46:33Z
SBUX,2009-02-04,3.62,3.74,3.61,3.64,38212846,9.77,10.08,9.72,9.8,14176300,2026-02-14T03:46:33Z
SBUX,2009-02-05,3.76,3.78,3.55,3.57,48726481,10.13,10.18,9.56,9.63,18076900,2026-02-14T03:46:33Z
SBUX,2009-02-06,3.91,3.94,3.69,3.74,33412245,10.54,10.63,9.95,10.07,12395500,2026-02-14T03:46:33Z
SBUX,2009-02-09,3.98,4,3.79,3.85,27121303,10.72,10.77,10.21,10.39,10061700,2026-02-14T03:46:33Z
SBUX,2009-02-10,3.67,3.98,3.67,3.89,49041223,9.9,10.72,9.89,10.49,18193800,2026-02-14T03:46:33Z
SBUX,2009-02-11,3.71,3.75,3.6,3.73,30709372,9.99,10.1,9.71,10.05,11392900,2026-02-14T03:46:33Z
SBUX,2009-02-12,3.78,3.78,3.61,3.67,32245426,10.18,10.18,9.74,9.88,11962800,2026-02-14T03:46:33Z
SBUX,2009-02-13,3.76,3.82,3.69,3.78,23870097,10.13,10.3,9.95,10.18,8855500,2026-02-14T03:46:33Z
SBUX,2009-02-17,3.58,3.63,3.46,3.6,44113167,9.65,9.78,9.34,9.71,16365300,2026-02-14T03:46:33Z
SBUX,2009-02-18,3.58,3.62,3.5,3.57,27365567,9.65,9.76,9.44,9.63,10152200,2026-02-14T03:46:33Z
SBUX,2009-02-19,3.53,3.69,3.52,3.59,28317945,9.52,9.95,9.49,9.67,10505600,2026-02-14T03:46:33Z
SBUX,2009-02-20,3.55,3.61,3.43,3.49,33694018,9.58,9.72,9.25,9.4,12500200,2026-02-14T03:46:33Z
SBUX,2009-02-23,3.4,3.61,3.38,3.57,36447537,9.16,9.74,9.11,9.62,13521400,2026-02-14T03:46:33Z
SBUX,2009-02-24,3.54,3.55,3.38,3.38,42213678,9.53,9.58,9.1,9.12,15660700,2026-02-14T03:46:33Z
SBUX,2009-02-25,3.49,3.57,3.44,3.52,27820901,9.42,9.62,9.27,9.49,10321200,2026-02-14T03:46:33Z
SBUX,2009-02-26,3.35,3.54,3.33,3.45,33062373,9.02,9.55,8.99,9.31,12265700,2026-02-14T03:46:33Z
SBUX,2009-02-27,3.39,3.43,3.3,3.31,37171181,9.15,9.24,8.9,8.92,13789900,2026-02-14T03:46:33Z
SBUX,2009-03-02,3.25,3.39,3.25,3.33,24458478,8.77,9.14,8.76,8.98,9073900,2026-02-14T03:46:33Z
SBUX,2009-03-03,3.18,3.34,3.16,3.34,29932018,8.58,9.01,8.53,9.01,11104500,2026-02-14T03:46:33Z
SBUX,2009-03-04,3.28,3.32,3.2,3.21,27160647,8.83,8.95,8.63,8.64,10076200,2026-02-14T03:46:33Z
SBUX,2009-03-05,3.18,3.3,3.17,3.21,29892211,8.56,8.89,8.54,8.66,11089800,2026-02-14T03:46:33Z
SBUX,2009-03-06,3.1,3.22,3.01,3.21,36423074,8.36,8.69,8.12,8.66,13512700,2026-02-14T03:46:33Z
SBUX,2009-03-09,3.07,3.2,3.05,3.09,25670128,8.27,8.62,8.21,8.33,9523400,2026-02-14T03:46:33Z
SBUX,2009-03-10,3.39,3.41,3.09,3.14,42423194,9.13,9.19,8.33,8.47,15738400,2026-02-14T03:46:33Z
SBUX,2009-03-11,3.42,3.49,3.32,3.41,22095655,9.22,9.4,8.95,9.2,8197200,2026-02-14T03:46:33Z
SBUX,2009-03-12,3.74,3.75,3.39,3.41,43842423,10.07,10.1,9.13,9.19,16264800,2026-02-14T03:46:33Z
SBUX,2009-03-13,3.92,3.95,3.72,3.74,40595193,10.56,10.65,10.02,10.07,15060200,2026-02-14T03:46:33Z
SBUX,2009-03-16,4,4.08,3.92,3.94,47501595,10.78,11,10.56,10.63,17622300,2026-02-14T03:46:33Z
SBUX,2009-03-17,4.13,4.14,3.96,3.96,40109445,11.14,11.15,10.66,10.67,14880100,2026-02-14T03:46:33Z
SBUX,2009-03-18,4.27,4.32,4.07,4.11,33472485,11.5,11.63,10.96,11.07,12418000,2026-02-14T03:46:33Z
SBUX,2009-03-19,4.3,4.33,4.22,4.32,29431221,11.59,11.68,11.38,11.63,10918500,2026-02-14T03:46:33Z
SBUX,2009-03-20,4.14,4.41,4.1,4.31,45154033,11.16,11.88,11.05,11.61,16751500,2026-02-14T03:46:33Z
SBUX,2009-03-23,4.47,4.5,4.16,4.24,33119244,12.06,12.12,11.2,11.43,12286800,2026-02-14T03:46:33Z
SBUX,2009-03-24,4.2,4.47,4.2,4.43,32850803,11.32,12.06,11.32,11.93,12187300,2026-02-14T03:46:33Z
SBUX,2009-03-25,4.14,4.31,3.98,4.25,50182261,11.16,11.61,10.74,11.46,18616900,2026-02-14T03:46:33Z
SBUX,2009-03-26,4.6,4.61,4.16,4.2,55522782,12.39,12.43,11.2,11.31,20598100,2026-02-14T03:46:33Z
SBUX,2009-03-27,4.37,4.51,4.35,4.46,27916992,11.77,12.16,11.72,12.01,10356800,2026-02-14T03:46:33Z
SBUX,2009-03-30,4.18,4.32,4.12,4.26,23981781,11.26,11.64,11.12,11.48,8896900,2026-02-14T03:46:33Z
SBUX,2009-03-31,4.12,4.25,4.1,4.25,32955595,11.11,11.45,11.05,11.45,12226200,2026-02-14T03:46:33Z
SBUX,2009-04-01,4.14,4.17,4.01,4.08,26807299,11.17,11.25,10.81,10.99,9945100,2026-02-14T03:46:33Z
SBUX,2009-04-02,4.39,4.45,4.2,4.25,53117626,11.82,12,11.31,11.47,19706100,2026-02-14T03:46:33Z
SBUX,2009-04-03,4.34,4.43,4.25,4.37,30642849,11.69,11.93,11.46,11.78,11368000,2026-02-14T03:46:33Z
SBUX,2009-04-06,4.24,4.33,4.17,4.26,23906338,11.42,11.66,11.24,11.49,8869000,2026-02-14T03:46:33Z
SBUX,2009-04-07,4.15,4.2,4.06,4.14,26695994,11.19,11.31,10.95,11.15,9904000,2026-02-14T03:46:33Z
SBUX,2009-04-08,4.26,4.31,4.17,4.2,24222912,11.49,11.61,11.25,11.32,8986300,2026-02-14T03:46:33Z
SBUX,2009-04-09,4.45,4.51,4.33,4.4,32293178,12,12.15,11.66,11.86,11980500,2026-02-14T03:46:33Z
SBUX,2009-04-13,4.46,4.49,4.35,4.4,21357131,12.01,12.11,11.72,11.86,7923300,2026-02-14T03:46:33Z
SBUX,2009-04-14,4.4,4.44,4.36,4.42,39471870,11.87,11.96,11.74,11.9,14643500,2026-02-14T03:46:33Z
SBUX,2009-04-15,4.33,4.35,4.13,4.14,49058150,11.66,11.72,11.13,11.16,18199900,2026-02-14T03:46:33Z
SBUX,2009-04-16,4.31,4.34,4.23,4.24,49420130,11.61,11.7,11.41,11.43,18334400,2026-02-14T03:46:33Z
SBUX,2009-04-17,4.47,4.53,4.27,4.27,48781799,12.06,12.22,11.51,11.52,18097400,2026-02-14T03:46:33Z
SBUX,2009-04-20,4.22,4.35,4.17,4.32,33941529,11.37,11.72,11.25,11.63,12591800,2026-02-14T03:46:33Z
SBUX,2009-04-21,4.38,4.39,4.16,4.16,37177482,11.81,11.84,11.2,11.21,13792500,2026-02-14T03:46:33Z
SBUX,2009-04-22,4.66,4.71,4.28,4.34,60369313,12.57,12.7,11.54,11.69,22396200,2026-02-14T03:46:33Z
SBUX,2009-04-23,4.96,4.97,4.63,4.64,64826078,13.36,13.4,12.47,12.5,24049700,2026-02-14T03:46:33Z
SBUX,2009-04-24,5.01,5.06,4.87,4.91,48661068,13.51,13.65,13.12,13.23,18052500,2026-02-14T03:46:33Z
SBUX,2009-04-27,4.9,5.06,4.8,4.88,38617750,13.2,13.63,12.95,13.14,14326600,2026-02-14T03:46:33Z
SBUX,2009-04-28,5.01,5.19,4.81,4.81,44556226,13.5,13.98,12.96,12.96,16529700,2026-02-14T03:46:33Z
SBUX,2009-04-29,5.08,5.18,4.99,5.07,40613374,13.69,13.96,13.45,13.67,15067000,2026-02-14T03:46:33Z
SBUX,2009-04-30,5.36,5.73,5.08,5.11,90535047,14.46,15.44,13.7,13.76,33587500,2026-02-14T03:46:33Z
SBUX,2009-05-01,5.12,5.38,5.09,5.35,52031144,13.8,14.5,13.72,14.42,19302800,2026-02-14T03:46:33Z
SBUX,2009-05-04,5.28,5.37,5.16,5.19,43880678,14.24,14.47,13.9,14,16279300,2026-02-14T03:46:33Z
SBUX,2009-05-05,5.28,5.35,5.19,5.3,31828819,14.22,14.42,14,14.28,11808000,2026-02-14T03:46:33Z
SBUX,2009-05-06,5.2,5.34,5.1,5.31,35625766,14.02,14.39,13.75,14.32,13216600,2026-02-14T03:46:33Z
SBUX,2009-05-07,5.2,5.38,5.12,5.25,43407679,14.01,14.49,13.79,14.15,16103600,2026-02-14T03:46:33Z
SBUX,2009-05-08,5.07,5.28,5.02,5.24,49153575,13.66,14.24,13.53,14.12,18235400,2026-02-14T03:46:33Z
SBUX,2009-05-11,4.99,5.1,4.83,4.96,31698258,13.45,13.75,13.02,13.37,11759700,2026-02-14T03:46:33Z
SBUX,2009-05-12,4.89,5.04,4.79,4.97,26858132,13.18,13.6,12.92,13.39,9964000,2026-02-14T03:46:33Z
SBUX,2009-05-13,4.73,4.88,4.73,4.88,31048692,12.75,13.16,12.74,13.15,11518700,2026-02-14T03:46:33Z
SBUX,2009-05-14,4.72,4.85,4.69,4.71,24776152,12.73,13.08,12.65,12.7,9191700,2026-02-14T03:46:33Z
SBUX,2009-05-15,4.8,4.92,4.64,4.75,30872597,12.94,13.25,12.52,12.79,11453400,2026-02-14T03:46:33Z
SBUX,2009-05-18,4.97,4.98,4.8,4.87,24518456,13.39,13.42,12.94,13.13,9096000,2026-02-14T03:46:33Z
SBUX,2009-05-19,4.98,5.07,4.9,4.95,18313109,13.42,13.67,13.22,13.35,6794000,2026-02-14T03:46:33Z
SBUX,2009-05-20,5.03,5.2,4.98,5.02,45893284,13.55,14.01,13.42,13.52,17025900,2026-02-14T03:46:33Z
SBUX,2009-05-21,4.98,5.04,4.93,4.97,58123083,13.43,13.59,13.3,13.39,21563100,2026-02-14T03:46:33Z
SBUX,2009-05-22,4.82,5.04,4.81,5.02,45415627,13,13.58,12.96,13.52,16848500,2026-02-14T03:46:33Z
SBUX,2009-05-26,5.01,5.05,4.66,4.66,42717876,13.5,13.61,12.55,12.55,15847700,2026-02-14T03:46:33Z
SBUX,2009-05-27,4.97,5.15,4.93,5,29324628,13.4,13.89,13.3,13.48,10879000,2026-02-14T03:46:33Z
SBUX,2009-05-28,5.09,5.11,4.91,5.02,36148123,13.71,13.78,13.23,13.53,13410400,2026-02-14T03:46:33Z
SBUX,2009-05-29,5.34,5.34,5.09,5.12,47127014,14.39,14.39,13.72,13.79,17483500,2026-02-14T03:46:33Z
SBUX,2009-06-01,5.54,5.56,5.35,5.48,31330087,14.92,14.99,14.41,14.77,11623000,2026-02-14T03:46:33Z
SBUX,2009-06-02,5.5,5.59,5.44,5.47,22907654,14.82,15.08,14.67,14.75,8498400,2026-02-14T03:46:33Z
SBUX,2009-06-03,5.68,5.68,5.45,5.46,36580535,15.3,15.3,14.68,14.71,13570900,2026-02-14T03:46:33Z
SBUX,2009-06-04,5.63,5.71,5.57,5.67,36983058,15.17,15.38,15.02,15.28,13720300,2026-02-14T03:46:33Z
SBUX,2009-06-05,5.6,5.71,5.57,5.71,23254968,15.09,15.4,15.02,15.39,8627300,2026-02-14T03:46:33Z
SBUX,2009-06-08,5.55,5.61,5.43,5.45,32296946,14.97,15.12,14.65,14.69,11981800,2026-02-14T03:46:33Z
SBUX,2009-06-09,5.64,5.69,5.53,5.55,25524355,15.2,15.34,14.9,14.96,9469200,2026-02-14T03:46:33Z
SBUX,2009-06-10,5.53,5.71,5.43,5.63,33058876,14.9,15.4,14.64,15.18,12264400,2026-02-14T03:46:33Z
SBUX,2009-06-11,5.29,5.58,5.28,5.51,39153479,14.26,15.04,14.22,14.85,14525500,2026-02-14T03:46:33Z
SBUX,2009-06-12,5.4,5.4,5.2,5.26,29245016,14.55,14.56,14.02,14.17,10849600,2026-02-14T03:46:33Z
SBUX,2009-06-15,5.24,5.36,5.16,5.33,23879709,14.12,14.44,13.92,14.36,8859000,2026-02-14T03:46:33Z
SBUX,2009-06-16,5.19,5.29,5.15,5.25,24474527,14,14.26,13.88,14.14,9079700,2026-02-14T03:46:33Z
SBUX,2009-06-17,5.31,5.42,5.15,5.17,40887795,14.3,14.61,13.88,13.94,15168800,2026-02-14T03:46:33Z
SBUX,2009-06-18,5.23,5.39,5.23,5.29,23346488,14.11,14.53,14.1,14.25,8661200,2026-02-14T03:46:33Z
SBUX,2009-06-19,5.28,5.4,5.22,5.23,34627603,14.24,14.56,14.07,14.1,12846500,2026-02-14T03:46:33Z
SBUX,2009-06-22,5.09,5.23,5.02,5.19,27739148,13.71,14.1,13.54,14,10290800,2026-02-14T03:46:33Z
SBUX,2009-06-23,5.25,5.33,5.12,5.15,41696952,14.16,14.38,13.79,13.89,15469100,2026-02-14T03:46:33Z
SBUX,2009-06-24,5.27,5.4,5.22,5.3,26888671,14.21,14.56,14.08,14.28,9975300,2026-02-14T03:46:33Z
SBUX,2009-06-25,5.51,5.52,5.23,5.25,32461203,14.84,14.88,14.1,14.15,12042800,2026-02-14T03:46:33Z
SBUX,2009-06-26,5.39,5.55,5.38,5.47,40219300,14.53,14.96,14.5,14.74,14921000,2026-02-14T03:46:33Z
SBUX,2009-06-29,5.43,5.52,5.35,5.47,17932537,14.64,14.87,14.41,14.74,6652800,2026-02-14T03:46:33Z
SBUX,2009-06-30,5.15,5.41,5.12,5.35,58132873,13.89,14.57,13.79,14.41,21566500,2026-02-14T03:46:33Z
SBUX,2009-07-01,5.19,5.3,5.17,5.19,39651393,14,14.3,13.95,13.98,14710100,2026-02-14T03:46:33Z
SBUX,2009-07-02,4.97,5.19,4.96,5.15,36075774,13.39,13.98,13.36,13.87,13383600,2026-02-14T03:46:33Z
SBUX,2009-07-06,4.97,5.04,4.88,4.92,24823101,13.4,13.6,13.16,13.26,9209000,2026-02-14T03:46:33Z
SBUX,2009-07-07,4.81,5.01,4.8,4.99,25421653,12.97,13.5,12.95,13.45,9431100,2026-02-14T03:46:33Z
SBUX,2009-07-08,4.84,4.89,4.73,4.84,35088886,13.04,13.18,12.76,13.04,13017600,2026-02-14T03:46:33Z
SBUX,2009-07-09,5.06,5.12,4.82,4.84,53292582,13.64,13.8,12.98,13.06,19771000,2026-02-14T03:46:33Z
SBUX,2009-07-10,4.99,5.16,4.95,5.02,28109202,13.45,13.91,13.33,13.52,10428200,2026-02-14T03:46:33Z
SBUX,2009-07-13,5.21,5.22,4.93,4.99,40155871,14.05,14.08,13.3,13.45,14897400,2026-02-14T03:46:33Z
SBUX,2009-07-14,5.23,5.26,5.08,5.18,33924000,14.11,14.19,13.68,13.97,12585300,2026-02-14T03:46:33Z
SBUX,2009-07-15,5.35,5.35,5.22,5.26,31701574,14.42,14.43,14.06,14.18,11760800,2026-02-14T03:46:33Z
SBUX,2009-07-16,5.35,5.41,5.28,5.32,21076569,14.41,14.57,14.23,14.34,7819100,2026-02-14T03:46:33Z
SBUX,2009-07-17,5.36,5.4,5.29,5.39,23388751,14.44,14.56,14.26,14.53,8677000,2026-02-14T03:46:33Z
SBUX,2009-07-20,5.54,5.55,5.36,5.36,28355034,14.92,14.95,14.44,14.45,10519300,2026-02-14T03:46:33Z
SBUX,2009-07-21,5.45,5.58,5.35,5.58,45268693,14.69,15.05,14.41,15.03,16794100,2026-02-14T03:46:33Z
SBUX,2009-07-22,6.45,6.53,5.92,5.94,204868014,17.39,17.59,15.95,16,76003800,2026-02-14T03:46:33Z
SBUX,2009-07-23,6.4,6.43,6.25,6.38,64420133,17.26,17.32,16.86,17.2,23898900,2026-02-14T03:46:33Z
SBUX,2009-07-24,6.39,6.48,6.27,6.39,28321727,17.22,17.46,16.9,17.23,10507000,2026-02-14T03:46:33Z
SBUX,2009-07-27,6.42,6.49,6.29,6.44,34735043,17.3,17.5,16.95,17.35,12886300,2026-02-14T03:46:33Z
SBUX,2009-07-28,6.44,6.49,6.34,6.35,23225735,17.36,17.49,17.08,17.12,8616400,2026-02-14T03:46:33Z
SBUX,2009-07-29,6.37,6.47,6.31,6.4,22805513,17.16,17.44,17.01,17.26,8460500,2026-02-14T03:46:33Z
SBUX,2009-07-30,6.54,6.62,6.4,6.47,37448213,17.63,17.84,17.26,17.44,13892800,2026-02-14T03:46:33Z
SBUX,2009-07-31,6.57,6.64,6.47,6.49,25436624,17.7,17.9,17.45,17.49,9436700,2026-02-14T03:46:33Z
SBUX,2009-08-03,6.78,6.8,6.55,6.67,39059237,18.27,18.33,17.67,17.98,14490400,2026-02-14T03:46:33Z
SBUX,2009-08-04,6.94,6.94,6.71,6.71,40347790,18.7,18.7,18.08,18.1,14968600,2026-02-14T03:46:33Z
SBUX,2009-08-05,6.86,7.04,6.82,6.96,47933742,18.5,18.98,18.37,18.75,17782900,2026-02-14T03:46:33Z
SBUX,2009-08-06,6.79,6.91,6.75,6.84,36577355,18.3,18.63,18.19,18.44,13569800,2026-02-14T03:46:33Z
SBUX,2009-08-07,7.06,7.1,6.84,6.91,39115297,19.03,19.15,18.43,18.63,14511300,2026-02-14T03:46:33Z
SBUX,2009-08-10,7.12,7.19,6.95,6.98,44075365,19.2,19.38,18.73,18.81,16351500,2026-02-14T03:46:33Z
SBUX,2009-08-11,7,7.11,6.9,7.11,37369314,18.86,19.16,18.6,19.16,13863500,2026-02-14T03:46:33Z
SBUX,2009-08-12,7.13,7.21,6.97,7,33543128,19.23,19.44,18.79,18.88,12444100,2026-02-14T03:46:33Z
SBUX,2009-08-13,7.29,7.3,7.05,7.16,40306178,19.64,19.69,19.01,19.3,14953100,2026-02-14T03:46:33Z
SBUX,2009-08-14,7.09,7.25,6.99,7.22,31390733,19.12,19.55,18.84,19.46,11645600,2026-02-14T03:46:33Z
SBUX,2009-08-17,6.91,6.96,6.82,6.95,30450295,18.62,18.77,18.39,18.72,11296700,2026-02-14T03:46:33Z
SBUX,2009-08-18,7.05,7.07,6.91,6.92,24100449,19.01,19.05,18.62,18.65,8941000,2026-02-14T03:46:33Z
SBUX,2009-08-19,7.09,7.12,6.95,6.96,23991850,19.12,19.18,18.74,18.77,8900700,2026-02-14T03:46:33Z
SBUX,2009-08-20,7.13,7.18,7.06,7.07,24466522,19.22,19.35,19.02,19.05,9076800,2026-02-14T03:46:33Z
SBUX,2009-08-21,7.31,7.34,7.14,7.19,25432805,19.71,19.79,19.24,19.37,9435300,2026-02-14T03:46:33Z
SBUX,2009-08-24,7.14,7.36,7.09,7.32,29630915,19.24,19.85,19.11,19.74,10992700,2026-02-14T03:46:33Z
SBUX,2009-08-25,7.23,7.32,7.13,7.14,26772438,19.5,19.74,19.21,19.24,9932300,2026-02-14T03:46:33Z
SBUX,2009-08-26,7.18,7.3,7.13,7.22,22617500,19.35,19.68,19.21,19.45,8390800,2026-02-14T03:46:33Z
SBUX,2009-08-27,7.21,7.26,7.01,7.17,21813125,19.44,19.56,18.91,19.33,8092400,2026-02-14T03:46:33Z
SBUX,2009-08-28,7.17,7.31,7.11,7.28,17919982,19.33,19.7,19.16,19.61,6648100,2026-02-14T03:46:33Z
SBUX,2009-08-31,7.05,7.15,6.99,7.13,28549555,18.99,19.28,18.85,19.23,10591600,2026-02-14T03:46:33Z
SBUX,2009-09-01,6.89,7.18,6.83,7.04,39541115,18.56,19.35,18.42,18.98,14669200,2026-02-14T03:46:33Z
SBUX,2009-09-02,6.89,6.96,6.82,6.86,23046692,18.56,18.75,18.38,18.48,8550000,2026-02-14T03:46:33Z
SBUX,2009-09-03,6.93,6.93,6.76,6.9,30495445,18.69,18.69,18.21,18.6,11313500,2026-02-14T03:46:33Z
SBUX,2009-09-04,7.06,7.1,6.85,6.94,21177211,19.02,19.15,18.46,18.71,7856500,2026-02-14T03:46:33Z
SBUX,2009-09-08,7.12,7.14,7.03,7.08,20029672,19.2,19.25,18.95,19.07,7430800,2026-02-14T03:46:33Z
SBUX,2009-09-09,7.45,7.5,7.1,7.12,55549329,20.09,20.21,19.13,19.2,20608000,2026-02-14T03:46:33Z
SBUX,2009-09-10,7.41,7.51,7.3,7.46,44139613,19.97,20.24,19.67,20.12,16375200,2026-02-14T03:46:33Z
SBUX,2009-09-11,7.38,7.43,7.29,7.42,25979726,19.89,20.02,19.66,19.99,9638100,2026-02-14T03:46:33Z
SBUX,2009-09-14,7.45,7.49,7.26,7.3,24840286,20.08,20.19,19.58,19.67,9215400,2026-02-14T03:46:33Z
SBUX,2009-09-15,7.34,7.48,7.32,7.42,29003572,19.79,20.16,19.72,20,10759900,2026-02-14T03:46:33Z
SBUX,2009-09-16,7.36,7.36,7.25,7.36,26947006,19.85,19.85,19.55,19.83,9997000,2026-02-14T03:46:33Z
SBUX,2009-09-17,7.45,7.6,7.32,7.35,26185080,20.08,20.48,19.74,19.81,9714300,2026-02-14T03:46:33Z
SBUX,2009-09-18,7.7,7.77,7.55,7.59,39080833,20.76,20.94,20.34,20.46,14498500,2026-02-14T03:46:33Z
SBUX,2009-09-21,7.67,7.75,7.55,7.65,24501941,20.67,20.88,20.34,20.63,9089900,2026-02-14T03:46:33Z
SBUX,2009-09-22,7.59,7.71,7.56,7.67,19277232,20.47,20.77,20.38,20.66,7151600,2026-02-14T03:46:33Z
SBUX,2009-09-23,7.3,7.59,7.29,7.57,31879972,19.69,20.46,19.66,20.4,11827000,2026-02-14T03:46:33Z
SBUX,2009-09-24,7.11,7.39,7.05,7.35,44389283,19.17,19.92,19.01,19.8,16467800,2026-02-14T03:46:33Z
SBUX,2009-09-25,7.36,7.46,7.06,7.1,48357308,19.83,20.11,19.02,19.13,17940000,2026-02-14T03:46:33Z
SBUX,2009-09-28,7.65,7.71,7.38,7.4,34836854,20.62,20.77,19.88,19.94,12924100,2026-02-14T03:46:33Z
SBUX,2009-09-29,7.56,7.7,7.48,7.67,25089607,20.38,20.76,20.17,20.68,9307900,2026-02-14T03:46:33Z
SBUX,2009-09-30,7.66,7.69,7.32,7.55,38164050,20.65,20.73,19.72,20.36,14158400,2026-02-14T03:46:33Z
SBUX,2009-10-01,7.41,7.64,7.35,7.62,31811132,19.97,20.6,19.8,20.54,11801500,2026-02-14T03:46:33Z
SBUX,2009-10-02,7.32,7.45,7.27,7.32,22932018,19.74,20.07,19.59,19.73,8507500,2026-02-14T03:46:33Z
SBUX,2009-10-05,7.44,7.47,7.27,7.35,19633838,20.06,20.14,19.6,19.81,7283900,2026-02-14T03:46:33Z
SBUX,2009-10-06,7.62,7.69,7.4,7.44,29360187,20.53,20.73,19.95,20.05,10892300,2026-02-14T03:46:33Z
SBUX,2009-10-07,7.57,7.64,7.49,7.59,18860585,20.4,20.6,20.18,20.47,6997000,2026-02-14T03:46:33Z
SBUX,2009-10-08,7.59,7.79,7.56,7.59,28134691,20.47,20.99,20.37,20.46,10437600,2026-02-14T03:46:33Z
SBUX,2009-10-09,7.51,7.65,7.46,7.56,23967342,20.24,20.62,20.1,20.37,8891600,2026-02-14T03:46:33Z
SBUX,2009-10-12,7.55,7.62,7.45,7.48,27007400,20.36,20.54,20.08,20.16,10019400,2026-02-14T03:46:33Z
SBUX,2009-10-13,7.49,7.58,7.43,7.58,18221998,20.19,20.43,20.03,20.43,6760100,2026-02-14T03:46:33Z
SBUX,2009-10-14,7.62,7.69,7.54,7.58,20051845,20.54,20.72,20.32,20.43,7439000,2026-02-14T03:46:33Z
SBUX,2009-10-15,7.69,7.69,7.53,7.55,27340943,20.72,20.73,20.29,20.35,10143200,2026-02-14T03:46:33Z
SBUX,2009-10-16,7.66,7.68,7.54,7.66,27292769,20.64,20.69,20.32,20.64,10125300,2026-02-14T03:46:33Z
SBUX,2009-10-19,7.77,7.83,7.6,7.67,20750508,20.94,21.11,20.49,20.68,7698200,2026-02-14T03:46:33Z
SBUX,2009-10-20,7.62,7.77,7.56,7.71,15963825,20.53,20.95,20.38,20.78,5922400,2026-02-14T03:46:33Z
SBUX,2009-10-21,7.55,7.81,7.53,7.55,28069088,20.34,21.04,20.3,20.35,10413300,2026-02-14T03:46:33Z
SBUX,2009-10-22,7.66,7.72,7.49,7.55,21179425,20.66,20.82,20.2,20.35,7857300,2026-02-14T03:46:33Z
SBUX,2009-10-23,7.52,7.62,7.47,7.62,17466126,20.27,20.55,20.15,20.54,6479700,2026-02-14T03:46:33Z
SBUX,2009-10-26,7.44,7.67,7.42,7.44,27997435,20.05,20.68,19.99,20.05,10386700,2026-02-14T03:46:33Z
SBUX,2009-10-27,7.08,7.44,7.04,7.41,45816863,19.09,20.05,18.99,19.98,16997600,2026-02-14T03:46:33Z
SBUX,2009-10-28,6.95,7.23,6.93,7.12,36404490,18.74,19.49,18.69,19.18,13505600,2026-02-14T03:46:33Z
SBUX,2009-10-29,7.24,7.25,7,7.03,30140537,19.52,19.55,18.86,18.94,11181800,2026-02-14T03:46:33Z
SBUX,2009-10-30,7.04,7.31,7.02,7.25,33519393,18.98,19.71,18.93,19.54,12435200,2026-02-14T03:46:33Z
SBUX,2009-11-02,7.19,7.22,6.99,7.04,30100900,19.38,19.46,18.85,18.98,11167000,2026-02-14T03:46:33Z
SBUX,2009-11-03,7.2,7.26,7.03,7.14,24533095,19.42,19.57,18.96,19.25,9101500,2026-02-14T03:46:33Z
SBUX,2009-11-04,7.13,7.27,7.1,7.27,31596077,19.21,19.6,19.15,19.6,11721800,2026-02-14T03:46:33Z
SBUX,2009-11-05,7.31,7.38,7.14,7.21,37766533,19.7,19.89,19.25,19.42,14011000,2026-02-14T03:46:33Z
SBUX,2009-11-06,7.84,7.9,7.52,7.57,77432910,21.12,21.29,20.26,20.4,28726800,2026-02-14T03:46:33Z
SBUX,2009-11-09,7.83,7.86,7.75,7.85,36875808,21.1,21.19,20.89,21.16,13680400,2026-02-14T03:46:33Z
SBUX,2009-11-10,7.94,7.96,7.78,7.78,36027552,21.41,21.45,20.97,20.98,13365700,2026-02-14T03:46:33Z
SBUX,2009-11-11,8.05,8.07,7.95,8.01,32451113,21.71,21.76,21.44,21.6,12038900,2026-02-14T03:46:33Z
SBUX,2009-11-12,8.04,8.12,7.99,8.01,26055085,21.68,21.9,21.54,21.6,9666100,2026-02-14T03:46:33Z
SBUX,2009-11-13,8.08,8.11,7.99,8.04,23026134,21.78,21.85,21.53,21.67,8542400,2026-02-14T03:46:33Z
SBUX,2009-11-16,8.18,8.18,8.05,8.1,23896445,22.06,22.06,21.7,21.82,8865300,2026-02-14T03:46:33Z
SBUX,2009-11-17,8.16,8.19,8.07,8.12,19488564,21.99,22.07,21.75,21.9,7230000,2026-02-14T03:46:33Z
SBUX,2009-11-18,8.06,8.12,7.96,8.07,21663662,21.72,21.88,21.45,21.75,8037000,2026-02-14T03:46:33Z
SBUX,2009-11-19,7.99,8.02,7.81,7.97,27693250,21.53,21.61,21.05,21.48,10273900,2026-02-14T03:46:33Z
SBUX,2009-11-20,7.94,8.06,7.87,7.91,17456205,21.41,21.72,21.2,21.33,6476000,2026-02-14T03:46:33Z
SBUX,2009-11-23,8.02,8.2,7.99,8.09,34216688,21.61,22.1,21.53,21.81,12693900,2026-02-14T03:46:33Z
SBUX,2009-11-24,7.91,8.02,7.82,7.98,24243292,21.33,21.61,21.09,21.51,8994000,2026-02-14T03:46:33Z
SBUX,2009-11-25,8.1,8.1,7.91,7.94,20036932,21.82,21.84,21.32,21.4,7433500,2026-02-14T03:46:33Z
SBUX,2009-11-27,7.95,8.03,7.79,7.81,11966114,21.43,21.64,21,21.05,4439300,2026-02-14T03:46:33Z
SBUX,2009-11-30,8.12,8.14,7.83,7.91,32234072,21.9,21.94,21.11,21.33,11958400,2026-02-14T03:46:33Z
SBUX,2009-12-01,8.06,8.18,8.06,8.14,25097212,21.73,22.04,21.72,21.95,9310800,2026-02-14T03:46:33Z
SBUX,2009-12-02,8.04,8.16,8.02,8.09,20050024,21.68,22,21.61,21.81,7438300,2026-02-14T03:46:33Z
SBUX,2009-12-03,7.84,8.13,7.82,8.06,25755172,21.12,21.91,21.08,21.72,9554900,2026-02-14T03:46:33Z
SBUX,2009-12-04,8.01,8.11,7.89,7.94,34688630,21.6,21.86,21.28,21.41,12869000,2026-02-14T03:46:33Z
SBUX,2009-12-07,7.94,8.06,7.92,7.99,14732093,21.4,21.74,21.34,21.53,5465400,2026-02-14T03:46:33Z
SBUX,2009-12-08,7.87,7.96,7.77,7.85,16203687,21.22,21.46,20.95,21.15,6011400,2026-02-14T03:46:33Z
SBUX,2009-12-09,7.9,7.93,7.79,7.89,18016315,21.3,21.37,21,21.26,6683800,2026-02-14T03:46:33Z
SBUX,2009-12-10,8.28,8.34,7.92,7.95,56995933,22.31,22.47,21.36,21.43,21144700,2026-02-14T03:46:33Z
SBUX,2009-12-11,8.31,8.34,8.18,8.32,30649625,22.4,22.49,22.06,22.42,11370600,2026-02-14T03:46:33Z
SBUX,2009-12-14,8.47,8.49,8.29,8.34,24389100,22.84,22.89,22.34,22.47,9048100,2026-02-14T03:46:33Z
SBUX,2009-12-15,8.43,8.5,8.41,8.41,18804509,22.73,22.9,22.67,22.67,6976200,2026-02-14T03:46:33Z
SBUX,2009-12-16,8.32,8.51,8.31,8.42,21292529,22.44,22.93,22.41,22.7,7899300,2026-02-14T03:46:33Z
SBUX,2009-12-17,8.25,8.34,8.2,8.28,16823958,22.25,22.49,22.1,22.31,6241500,2026-02-14T03:46:33Z
SBUX,2009-12-18,8.79,8.81,8.26,8.32,80790723,23.68,23.76,22.25,22.43,29972400,2026-02-14T03:46:33Z
SBUX,2009-12-21,8.58,8.8,8.55,8.79,31879597,23.14,23.73,23.05,23.69,11827000,2026-02-14T03:46:33Z
SBUX,2009-12-22,8.8,8.83,8.6,8.66,21800792,23.72,23.8,23.17,23.34,8087800,2026-02-14T03:46:33Z
SBUX,2009-12-23,8.81,8.83,8.67,8.79,11478879,23.74,23.8,23.36,23.68,4258500,2026-02-14T03:46:33Z
