ticker,tradeDate,clsPx,hiPx,loPx,open,stockVolume,unadjClsPx,unadjHiPx,unadjLoPx,unadjOpen,unadjStockVolume,updatedAt
SCHW,2006-01-03,11.08,11.11,10.47,10.74,9820057,14.96,15,14.14,14.51,7271700,2026-02-14T03:46:34Z
SCHW,2006-01-04,11.62,11.67,10.97,11.08,16526875,15.69,15.76,14.81,14.96,12238000,2026-02-14T03:46:34Z
SCHW,2006-01-05,11.71,11.76,11.46,11.47,6714172,15.81,15.88,15.47,15.49,4971800,2026-02-14T03:46:34Z
SCHW,2006-01-06,11.88,12,11.56,11.74,8808327,16.04,16.2,15.61,15.85,6522500,2026-02-14T03:46:34Z
SCHW,2006-01-09,12,12.03,11.73,12.03,9414123,16.2,16.25,15.84,16.25,6971100,2026-02-14T03:46:34Z
SCHW,2006-01-10,11.6,12,11.6,11.97,11353811,15.67,16.2,15.67,16.16,8407400,2026-02-14T03:46:34Z
SCHW,2006-01-11,11.54,11.65,11.47,11.6,14087759,15.59,15.73,15.49,15.67,10431900,2026-02-14T03:46:34Z
SCHW,2006-01-12,11.43,11.54,11.4,11.49,7621822,15.44,15.59,15.4,15.52,5643900,2026-02-14T03:46:34Z
SCHW,2006-01-13,11.27,11.53,11.19,11.51,6636256,15.22,15.57,15.11,15.54,4914100,2026-02-14T03:46:34Z
SCHW,2006-01-17,11.09,11.2,10.99,11.12,9278940,14.98,15.12,14.84,15.01,6871000,2026-02-14T03:46:34Z
SCHW,2006-01-18,10.83,11.09,10.73,11,16654051,14.62,14.98,14.49,14.86,12332200,2026-02-14T03:46:34Z
SCHW,2006-01-19,11.09,11.12,10.86,11.01,12122313,14.98,15.02,14.67,14.87,8976500,2026-02-14T03:46:34Z
SCHW,2006-01-20,10.73,11.06,10.73,11.06,10357639,14.49,14.93,14.49,14.93,7669800,2026-02-14T03:46:34Z
SCHW,2006-01-23,10.94,11.03,10.74,10.77,11158763,14.77,14.9,14.51,14.54,8263000,2026-02-14T03:46:34Z
SCHW,2006-01-24,10.92,11.29,10.37,10.97,12966462,14.75,15.25,14,14.81,9601600,2026-02-14T03:46:34Z
SCHW,2006-01-25,10.85,11,10.74,10.92,9681003,14.65,14.86,14.5,14.75,7168700,2026-02-14T03:46:34Z
SCHW,2006-01-26,11.24,11.31,11.06,11.17,9911760,15.18,15.27,14.93,15.08,7339600,2026-02-14T03:46:34Z
SCHW,2006-01-27,11.01,11.34,10.97,11.16,10582708,14.87,15.31,14.82,15.07,7836400,2026-02-14T03:46:34Z
SCHW,2006-01-30,11.13,11.28,10.9,10.93,9167414,15.03,15.23,14.72,14.76,6788400,2026-02-14T03:46:34Z
SCHW,2006-01-31,10.95,11.22,10.85,11.09,9708119,14.79,15.15,14.65,14.98,7188800,2026-02-14T03:46:34Z
SCHW,2006-02-01,10.91,11.23,10.86,10.89,13554982,14.74,15.16,14.67,14.71,10037400,2026-02-14T03:46:34Z
SCHW,2006-02-02,10.69,10.96,10.59,10.91,12832683,14.43,14.8,14.3,14.73,9502500,2026-02-14T03:46:34Z
SCHW,2006-02-03,10.81,10.87,10.56,10.66,8745252,14.6,14.68,14.26,14.4,6475800,2026-02-14T03:46:34Z
SCHW,2006-02-06,10.88,10.9,10.71,10.81,9476310,14.67,14.7,14.44,14.58,7029200,2026-02-14T03:46:34Z
SCHW,2006-02-07,10.74,10.91,10.7,10.9,7331606,14.48,14.71,14.43,14.69,5438300,2026-02-14T03:46:34Z
SCHW,2006-02-08,10.93,10.96,10.69,10.72,9121769,14.74,14.78,14.41,14.45,6766200,2026-02-14T03:46:34Z
SCHW,2006-02-09,10.84,11.06,10.83,10.91,8599492,14.62,14.91,14.6,14.71,6378800,2026-02-14T03:46:34Z
SCHW,2006-02-10,10.79,10.95,10.59,10.82,9571747,14.55,14.76,14.27,14.59,7100000,2026-02-14T03:46:34Z
SCHW,2006-02-13,10.71,10.79,10.66,10.72,5454955,14.44,14.55,14.37,14.45,4046300,2026-02-14T03:46:34Z
SCHW,2006-02-14,11.34,11.34,10.74,10.77,19819460,15.29,15.29,14.48,14.52,14701400,2026-02-14T03:46:34Z
SCHW,2006-02-15,11.68,11.78,11.27,11.3,15127026,15.75,15.88,15.19,15.24,11220700,2026-02-14T03:46:34Z
SCHW,2006-02-16,11.96,11.99,11.68,11.68,13155480,16.13,16.16,15.74,15.75,9758300,2026-02-14T03:46:34Z
SCHW,2006-02-17,11.96,12.01,11.86,11.94,8998172,16.12,16.19,15.99,16.1,6674500,2026-02-14T03:46:34Z
SCHW,2006-02-21,11.9,11.98,11.82,11.89,8040964,16.04,16.15,15.94,16.03,5964500,2026-02-14T03:46:34Z
SCHW,2006-02-22,12.16,12.24,11.85,11.88,11850698,16.4,16.5,15.98,16.02,8790400,2026-02-14T03:46:34Z
SCHW,2006-02-23,12.28,12.57,12.11,12.13,20479308,16.56,16.95,16.32,16.36,15190800,2026-02-14T03:46:34Z
SCHW,2006-02-24,12.28,12.54,12.17,12.41,12295566,16.56,16.91,16.41,16.73,9120400,2026-02-14T03:46:34Z
SCHW,2006-02-27,12.22,12.44,11.57,12.07,13106293,16.48,16.77,15.6,16.27,9721800,2026-02-14T03:46:34Z
SCHW,2006-02-28,12.02,12.33,11.96,12.16,11552859,16.21,16.62,16.12,16.4,8569500,2026-02-14T03:46:34Z
SCHW,2006-03-01,12.25,12.34,11.89,12.08,10337420,16.52,16.63,16.03,16.29,7667900,2026-02-14T03:46:34Z
SCHW,2006-03-02,12.27,12.4,12.05,12.1,6302936,16.54,16.72,16.25,16.31,4675300,2026-02-14T03:46:34Z
SCHW,2006-03-03,12.39,12.48,12.07,12.13,7770909,16.7,16.82,16.27,16.35,5764200,2026-02-14T03:46:34Z
SCHW,2006-03-06,12.2,12.48,12.11,12.39,9709571,16.45,16.83,16.33,16.7,7202200,2026-02-14T03:46:34Z
SCHW,2006-03-07,12.06,12.5,11.91,12.19,6762518,16.26,16.85,16.06,16.43,5016200,2026-02-14T03:46:34Z
SCHW,2006-03-08,12.02,12.15,11.8,12.13,8645051,16.2,16.38,15.91,16.35,6412600,2026-02-14T03:46:34Z
SCHW,2006-03-09,11.94,12.24,11.88,12.04,6967434,16.09,16.5,16.02,16.23,5168200,2026-02-14T03:46:34Z
SCHW,2006-03-10,12.12,12.17,11.94,12.05,4409901,16.34,16.41,16.1,16.25,3271100,2026-02-14T03:46:34Z
SCHW,2006-03-13,12.25,12.28,12.07,12.13,8429799,16.52,16.56,16.27,16.36,6252900,2026-02-14T03:46:34Z
SCHW,2006-03-14,12.58,12.63,12.17,12.22,9746239,16.96,17.03,16.41,16.47,7229400,2026-02-14T03:46:34Z
SCHW,2006-03-15,12.57,12.68,12.46,12.56,9526736,16.94,17.1,16.8,16.93,7066600,2026-02-14T03:46:34Z
SCHW,2006-03-16,13.05,13.21,12.96,13.02,27846114,17.59,17.81,17.47,17.55,20655200,2026-02-14T03:46:34Z
SCHW,2006-03-17,13.45,13.53,13.07,13.26,13852633,18.13,18.24,17.62,17.87,10275400,2026-02-14T03:46:34Z
SCHW,2006-03-20,13.22,13.54,13.11,13.53,8558404,17.82,18.26,17.68,18.24,6348300,2026-02-14T03:46:34Z
SCHW,2006-03-21,12.98,13.3,12.91,13.19,7485786,17.5,17.93,17.4,17.78,5552700,2026-02-14T03:46:34Z
SCHW,2006-03-22,13,13.02,12.73,12.94,8737958,17.52,17.55,17.16,17.44,6481500,2026-02-14T03:46:34Z
SCHW,2006-03-23,12.85,13.01,12.77,13.01,3505149,17.33,17.54,17.22,17.54,2600000,2026-02-14T03:46:34Z
SCHW,2006-03-24,12.9,12.94,12.75,12.78,3833691,17.39,17.45,17.19,17.23,2843700,2026-02-14T03:46:34Z
SCHW,2006-03-27,12.92,13.04,12.79,12.79,4939048,17.42,17.58,17.25,17.25,3663600,2026-02-14T03:46:34Z
SCHW,2006-03-28,12.82,13.06,12.75,12.86,8671209,17.28,17.61,17.19,17.34,6432000,2026-02-14T03:46:34Z
SCHW,2006-03-29,13.08,13.28,12.98,13,11912429,17.64,17.9,17.5,17.53,8836200,2026-02-14T03:46:34Z
SCHW,2006-03-30,12.96,13.14,12.82,12.95,12444944,17.47,17.71,17.28,17.46,9231200,2026-02-14T03:46:34Z
SCHW,2006-03-31,12.77,13.01,12.77,12.9,7830362,17.21,17.54,17.21,17.39,5808300,2026-02-14T03:46:34Z
SCHW,2006-04-03,12.91,13.28,12.82,12.91,7420830,17.41,17.9,17.29,17.4,5504500,2026-02-14T03:46:34Z
SCHW,2006-04-04,13.14,13.27,12.8,12.98,8662755,17.71,17.89,17.26,17.5,6425700,2026-02-14T03:46:34Z
SCHW,2006-04-05,13.01,13.15,12.97,13.12,8467949,17.54,17.73,17.48,17.69,6281200,2026-02-14T03:46:34Z
SCHW,2006-04-06,13.26,13.3,12.89,12.91,10102704,17.88,17.93,17.38,17.41,7493800,2026-02-14T03:46:34Z
SCHW,2006-04-07,13.35,13.39,13.17,13.32,12208017,18,18.05,17.76,17.96,9055500,2026-02-14T03:46:34Z
SCHW,2006-04-10,13.44,13.51,13.26,13.44,9004322,18.12,18.21,17.87,18.12,6679100,2026-02-14T03:46:34Z
SCHW,2006-04-11,13.15,13.62,13,13.52,8316915,17.73,18.36,17.53,18.23,6169200,2026-02-14T03:46:34Z
SCHW,2006-04-12,12.9,13.21,12.86,13.2,7263752,17.39,17.81,17.33,17.8,5388000,2026-02-14T03:46:34Z
SCHW,2006-04-13,13.05,13.06,12.85,12.88,6450988,17.59,17.61,17.32,17.37,4785100,2026-02-14T03:46:34Z
SCHW,2006-04-17,12.86,13.12,12.66,13.08,10381324,17.34,17.69,17.07,17.63,7700500,2026-02-14T03:46:34Z
SCHW,2006-04-18,13.01,13.13,12.82,12.96,10659893,17.54,17.7,17.28,17.47,7907100,2026-02-14T03:46:34Z
SCHW,2006-04-19,13.2,13.28,13.03,13.2,9164492,17.79,17.9,17.56,17.8,6797900,2026-02-14T03:46:34Z
SCHW,2006-04-20,13.14,13.24,13.03,13.19,7697436,17.72,17.85,17.56,17.78,5709700,2026-02-14T03:46:34Z
SCHW,2006-04-21,13.26,13.31,13.16,13.29,11686756,17.87,17.95,17.74,17.92,8668800,2026-02-14T03:46:34Z
SCHW,2006-04-24,13.05,13.11,12.87,13.05,9513301,17.6,17.68,17.35,17.59,7056600,2026-02-14T03:46:34Z
SCHW,2006-04-25,12.96,13.16,12.91,13.13,5926151,17.47,17.74,17.41,17.7,4395800,2026-02-14T03:46:34Z
SCHW,2006-04-26,13.14,13.17,13.01,13.15,4516140,17.71,17.75,17.54,17.73,3349900,2026-02-14T03:46:34Z
SCHW,2006-04-27,13.51,13.67,12.9,13.09,12712554,18.21,18.43,17.39,17.65,9429700,2026-02-14T03:46:34Z
SCHW,2006-04-28,13.28,13.72,13.13,13.55,10719562,17.9,18.5,17.7,18.27,7951400,2026-02-14T03:46:34Z
SCHW,2006-05-01,13,13.59,12.97,13.4,8685931,17.53,18.32,17.49,18.06,6442900,2026-02-14T03:46:34Z
SCHW,2006-05-02,13.11,13.15,13,13.03,5638168,17.67,17.73,17.53,17.56,4182200,2026-02-14T03:46:34Z
SCHW,2006-05-03,13.08,13.22,12.91,13.12,7637199,17.63,17.82,17.41,17.69,5665000,2026-02-14T03:46:34Z
SCHW,2006-05-04,13.23,13.53,13.11,13.11,11902107,17.8,18.21,17.64,17.65,8843600,2026-02-14T03:46:34Z
SCHW,2006-05-05,13.71,13.75,13.26,13.38,11182055,18.45,18.51,17.85,18.01,8308600,2026-02-14T03:46:34Z
SCHW,2006-05-08,13.66,13.77,13.47,13.75,8271953,18.39,18.53,18.13,18.51,6146300,2026-02-14T03:46:34Z
SCHW,2006-05-09,13.56,13.64,13.48,13.64,7078851,18.25,18.36,18.14,18.36,5259800,2026-02-14T03:46:34Z
SCHW,2006-05-10,13.58,13.63,13.12,13.47,7189879,18.28,18.34,17.66,18.13,5342300,2026-02-14T03:46:34Z
SCHW,2006-05-11,13.26,13.61,13.12,13.44,9370185,17.84,18.31,17.66,18.09,6962300,2026-02-14T03:46:34Z
SCHW,2006-05-12,12.8,13.15,12.76,12.96,11851344,17.23,17.7,17.17,17.44,8805900,2026-02-14T03:46:34Z
SCHW,2006-05-15,12.68,12.82,12.39,12.82,11921314,17.06,17.25,16.68,17.25,8857900,2026-02-14T03:46:34Z
SCHW,2006-05-16,12.84,12.97,12.59,12.59,8014921,17.28,17.45,16.94,16.94,5955300,2026-02-14T03:46:34Z
SCHW,2006-05-17,12.65,12.91,12.19,12.75,15073416,17.03,17.37,16.4,17.16,11200000,2026-02-14T03:46:34Z
SCHW,2006-05-18,12.36,12.83,12.25,12.65,11202660,16.64,17.27,16.49,17.02,8323900,2026-02-14T03:46:34Z
SCHW,2006-05-19,12.37,12.51,12.07,12.42,13332623,16.65,16.83,16.25,16.72,9906500,2026-02-14T03:46:34Z
SCHW,2006-05-22,11.82,12.33,11.7,12.28,17535911,15.91,16.59,15.74,16.52,13029700,2026-02-14T03:46:34Z
SCHW,2006-05-23,11.82,12.15,11.82,12,7120309,15.91,16.35,15.91,16.15,5290600,2026-02-14T03:46:34Z
SCHW,2006-05-24,11.89,12.14,11.33,11.72,14425368,16,16.34,15.25,15.78,10718500,2026-02-14T03:46:34Z
SCHW,2006-05-25,12.23,12.26,11.93,11.97,9051371,16.46,16.5,16.05,16.11,6725400,2026-02-14T03:46:34Z
SCHW,2006-05-26,12.52,12.66,12.33,12.57,6874046,16.85,17.04,16.59,16.92,5107600,2026-02-14T03:46:34Z
SCHW,2006-05-30,12.21,12.57,12.16,12.51,7111008,16.43,16.92,16.36,16.83,5283700,2026-02-14T03:46:34Z
SCHW,2006-05-31,12.38,12.5,12.21,12.31,7673029,16.66,16.82,16.44,16.57,5701300,2026-02-14T03:46:34Z
SCHW,2006-06-01,12.48,12.49,12.33,12.42,7870388,16.79,16.81,16.6,16.71,5847900,2026-02-14T03:46:34Z
SCHW,2006-06-02,12.61,12.71,12.4,12.61,6602838,16.97,17.1,16.69,16.97,4906100,2026-02-14T03:46:34Z
SCHW,2006-06-05,12.09,12.63,12.03,12.5,8280283,16.27,17,16.19,16.82,6152500,2026-02-14T03:46:34Z
SCHW,2006-06-06,11.95,12.17,11.78,12.17,12653617,16.08,16.38,15.85,16.38,9402000,2026-02-14T03:46:34Z
SCHW,2006-06-07,12.02,12.22,11.86,11.96,9483217,16.18,16.45,15.96,16.09,7046300,2026-02-14T03:46:34Z
SCHW,2006-06-08,11.98,12.18,11.6,11.9,14955745,16.13,16.39,15.61,16.01,11112500,2026-02-14T03:46:34Z
SCHW,2006-06-09,12.01,12.16,11.87,11.9,6504752,16.16,16.37,15.97,16.02,4833200,2026-02-14T03:46:34Z
SCHW,2006-06-12,11.56,12.1,11.44,12.06,9476372,15.56,16.29,15.39,16.23,7041200,2026-02-14T03:46:34Z
SCHW,2006-06-13,10.83,11.55,10.75,11.43,25066231,14.58,15.54,14.47,15.38,18625000,2026-02-14T03:46:34Z
SCHW,2006-06-14,10.81,11.08,10.57,10.59,23609246,14.55,14.91,14.22,14.25,17542400,2026-02-14T03:46:34Z
SCHW,2006-06-15,11.69,11.76,10.86,10.94,15265277,15.73,15.83,14.62,14.72,11342500,2026-02-14T03:46:34Z
SCHW,2006-06-16,11.53,11.95,11.41,11.69,8611918,15.52,16.08,15.35,15.73,6398900,2026-02-14T03:46:34Z
SCHW,2006-06-19,11.36,11.68,11.32,11.61,9510003,15.29,15.72,15.24,15.63,7066200,2026-02-14T03:46:34Z
SCHW,2006-06-20,11.46,11.73,11.3,11.37,11581788,15.42,15.79,15.21,15.3,8605600,2026-02-14T03:46:34Z
SCHW,2006-06-21,11.58,11.81,11.41,11.42,10011202,15.59,15.9,15.35,15.37,7438600,2026-02-14T03:46:34Z
SCHW,2006-06-22,11.47,11.61,11.35,11.52,8280272,15.44,15.62,15.28,15.5,6152500,2026-02-14T03:46:34Z
SCHW,2006-06-23,11.4,11.45,11.26,11.36,10447070,15.34,15.41,15.16,15.29,7762500,2026-02-14T03:46:34Z
SCHW,2006-06-26,11.42,11.52,11.34,11.46,6775811,15.37,15.51,15.26,15.43,5034600,2026-02-14T03:46:34Z
SCHW,2006-06-27,11.08,11.42,11.05,11.38,9581962,14.91,15.37,14.87,15.31,7119700,2026-02-14T03:46:34Z
SCHW,2006-06-28,11.25,11.35,10.97,11.14,10047574,15.14,15.27,14.77,15,7465600,2026-02-14T03:46:34Z
SCHW,2006-06-29,11.75,11.78,11.29,11.35,10285456,15.81,15.86,15.2,15.27,7642400,2026-02-14T03:46:34Z
SCHW,2006-06-30,11.87,12.07,11.6,11.87,8251631,15.98,16.25,15.61,15.97,6131200,2026-02-14T03:46:34Z
SCHW,2006-07-03,12.04,12.13,11.81,11.92,3490972,16.2,16.33,15.9,16.04,2593900,2026-02-14T03:46:34Z
SCHW,2006-07-05,11.79,12.02,11.73,11.91,8202351,15.87,16.18,15.79,16.03,6094600,2026-02-14T03:46:34Z
SCHW,2006-07-06,11.77,11.86,11.69,11.79,6494755,15.84,15.96,15.73,15.87,4825800,2026-02-14T03:46:34Z
SCHW,2006-07-07,11.35,11.67,11.3,11.64,6079834,15.28,15.71,15.21,15.67,4517500,2026-02-14T03:46:34Z
SCHW,2006-07-10,11.29,11.51,11.24,11.39,3973345,15.2,15.49,15.13,15.33,2952300,2026-02-14T03:46:34Z
SCHW,2006-07-11,11.44,11.46,11.16,11.31,5997082,15.39,15.42,15.02,15.22,4456000,2026-02-14T03:46:34Z
SCHW,2006-07-12,11.15,11.48,11.09,11.47,10427351,15,15.45,14.93,15.44,7747800,2026-02-14T03:46:34Z
SCHW,2006-07-13,10.83,11.14,10.81,11.06,10867306,14.57,14.99,14.55,14.88,8074700,2026-02-14T03:46:34Z
SCHW,2006-07-14,10.86,10.99,10.72,10.75,6478876,14.62,14.79,14.43,14.47,4814000,2026-02-14T03:46:34Z
SCHW,2006-07-17,10.6,10.94,10.55,10.67,7838854,14.26,14.72,14.2,14.36,5824500,2026-02-14T03:46:34Z
SCHW,2006-07-18,10.68,10.89,10.4,10.62,13754005,14.37,14.66,14,14.29,10219600,2026-02-14T03:46:34Z
SCHW,2006-07-19,11.14,11.29,10.6,10.74,11984194,14.99,15.2,14.27,14.45,8904600,2026-02-14T03:46:34Z
SCHW,2006-07-20,10.96,11.19,10.91,11.07,11484454,14.75,15.06,14.68,14.9,8533300,2026-02-14T03:46:34Z
SCHW,2006-07-21,10.92,11.06,10.63,10.88,12454860,14.7,14.88,14.31,14.65,9254300,2026-02-14T03:46:34Z
SCHW,2006-07-24,11.04,11.24,10.88,10.92,7604286,14.86,15.13,14.64,14.7,5650200,2026-02-14T03:46:34Z
SCHW,2006-07-25,11.23,11.35,10.85,10.95,7375734,15.11,15.27,14.6,14.73,5480400,2026-02-14T03:46:34Z
SCHW,2006-07-26,11.12,11.23,11.05,11.11,11448019,14.96,15.12,14.87,14.95,8506200,2026-02-14T03:46:34Z
SCHW,2006-07-27,11.45,11.52,11.12,11.12,13203765,15.41,15.51,14.96,14.96,9810800,2026-02-14T03:46:34Z
SCHW,2006-07-28,11.78,11.82,11.44,11.46,14106091,15.86,15.91,15.39,15.42,10481200,2026-02-14T03:46:34Z
SCHW,2006-07-31,11.8,11.9,11.66,11.78,10650190,15.88,16.01,15.69,15.86,7913400,2026-02-14T03:46:34Z
SCHW,2006-08-01,11.82,11.87,11.68,11.87,9140820,15.91,15.98,15.72,15.97,6791900,2026-02-14T03:46:34Z
SCHW,2006-08-02,11.87,11.98,11.77,11.8,12558834,15.97,16.12,15.84,15.88,9331600,2026-02-14T03:46:34Z
SCHW,2006-08-03,11.92,12.02,11.77,11.83,7428099,16.04,16.18,15.84,15.92,5519300,2026-02-14T03:46:34Z
SCHW,2006-08-04,12.07,12.22,11.93,12.04,9435627,16.21,16.41,16.02,16.17,7024100,2026-02-14T03:46:34Z
SCHW,2006-08-07,11.89,12.07,11.81,12.01,10937228,15.97,16.22,15.87,16.13,8141900,2026-02-14T03:46:34Z
SCHW,2006-08-08,11.7,11.98,11.61,11.91,7182359,15.72,16.09,15.59,16,5346700,2026-02-14T03:46:34Z
SCHW,2006-08-09,11.74,11.91,11.63,11.79,6738805,15.77,16,15.63,15.84,5016500,2026-02-14T03:46:34Z
SCHW,2006-08-10,11.88,11.91,11.61,11.72,5954272,15.96,16,15.59,15.74,4432500,2026-02-14T03:46:34Z
SCHW,2006-08-11,11.81,11.91,11.66,11.91,5799414,15.86,16,15.66,16,4317200,2026-02-14T03:46:34Z
SCHW,2006-08-14,11.96,12.13,11.84,11.91,7945802,16.07,16.3,15.9,16,5915000,2026-02-14T03:46:34Z
SCHW,2006-08-15,12.23,12.32,12.07,12.07,10295012,16.43,16.55,16.21,16.21,7663800,2026-02-14T03:46:34Z
SCHW,2006-08-16,12.13,12.38,12.04,12.3,13277587,16.29,16.63,16.17,16.52,9884100,2026-02-14T03:46:34Z
SCHW,2006-08-17,12.37,12.46,12.03,12.07,8747050,16.62,16.74,16.16,16.22,6511500,2026-02-14T03:46:34Z
SCHW,2006-08-18,12.19,12.45,12.12,12.37,6954138,16.38,16.73,16.28,16.61,5176800,2026-02-14T03:46:34Z
SCHW,2006-08-21,12.12,12.17,12,12.12,6308244,16.28,16.35,16.12,16.28,4696000,2026-02-14T03:46:34Z
SCHW,2006-08-22,12.17,12.36,12.07,12.07,6530435,16.35,16.6,16.21,16.21,4861400,2026-02-14T03:46:34Z
SCHW,2006-08-23,12.01,12.31,11.95,12.25,5825068,16.13,16.54,16.05,16.45,4336300,2026-02-14T03:46:34Z
SCHW,2006-08-24,11.91,12.1,11.8,11.97,5815544,16,16.25,15.85,16.08,4329200,2026-02-14T03:46:34Z
SCHW,2006-08-25,11.9,12.03,11.85,11.91,3253145,15.98,16.16,15.92,16,2421700,2026-02-14T03:46:34Z
SCHW,2006-08-28,11.96,11.99,11.77,11.77,4653969,16.07,16.11,15.81,15.81,3464500,2026-02-14T03:46:34Z
SCHW,2006-08-29,11.85,12.02,11.67,12.02,7323264,15.92,16.15,15.68,16.15,5451600,2026-02-14T03:46:34Z
SCHW,2006-08-30,12.1,12.16,11.84,11.86,5243421,16.25,16.33,15.9,15.93,3903300,2026-02-14T03:46:34Z
SCHW,2006-08-31,12.14,12.23,12.06,12.07,4764644,16.31,16.43,16.2,16.21,3546900,2026-02-14T03:46:34Z
SCHW,2006-09-01,12.27,12.31,12.13,12.13,5956824,16.48,16.54,16.29,16.29,4434400,2026-02-14T03:46:34Z
SCHW,2006-09-05,12.24,12.34,12.13,12.13,5718395,16.44,16.58,16.3,16.3,4256900,2026-02-14T03:46:34Z
SCHW,2006-09-06,12.36,12.48,12.1,12.21,9113651,16.6,16.76,16.26,16.4,6784400,2026-02-14T03:46:34Z
SCHW,2006-09-07,12.17,12.37,12.13,12.37,6834295,16.35,16.62,16.3,16.61,5087600,2026-02-14T03:46:34Z
SCHW,2006-09-08,12.12,12.34,12,12.3,5913711,16.28,16.58,16.12,16.53,4402300,2026-02-14T03:46:34Z
SCHW,2006-09-11,12.22,12.26,12.07,12.1,6486005,16.41,16.47,16.21,16.26,4828300,2026-02-14T03:46:34Z
SCHW,2006-09-12,12.48,12.49,12.19,12.29,8359275,16.77,16.78,16.38,16.51,6222800,2026-02-14T03:46:34Z
SCHW,2006-09-13,12.59,12.77,12.33,12.33,9634705,16.91,17.16,16.56,16.56,7172300,2026-02-14T03:46:34Z
SCHW,2006-09-14,12.66,12.71,12.42,12.46,8580763,17.01,17.07,16.68,16.74,6387700,2026-02-14T03:46:34Z
SCHW,2006-09-15,13.03,13.1,12.69,12.79,18371878,17.51,17.6,17.04,17.18,13676400,2026-02-14T03:46:34Z
SCHW,2006-09-18,13.02,13.04,12.7,13.03,7254778,17.49,17.51,17.06,17.5,5400600,2026-02-14T03:46:34Z
SCHW,2006-09-19,12.77,13.07,12.69,13.04,7305689,17.15,17.56,17.05,17.52,5438500,2026-02-14T03:46:34Z
SCHW,2006-09-20,12.92,13.01,12.84,12.89,8307964,17.36,17.48,17.25,17.32,6184600,2026-02-14T03:46:34Z
SCHW,2006-09-21,12.79,13.03,12.71,12.9,5092032,17.18,17.5,17.07,17.33,3790600,2026-02-14T03:46:34Z
SCHW,2006-09-22,12.82,12.9,12.72,12.79,5355986,17.22,17.33,17.09,17.18,3987100,2026-02-14T03:46:34Z
SCHW,2006-09-25,13.07,13.21,12.76,12.89,8303387,17.56,17.75,17.14,17.32,6181200,2026-02-14T03:46:34Z
SCHW,2006-09-26,13.15,13.21,12.89,13.04,7010021,17.67,17.74,17.32,17.52,5218400,2026-02-14T03:46:34Z
SCHW,2006-09-27,13.13,13.27,13.04,13.07,6957883,17.64,17.82,17.52,17.56,5179600,2026-02-14T03:46:34Z
SCHW,2006-09-28,13.29,13.39,13.09,13.2,6531660,17.85,17.99,17.58,17.73,4862300,2026-02-14T03:46:34Z
SCHW,2006-09-29,13.33,13.4,13.18,13.38,7686633,17.91,18,17.7,17.97,5722100,2026-02-14T03:46:34Z
SCHW,2006-10-02,13.16,13.37,13.04,13.37,6372182,17.68,17.96,17.52,17.96,4743600,2026-02-14T03:46:34Z
SCHW,2006-10-03,13.03,13.21,13,13.21,12139244,17.51,17.75,17.46,17.74,9036700,2026-02-14T03:46:34Z
SCHW,2006-10-04,13.59,13.6,13.06,13.11,12077599,18.26,18.27,17.55,17.61,8990800,2026-02-14T03:46:34Z
SCHW,2006-10-05,13.52,13.64,13.41,13.53,6036765,18.16,18.33,18.02,18.17,4493900,2026-02-14T03:46:34Z
SCHW,2006-10-06,13.56,13.57,13.36,13.4,4876006,18.21,18.23,17.95,18,3629800,2026-02-14T03:46:34Z
SCHW,2006-10-09,13.58,13.59,13.38,13.46,5277002,18.24,18.26,17.97,18.08,3928300,2026-02-14T03:46:34Z
SCHW,2006-10-10,13.44,13.69,13.35,13.66,6697307,18.06,18.39,17.93,18.35,4985600,2026-02-14T03:46:34Z
SCHW,2006-10-11,12.82,12.92,12.16,12.36,30227856,17.22,17.36,16.34,16.6,22502200,2026-02-14T03:46:34Z
SCHW,2006-10-12,13.2,13.3,12.76,12.95,17097293,17.73,17.87,17.14,17.4,12727600,2026-02-14T03:46:34Z
SCHW,2006-10-13,13.07,13.22,13,13.14,6932250,17.56,17.76,17.46,17.65,5160500,2026-02-14T03:46:34Z
SCHW,2006-10-16,12.73,13.24,12.71,13.11,13724894,17.1,17.78,17.07,17.61,10217100,2026-02-14T03:46:34Z
SCHW,2006-10-17,12.44,12.65,12.36,12.65,11605774,16.71,17,16.6,17,8639600,2026-02-14T03:46:34Z
SCHW,2006-10-18,12.5,12.62,12.39,12.44,8800819,16.79,16.95,16.64,16.71,6551500,2026-02-14T03:46:34Z
SCHW,2006-10-19,12.39,12.5,12.25,12.41,11587765,16.64,16.79,16.45,16.67,8626200,2026-02-14T03:46:34Z
SCHW,2006-10-20,12.54,12.62,12.25,12.58,7385870,16.85,16.95,16.45,16.9,5498200,2026-02-14T03:46:34Z
SCHW,2006-10-23,12.74,12.81,12.53,12.6,7276149,17.11,17.21,16.83,16.92,5416500,2026-02-14T03:46:34Z
SCHW,2006-10-24,12.65,12.8,12.56,12.69,6401625,16.99,17.2,16.87,17.04,4765500,2026-02-14T03:46:34Z
SCHW,2006-10-25,12.67,12.71,12.44,12.6,7854992,17.02,17.08,16.71,16.93,5847400,2026-02-14T03:46:34Z
SCHW,2006-10-26,13.06,13.16,12.67,12.67,8855061,17.55,17.68,17.02,17.02,6591900,2026-02-14T03:46:34Z
SCHW,2006-10-27,13.26,13.32,13.07,13.27,11990695,17.81,17.9,17.56,17.83,8926100,2026-02-14T03:46:34Z
SCHW,2006-10-30,13.47,13.55,13.14,13.23,15032242,18.1,18.2,17.65,17.77,11190300,2026-02-14T03:46:34Z
SCHW,2006-10-31,13.56,13.62,13.47,13.58,11294726,18.22,18.3,18.1,18.24,8408000,2026-02-14T03:46:34Z
SCHW,2006-11-01,13.24,13.59,13.11,13.59,8711875,17.78,18.26,17.61,18.26,6485300,2026-02-14T03:46:34Z
SCHW,2006-11-02,13.43,13.52,13.11,13.21,10281187,18.04,18.16,17.61,17.75,7653500,2026-02-14T03:46:34Z
SCHW,2006-11-03,13.43,13.56,13.21,13.4,8048704,18.04,18.21,17.74,18,5991600,2026-02-14T03:46:34Z
SCHW,2006-11-06,14.18,14.2,13.4,13.58,17684776,19,19.02,17.95,18.19,13201500,2026-02-14T03:46:34Z
SCHW,2006-11-07,14.12,14.24,13.97,14.18,13503721,18.92,19.07,18.71,18.99,10080400,2026-02-14T03:46:34Z
SCHW,2006-11-08,13.87,14.16,13.77,14.15,39281663,18.58,18.97,18.45,18.95,29323400,2026-02-14T03:46:34Z
SCHW,2006-11-09,13.47,13.89,13.41,13.82,8785142,18.05,18.61,17.97,18.51,6558000,2026-02-14T03:46:34Z
SCHW,2006-11-10,13.57,13.62,13.41,13.57,7766205,18.18,18.24,17.97,18.18,5797400,2026-02-14T03:46:34Z
SCHW,2006-11-13,13.61,13.79,13.51,13.58,5922924,18.23,18.47,18.1,18.19,4421400,2026-02-14T03:46:34Z
SCHW,2006-11-14,13.62,13.67,13.15,13.66,14684566,18.24,18.31,17.62,18.3,10961900,2026-02-14T03:46:34Z
SCHW,2006-11-15,13.73,13.84,13.59,13.62,11258062,18.39,18.54,18.21,18.24,8404000,2026-02-14T03:46:34Z
SCHW,2006-11-16,13.82,13.88,13.66,13.85,8808286,18.52,18.59,18.3,18.55,6575300,2026-02-14T03:46:34Z
SCHW,2006-11-17,13.85,13.91,13.57,13.72,7253441,18.56,18.64,18.18,18.38,5414600,2026-02-14T03:46:34Z
SCHW,2006-11-20,14.14,14.18,13.89,13.98,13519289,18.94,18.99,18.61,18.73,10092000,2026-02-14T03:46:34Z
SCHW,2006-11-21,14.38,14.45,14.07,14.12,15671339,19.26,19.36,18.85,18.92,11698500,2026-02-14T03:46:34Z
SCHW,2006-11-22,14.25,14.43,14.14,14.42,6926011,19.09,19.33,18.94,19.32,5170200,2026-02-14T03:46:34Z
SCHW,2006-11-24,14.18,14.29,14.03,14.13,2176727,18.99,19.15,18.8,18.93,1624900,2026-02-14T03:46:34Z
SCHW,2006-11-27,13.72,14.2,13.68,14.19,9840175,18.38,19.02,18.32,19.01,7345600,2026-02-14T03:46:34Z
SCHW,2006-11-28,13.7,13.74,13.47,13.52,9641382,18.35,18.41,18.04,18.11,7197200,2026-02-14T03:46:34Z
SCHW,2006-11-29,13.9,13.97,13.71,13.73,7515864,18.62,18.71,18.37,18.4,5610500,2026-02-14T03:46:34Z
SCHW,2006-11-30,13.69,13.95,13.58,13.91,7962211,18.34,18.69,18.19,18.64,5943700,2026-02-14T03:46:34Z
SCHW,2006-12-01,13.45,13.77,13.27,13.73,7130329,18.02,18.45,17.78,18.39,5322700,2026-02-14T03:46:34Z
SCHW,2006-12-04,14.03,14.18,13.56,13.77,11019072,18.79,18.99,18.17,18.44,8225600,2026-02-14T03:46:34Z
SCHW,2006-12-05,14.24,14.36,14,14.08,11416519,19.08,19.23,18.75,18.86,8522300,2026-02-14T03:46:34Z
SCHW,2006-12-06,14.4,14.45,14.27,14.32,11062298,19.29,19.35,19.12,19.19,8257900,2026-02-14T03:46:34Z
SCHW,2006-12-07,14.36,14.54,14.29,14.4,7722141,19.23,19.48,19.15,19.29,5764500,2026-02-14T03:46:34Z
SCHW,2006-12-08,14.38,14.43,14.22,14.29,6257134,19.27,19.33,19.05,19.14,4670900,2026-02-14T03:46:34Z
SCHW,2006-12-11,14.32,14.36,14.17,14.22,6234902,19.18,19.23,18.98,19.05,4654300,2026-02-14T03:46:34Z
SCHW,2006-12-12,14.35,14.41,14.29,14.34,8559279,19.22,19.31,19.15,19.21,6389400,2026-02-14T03:46:34Z
SCHW,2006-12-13,14.28,14.51,14.18,14.43,6039219,19.13,19.44,19,19.33,4508200,2026-02-14T03:46:34Z
SCHW,2006-12-14,14.37,14.42,14.21,14.23,8376554,19.25,19.32,19.04,19.06,6253000,2026-02-14T03:46:34Z
SCHW,2006-12-15,14.43,14.55,14.37,14.43,10783036,19.33,19.49,19.25,19.33,8049400,2026-02-14T03:46:34Z
SCHW,2006-12-18,14.12,14.45,13.97,14.45,17422325,18.92,19.36,18.71,19.36,13005600,2026-02-14T03:46:34Z
SCHW,2006-12-19,14.08,14.25,13.94,14.22,11337996,18.86,19.09,18.68,19.05,8463700,2026-02-14T03:46:34Z
SCHW,2006-12-20,14.27,14.32,14.13,14.14,8156452,19.11,19.19,18.93,18.94,6088700,2026-02-14T03:46:34Z
SCHW,2006-12-21,14.27,14.33,14.22,14.3,6977181,19.12,19.2,19.05,19.16,5208400,2026-02-14T03:46:34Z
SCHW,2006-12-22,14.15,14.31,14.15,14.31,4533211,18.95,19.17,18.95,19.17,3384000,2026-02-14T03:46:34Z
SCHW,2006-12-26,14.21,14.24,14.08,14.09,3457515,19.03,19.07,18.86,18.88,2581000,2026-02-14T03:46:34Z
SCHW,2006-12-27,14.33,14.36,14.24,14.32,2420127,19.2,19.24,19.07,19.19,1806600,2026-02-14T03:46:34Z
SCHW,2006-12-28,14.45,14.54,14.26,14.28,5145832,19.36,19.48,19.1,19.13,3841300,2026-02-14T03:46:34Z
SCHW,2006-12-29,14.44,14.54,14.4,14.41,4332681,19.34,19.48,19.29,19.31,3234300,2026-02-14T03:46:34Z
SCHW,2007-01-03,14.75,14.79,14.32,14.33,10663938,19.76,19.82,19.18,19.2,7960500,2026-02-14T03:46:34Z
SCHW,2007-01-04,14.64,14.81,14.43,14.8,7099209,19.61,19.84,19.33,19.83,5299500,2026-02-14T03:46:34Z
SCHW,2007-01-05,14.33,14.7,14.24,14.63,7220999,19.2,19.69,19.08,19.6,5390400,2026-02-14T03:46:34Z
SCHW,2007-01-08,14.51,14.61,14.19,14.24,5571930,19.44,19.57,19.01,19.08,4159400,2026-02-14T03:46:34Z
SCHW,2007-01-09,14.74,14.81,14.62,14.63,8991399,19.75,19.84,19.58,19.6,6712000,2026-02-14T03:46:34Z
SCHW,2007-01-10,14.91,14.96,14.56,14.56,13800189,19.97,20.04,19.5,19.51,10301700,2026-02-14T03:46:34Z
SCHW,2007-01-11,15.14,15.2,14.84,14.95,13443866,20.28,20.36,19.88,20.03,10035700,2026-02-14T03:46:34Z
SCHW,2007-01-12,15.19,15.36,15,15.18,12956076,20.35,20.57,20.1,20.34,9671600,2026-02-14T03:46:34Z
SCHW,2007-01-16,15.06,15.57,15.03,15.09,12865919,20.18,20.86,20.13,20.22,9604300,2026-02-14T03:46:34Z
SCHW,2007-01-17,14.7,15.21,14.58,15.08,15131738,19.69,20.38,19.53,20.2,11295700,2026-02-14T03:46:34Z
SCHW,2007-01-18,14.33,14.69,14.24,14.59,12024443,19.19,19.68,19.07,19.54,8976100,2026-02-14T03:46:34Z
SCHW,2007-01-19,14.22,14.42,14.16,14.27,8518419,19.05,19.32,18.97,19.12,6358900,2026-02-14T03:46:34Z
SCHW,2007-01-22,14.11,14.3,13.86,14.26,7108448,18.9,19.16,18.57,19.1,5306400,2026-02-14T03:46:34Z
SCHW,2007-01-23,14.06,14.2,13.8,14.11,12870474,18.84,19.02,18.49,18.9,9607700,2026-02-14T03:46:34Z
SCHW,2007-01-24,14.12,14.19,14.01,14.09,12343254,18.91,19.01,18.77,18.87,9214100,2026-02-14T03:46:34Z
SCHW,2007-01-25,13.7,14.22,13.68,14.22,11045954,18.35,19.05,18.32,19.05,8245700,2026-02-14T03:46:34Z
SCHW,2007-01-26,14.02,14.11,13.68,13.7,12024661,18.78,18.9,18.33,18.35,8976300,2026-02-14T03:46:34Z
SCHW,2007-01-29,13.47,14.08,13.43,14.04,18252816,18.05,18.86,17.99,18.81,13625500,2026-02-14T03:46:34Z
SCHW,2007-01-30,13.76,13.81,13.48,13.56,11798693,18.43,18.5,18.06,18.16,8807600,2026-02-14T03:46:34Z
SCHW,2007-01-31,14.12,14.19,13.69,13.77,15075476,18.92,19.01,18.34,18.45,11253700,2026-02-14T03:46:34Z
SCHW,2007-02-01,14.36,14.46,14.21,14.29,11832549,19.24,19.37,19.03,19.15,8832900,2026-02-14T03:46:34Z
SCHW,2007-02-02,14.43,14.53,14.34,14.34,8805909,19.33,19.46,19.21,19.21,6573500,2026-02-14T03:46:34Z
SCHW,2007-02-05,14.48,14.59,14.38,14.38,8708224,19.4,19.55,19.26,19.27,6500600,2026-02-14T03:46:34Z
SCHW,2007-02-06,14.33,14.61,14.29,14.52,6674456,19.19,19.57,19.14,19.45,4982400,2026-02-14T03:46:34Z
SCHW,2007-02-07,14.5,14.62,14.36,14.36,6137558,19.37,19.53,19.18,19.19,4593600,2026-02-14T03:46:34Z
SCHW,2007-02-08,14.48,14.54,14.32,14.54,6104036,19.35,19.43,19.14,19.42,4568500,2026-02-14T03:46:34Z
SCHW,2007-02-09,14,14.54,13.94,14.47,11611642,18.7,19.42,18.63,19.34,8690600,2026-02-14T03:46:34Z
SCHW,2007-02-12,14.06,14.07,13.97,14.02,5860719,18.79,18.8,18.66,18.73,4386400,2026-02-14T03:46:34Z
SCHW,2007-02-13,14.06,14.16,13.87,14.15,14276349,18.79,18.92,18.53,18.9,10685000,2026-02-14T03:46:34Z
SCHW,2007-02-14,14.44,14.51,14.14,14.15,11923594,19.3,19.39,18.89,18.91,8924100,2026-02-14T03:46:34Z
SCHW,2007-02-15,14.62,14.78,14.38,14.38,12289190,19.53,19.75,19.21,19.21,9197700,2026-02-14T03:46:34Z
SCHW,2007-02-16,14.62,14.73,14.46,14.65,6628469,19.53,19.68,19.32,19.57,4961000,2026-02-14T03:46:34Z
SCHW,2007-02-20,14.64,14.77,14.47,14.56,8229910,19.56,19.74,19.34,19.46,6159600,2026-02-14T03:46:34Z
SCHW,2007-02-21,14.74,14.84,14.54,14.54,8902106,19.69,19.83,19.42,19.42,6662700,2026-02-14T03:46:34Z
SCHW,2007-02-22,14.78,14.95,14.71,14.77,11062201,19.75,19.97,19.65,19.74,8279400,2026-02-14T03:46:34Z
SCHW,2007-02-23,14.39,14.74,14.38,14.73,9126450,19.23,19.7,19.22,19.68,6830600,2026-02-14T03:46:34Z
SCHW,2007-02-26,14.12,14.5,14.04,14.5,6522883,18.87,19.37,18.76,19.37,4882000,2026-02-14T03:46:34Z
SCHW,2007-02-27,13.74,14.04,13.43,14.04,15326099,18.36,18.76,17.95,18.76,11470700,2026-02-14T03:46:34Z
SCHW,2007-02-28,13.83,14.02,13.67,13.83,11684412,18.48,18.73,18.27,18.48,8745100,2026-02-14T03:46:34Z
SCHW,2007-03-01,13.67,13.88,13.46,13.49,12161962,18.27,18.55,17.99,18.03,9102500,2026-02-14T03:46:34Z
SCHW,2007-03-02,13.55,13.77,13.55,13.6,8427292,18.11,18.4,18.1,18.17,6307300,2026-02-14T03:46:34Z
SCHW,2007-03-05,13.29,13.7,13.28,13.47,11195014,17.76,18.3,17.74,18,8378800,2026-02-14T03:46:34Z
SCHW,2007-03-06,13.5,13.56,13.37,13.39,11105999,18.04,18.12,17.86,17.89,8312200,2026-02-14T03:46:34Z
SCHW,2007-03-07,13.46,13.57,13.4,13.45,7762833,17.99,18.13,17.9,17.97,5810000,2026-02-14T03:46:34Z
SCHW,2007-03-08,13.61,13.79,13.51,13.57,10069106,18.18,18.43,18.05,18.13,7536100,2026-02-14T03:46:34Z
SCHW,2007-03-09,13.77,13.93,13.64,13.93,13641035,18.4,18.61,18.22,18.61,10209500,2026-02-14T03:46:34Z
SCHW,2007-03-12,13.82,13.91,13.52,13.76,11890066,18.46,18.58,18.06,18.38,8899000,2026-02-14T03:46:34Z
SCHW,2007-03-13,13.41,13.83,13.39,13.62,11002655,17.92,18.48,17.89,18.2,8234800,2026-02-14T03:46:34Z
SCHW,2007-03-14,13.61,13.64,13.11,13.5,12444973,18.19,18.23,17.52,18.04,9314300,2026-02-14T03:46:34Z
SCHW,2007-03-15,13.55,13.68,13.4,13.63,8080970,18.11,18.28,17.9,18.21,6048100,2026-02-14T03:46:34Z
SCHW,2007-03-16,13.45,13.61,13.4,13.52,14249870,17.97,18.18,17.91,18.07,10665200,2026-02-14T03:46:34Z
SCHW,2007-03-19,13.78,13.82,13.48,13.51,12307982,18.41,18.46,18.01,18.05,9211800,2026-02-14T03:46:34Z
SCHW,2007-03-20,13.66,13.84,13.61,13.79,5622106,18.25,18.49,18.18,18.42,4207800,2026-02-14T03:46:34Z
SCHW,2007-03-21,14,14.04,13.58,13.67,8775337,18.7,18.76,18.15,18.27,6567800,2026-02-14T03:46:34Z
SCHW,2007-03-22,13.92,14.15,13.91,14.02,11238830,18.6,18.91,18.58,18.73,8411600,2026-02-14T03:46:34Z
SCHW,2007-03-23,14.22,14.36,13.92,13.97,10777721,19,19.19,18.6,18.67,8066500,2026-02-14T03:46:34Z
SCHW,2007-03-26,14.06,14.25,13.88,14.22,8328783,18.79,19.04,18.54,19,6233600,2026-02-14T03:46:34Z
SCHW,2007-03-27,13.92,14.03,13.85,14,5987113,18.6,18.75,18.5,18.7,4481000,2026-02-14T03:46:34Z
SCHW,2007-03-28,13.78,13.94,13.76,13.88,8853736,18.41,18.63,18.39,18.54,6626500,2026-02-14T03:46:34Z
SCHW,2007-03-29,13.74,13.91,13.54,13.88,7861795,18.36,18.59,18.09,18.55,5884100,2026-02-14T03:46:34Z
SCHW,2007-03-30,13.69,13.9,13.53,13.73,7405519,18.29,18.57,18.08,18.35,5542600,2026-02-14T03:46:34Z
SCHW,2007-04-02,13.88,13.93,13.64,13.71,6048564,18.55,18.61,18.22,18.32,4527000,2026-02-14T03:46:34Z
SCHW,2007-04-03,14.24,14.27,13.92,13.94,7541435,19.02,19.06,18.6,18.63,5644300,2026-02-14T03:46:34Z
SCHW,2007-04-04,14.27,14.44,14.21,14.38,5087102,19.06,19.29,18.99,19.21,3807400,2026-02-14T03:46:34Z
SCHW,2007-04-05,14.32,14.41,14.2,14.27,4120987,19.13,19.25,18.97,19.06,3084300,2026-02-14T03:46:34Z
SCHW,2007-04-09,14.36,14.48,14.34,14.37,6001534,19.19,19.35,19.16,19.2,4491800,2026-02-14T03:46:34Z
SCHW,2007-04-10,14.3,14.45,14.19,14.3,5770932,19.11,19.3,18.96,19.11,4319200,2026-02-14T03:46:34Z
SCHW,2007-04-11,14.12,14.36,14.12,14.3,6982914,18.86,19.18,18.86,19.11,5226300,2026-02-14T03:46:34Z
SCHW,2007-04-12,14.15,14.19,14.01,14.12,11554579,18.9,18.96,18.72,18.87,8647900,2026-02-14T03:46:34Z
SCHW,2007-04-13,14.23,14.27,14.03,14.12,8907889,19.01,19.06,18.75,18.87,6667000,2026-02-14T03:46:34Z
SCHW,2007-04-16,14.6,14.61,14.23,14.27,7065077,19.51,19.52,19.01,19.07,5287800,2026-02-14T03:46:34Z
SCHW,2007-04-17,14.26,14.69,14.21,14.59,12282331,19.05,19.63,18.98,19.49,9192600,2026-02-14T03:46:34Z
SCHW,2007-04-18,14.44,14.6,14.21,14.22,13316239,19.29,19.5,18.98,19,9966400,2026-02-14T03:46:34Z
SCHW,2007-04-19,14.45,14.51,14.27,14.32,10782409,19.31,19.38,19.06,19.14,8070000,2026-02-14T03:46:34Z
SCHW,2007-04-20,14.53,14.71,14.21,14.64,16308994,19.42,19.66,18.98,19.56,12206300,2026-02-14T03:46:34Z
SCHW,2007-04-23,14.61,14.67,14.52,14.54,6108860,19.52,19.6,19.4,19.42,4572100,2026-02-14T03:46:34Z
SCHW,2007-04-24,14.33,14.66,14.25,14.58,10424100,19.15,19.59,19.04,19.48,7801800,2026-02-14T03:46:34Z
SCHW,2007-04-25,14.54,14.58,14.27,14.41,8959428,19.43,19.48,19.07,19.26,6705600,2026-02-14T03:46:34Z
SCHW,2007-04-26,14.77,14.86,14.6,14.6,12079542,19.73,19.85,19.5,19.5,9040800,2026-02-14T03:46:34Z
SCHW,2007-04-27,14.68,14.82,14.62,14.77,7016465,19.61,19.8,19.54,19.73,5251400,2026-02-14T03:46:34Z
SCHW,2007-04-30,14.31,14.72,14.3,14.64,9885075,19.12,19.67,19.11,19.56,7398400,2026-02-14T03:46:34Z
SCHW,2007-05-01,14.32,14.37,14.04,14.29,11909351,19.13,19.2,18.76,19.1,8913400,2026-02-14T03:46:34Z
SCHW,2007-05-02,14.51,14.54,14.28,14.3,11547659,19.39,19.42,19.08,19.11,8642700,2026-02-14T03:46:34Z
SCHW,2007-05-03,14.56,14.62,14.46,14.52,7462433,19.45,19.54,19.32,19.4,5585200,2026-02-14T03:46:34Z
SCHW,2007-05-04,14.6,14.67,14.46,14.61,9110394,19.51,19.6,19.32,19.52,6818600,2026-02-14T03:46:34Z
SCHW,2007-05-07,14.5,14.72,14.47,14.66,7116652,19.38,19.67,19.34,19.59,5326400,2026-02-14T03:46:34Z
SCHW,2007-05-08,14.5,14.55,14.36,14.52,7975771,19.38,19.44,19.19,19.4,5969400,2026-02-14T03:46:34Z
SCHW,2007-05-09,14.59,14.65,14.38,14.54,13592664,19.45,19.52,19.16,19.38,10199600,2026-02-14T03:46:34Z
SCHW,2007-05-10,14.2,14.57,14.21,14.54,13111309,18.93,19.42,18.93,19.38,9838400,2026-02-14T03:46:34Z
SCHW,2007-05-11,14.57,14.64,14.2,14.29,16347406,19.42,19.51,18.92,19.04,12266700,2026-02-14T03:46:34Z
SCHW,2007-05-14,14.57,14.7,14.52,14.58,12023973,19.42,19.59,19.35,19.43,9022500,2026-02-14T03:46:34Z
SCHW,2007-05-15,14.72,14.88,14.54,14.58,21706552,19.62,19.83,19.38,19.43,16288100,2026-02-14T03:46:34Z
SCHW,2007-05-16,14.87,14.92,14.67,14.67,9560840,19.82,19.88,19.55,19.55,7174200,2026-02-14T03:46:34Z
SCHW,2007-05-17,14.8,14.99,14.63,14.79,15119505,19.73,19.98,19.5,19.71,11345300,2026-02-14T03:46:34Z
SCHW,2007-05-18,15.74,15.75,14.82,14.86,38872473,20.97,20.99,19.75,19.8,29169000,2026-02-14T03:46:34Z
SCHW,2007-05-21,15.85,16.07,15.55,15.73,25406128,21.12,21.42,20.72,20.97,19064100,2026-02-14T03:46:34Z
SCHW,2007-05-22,15.74,15.83,15.53,15.79,14590137,20.97,21.1,20.7,21.04,10948100,2026-02-14T03:46:34Z
SCHW,2007-05-23,15.86,15.89,15.71,15.75,11047958,21.13,21.17,20.94,20.99,8290100,2026-02-14T03:46:34Z
SCHW,2007-05-24,15.8,16.04,15.74,15.77,16489881,21.05,21.37,20.98,21.02,12373600,2026-02-14T03:46:34Z
SCHW,2007-05-25,15.83,15.86,15.68,15.84,9358525,21.09,21.13,20.9,21.11,7022400,2026-02-14T03:46:34Z
SCHW,2007-05-29,16.03,16.1,15.78,15.83,7800637,21.36,21.46,21.03,21.1,5853400,2026-02-14T03:46:34Z
SCHW,2007-05-30,16.57,16.58,15.86,15.89,17623566,22.08,22.1,21.14,21.17,13224300,2026-02-14T03:46:34Z
SCHW,2007-05-31,16.86,16.91,16.73,16.81,21711443,22.47,22.53,22.3,22.4,16291700,2026-02-14T03:46:34Z
SCHW,2007-06-01,17.03,17.27,16.86,17.26,17492863,22.69,23.02,22.47,23,13126200,2026-02-14T03:46:34Z
SCHW,2007-06-04,16.87,17.08,16.82,17.03,8402079,22.48,22.76,22.42,22.7,6304700,2026-02-14T03:46:34Z
SCHW,2007-06-05,16.55,16.93,16.55,16.87,12086867,22.05,22.56,22.05,22.48,9069700,2026-02-14T03:46:34Z
SCHW,2007-06-06,16.36,16.69,16.26,16.66,14303625,21.8,22.24,21.67,22.2,10733100,2026-02-14T03:46:34Z
SCHW,2007-06-07,15.92,16.4,15.87,16.26,12046477,21.22,21.85,21.15,21.67,9039400,2026-02-14T03:46:34Z
SCHW,2007-06-08,16.31,16.34,15.88,15.88,8776517,21.73,21.78,21.16,21.16,6585700,2026-02-14T03:46:34Z
SCHW,2007-06-11,16.33,16.41,16.18,16.24,6211812,21.76,21.87,21.56,21.64,4661200,2026-02-14T03:46:34Z
SCHW,2007-06-12,15.96,16.37,15.96,16.3,5946084,21.27,21.82,21.27,21.72,4461800,2026-02-14T03:46:34Z
SCHW,2007-06-13,16.19,16.22,15.86,16.07,9567342,21.57,21.62,21.13,21.41,7179100,2026-02-14T03:46:34Z
SCHW,2007-06-14,16.04,16.28,16,16.19,8928210,21.37,21.7,21.32,21.58,6699500,2026-02-14T03:46:34Z
SCHW,2007-06-15,16.36,16.5,16.16,16.21,12401247,21.8,21.99,21.54,21.6,9305600,2026-02-14T03:46:34Z
SCHW,2007-06-18,16.35,16.47,16.2,16.43,7627239,21.79,21.95,21.59,21.89,5723300,2026-02-14T03:46:34Z
SCHW,2007-06-19,16.21,16.43,16.11,16.35,5157421,21.6,21.89,21.47,21.79,3870000,2026-02-14T03:46:34Z
SCHW,2007-06-20,15.8,16.46,15.77,16.34,7058867,21.05,21.93,21.01,21.77,5296800,2026-02-14T03:46:34Z
SCHW,2007-06-21,16.03,16.05,15.49,15.79,8586246,21.36,21.39,20.65,21.05,6442900,2026-02-14T03:46:34Z
SCHW,2007-06-22,15.5,16.01,15.38,15.97,18423520,20.65,21.33,20.5,21.28,13824600,2026-02-14T03:46:34Z
SCHW,2007-06-25,15.43,15.76,15.36,15.68,10914682,20.56,21,20.47,20.9,8190100,2026-02-14T03:46:34Z
SCHW,2007-06-26,15.35,15.54,15.26,15.46,10920785,20.46,20.71,20.33,20.6,8194700,2026-02-14T03:46:34Z
SCHW,2007-06-27,15.5,15.55,15.1,15.16,11562979,20.66,20.72,20.12,20.21,8676600,2026-02-14T03:46:34Z
SCHW,2007-06-28,15.44,15.68,15.28,15.46,9569357,20.57,20.9,20.36,20.61,7180600,2026-02-14T03:46:34Z
SCHW,2007-06-29,15.4,15.72,15.25,15.45,11736661,20.52,20.95,20.32,20.59,8806900,2026-02-14T03:46:34Z
SCHW,2007-07-02,16.51,16.65,15.46,15.46,31183645,22,22.19,20.6,20.6,23399500,2026-02-14T03:46:34Z
SCHW,2007-07-03,16.58,16.58,16.31,16.52,12026378,22.1,22.1,21.74,22.01,9024300,2026-02-14T03:46:34Z
SCHW,2007-07-05,16.57,16.64,16.28,16.62,11438933,22.08,22.18,21.7,22.15,8583500,2026-02-14T03:46:34Z
SCHW,2007-07-06,16.55,16.65,16.47,16.56,29947107,22.06,22.19,21.95,22.07,22471600,2026-02-14T03:46:34Z
SCHW,2007-07-09,16.46,16.76,16.4,16.59,27738578,21.94,22.33,21.85,22.11,20814300,2026-02-14T03:46:34Z
SCHW,2007-07-10,16.04,16.41,15.95,16.4,18087640,21.37,21.87,21.26,21.85,13572500,2026-02-14T03:46:34Z
SCHW,2007-07-11,16.29,16.34,15.93,16.06,25701853,21.71,21.78,21.23,21.4,19286100,2026-02-14T03:46:34Z
SCHW,2007-07-12,16.87,16.88,16.29,16.33,31785895,22.48,22.49,21.71,21.76,23851300,2026-02-14T03:46:34Z
SCHW,2007-07-13,16.67,16.78,16.58,16.73,15972311,22.22,22.36,22.1,22.3,11985200,2026-02-14T03:46:34Z
SCHW,2007-07-16,16.7,17.02,16.58,16.99,18657409,22.25,22.68,22.1,22.64,14000100,2026-02-14T03:46:34Z
SCHW,2007-07-17,16.7,16.79,16.33,16.76,18960855,22.25,22.38,21.76,22.33,14227800,2026-02-14T03:46:34Z
SCHW,2007-07-18,16.37,16.79,16.32,16.76,27437846,21.81,22.38,21.75,22.34,20588700,2026-02-14T03:46:34Z
SCHW,2007-07-19,16.1,16.48,15.95,16.46,27372218,21.45,21.96,21.25,21.94,20539500,2026-02-14T03:46:34Z
SCHW,2007-07-20,15.8,16.25,15.73,16.14,23597444,20.03,20.6,19.94,20.45,18618300,2026-02-14T03:46:34Z
SCHW,2007-07-23,16,16.14,15.8,15.86,20030442,20.28,20.45,20.03,20.1,15804000,2026-02-14T03:46:34Z
SCHW,2007-07-24,15.57,15.91,15.51,15.84,23793388,19.73,20.16,19.66,20.08,18772900,2026-02-14T03:46:34Z
SCHW,2007-07-25,15.57,15.98,15.39,15.69,20043689,19.73,20.25,19.5,19.89,15814400,2026-02-14T03:46:34Z
SCHW,2007-07-26,15.19,15.51,14.95,15.31,25515420,19.25,19.66,18.95,19.41,20131600,2026-02-14T03:46:34Z
SCHW,2007-07-27,15.47,15.79,15.12,15.27,18102514,19.61,20.01,19.16,19.35,14282800,2026-02-14T03:46:34Z
SCHW,2007-07-30,15.88,16.04,15.49,15.54,22857260,20.13,20.33,19.63,19.7,18034300,2026-02-14T03:46:34Z
SCHW,2007-07-31,15.88,16.65,15.65,15.94,32520420,20.13,21.1,19.83,20.2,25658500,2026-02-14T03:46:34Z
SCHW,2007-08-01,15.39,16.06,14.99,15.65,33019458,19.51,20.36,19,19.83,26052200,2026-02-14T03:46:34Z
SCHW,2007-08-02,15.42,15.71,15.1,15.44,17886383,19.54,19.91,19.14,19.57,14112300,2026-02-14T03:46:34Z
SCHW,2007-08-03,14.71,15.57,14.7,15.55,14341366,18.65,19.74,18.63,19.71,11315300,2026-02-14T03:46:34Z
SCHW,2007-08-06,15.11,15.29,14.53,14.98,19476363,19.15,19.38,18.41,18.99,15366800,2026-02-14T03:46:34Z
SCHW,2007-08-07,14.91,15.17,14.71,14.99,16471862,18.9,19.23,18.65,19,12996300,2026-02-14T03:46:34Z
SCHW,2007-08-08,15.49,15.96,15.03,15.07,15838220,19.63,20.23,19.05,19.1,12496300,2026-02-14T03:46:34Z
SCHW,2007-08-09,14.95,15.35,14.87,15.2,12624757,18.95,19.45,18.85,19.27,9960900,2026-02-14T03:46:34Z
SCHW,2007-08-10,14.64,15.33,14.31,14.79,14781926,18.55,19.43,18.14,18.75,11662900,2026-02-14T03:46:34Z
SCHW,2007-08-13,14.48,15.09,14.4,14.9,15360636,18.35,19.12,18.25,18.89,12119500,2026-02-14T03:46:34Z
SCHW,2007-08-14,14.12,14.9,13.94,14.53,20916855,17.9,18.88,17.67,18.42,16503400,2026-02-14T03:46:34Z
SCHW,2007-08-15,14.23,14.71,14.12,14.13,22036850,18.04,18.65,17.9,17.91,17387000,2026-02-14T03:46:34Z
SCHW,2007-08-16,14.95,15.39,13.74,14.11,30171838,18.95,19.5,17.41,17.88,23805500,2026-02-14T03:46:34Z
SCHW,2007-08-17,15.51,16.37,15.14,15.61,18943141,19.66,20.75,19.19,19.78,14946100,2026-02-14T03:46:34Z
SCHW,2007-08-20,15.28,15.7,14.9,15.58,10224734,19.37,19.9,18.88,19.75,8067300,2026-02-14T03:46:34Z
SCHW,2007-08-21,15.2,15.54,15.08,15.17,12628423,19.26,19.7,19.11,19.23,9963800,2026-02-14T03:46:34Z
SCHW,2007-08-22,15.7,15.73,15.36,15.45,11056020,19.9,19.94,19.47,19.58,8723200,2026-02-14T03:46:34Z
SCHW,2007-08-23,15.5,15.85,15.44,15.81,8314480,19.64,20.09,19.57,20.04,6560100,2026-02-14T03:46:34Z
SCHW,2007-08-24,15.74,15.77,15.3,15.39,6428030,19.95,19.99,19.39,19.51,5071700,2026-02-14T03:46:34Z
SCHW,2007-08-27,15.75,15.85,15.44,15.75,8701288,19.96,20.09,19.57,19.96,6865300,2026-02-14T03:46:34Z
SCHW,2007-08-28,15.05,15.74,15,15.7,8846532,19.07,19.95,19.01,19.9,6979900,2026-02-14T03:46:34Z
SCHW,2007-08-29,15.39,15.41,14.86,15.2,6507009,19.51,19.53,18.83,19.26,5134000,2026-02-14T03:46:34Z
SCHW,2007-08-30,15.32,15.61,15.1,15.21,6395850,19.42,19.79,19.14,19.28,5046300,2026-02-14T03:46:34Z
SCHW,2007-08-31,15.62,15.81,15.44,15.52,8805702,19.8,20.04,19.57,19.67,6947700,2026-02-14T03:46:34Z
SCHW,2007-09-04,15.69,15.97,15.5,15.52,9297857,19.88,20.24,19.64,19.67,7336000,2026-02-14T03:46:34Z
SCHW,2007-09-05,15.36,15.53,15.18,15.49,8968711,19.47,19.68,19.24,19.63,7076300,2026-02-14T03:46:34Z
SCHW,2007-09-06,15.42,15.56,15.14,15.36,10320699,19.54,19.72,19.19,19.47,8143000,2026-02-14T03:46:34Z
SCHW,2007-09-07,14.98,15.41,14.9,15.27,11229799,18.98,19.53,18.89,19.35,8860300,2026-02-14T03:46:34Z
SCHW,2007-09-10,14.92,15.18,14.55,15.13,8758354,18.91,19.24,18.44,19.18,6910300,2026-02-14T03:46:34Z
SCHW,2007-09-11,15.19,15.43,14.92,15.05,7082279,19.25,19.56,18.91,19.08,5587900,2026-02-14T03:46:34Z
SCHW,2007-09-12,15.19,15.42,14.9,15.18,5969094,19.25,19.54,18.89,19.24,4709600,2026-02-14T03:46:34Z
SCHW,2007-09-13,15.63,15.71,15.2,15.31,5591286,19.81,19.91,19.26,19.4,4411500,2026-02-14T03:46:34Z
SCHW,2007-09-14,15.74,15.88,15.44,15.54,6719793,19.95,20.12,19.57,19.69,5301900,2026-02-14T03:46:34Z
SCHW,2007-09-17,15.81,16.12,15.65,15.98,11440982,20.04,20.43,19.84,20.25,9026900,2026-02-14T03:46:34Z
SCHW,2007-09-18,16.86,16.89,15.8,15.84,13557057,21.37,21.41,20.02,20.07,10696500,2026-02-14T03:46:34Z
SCHW,2007-09-19,16.86,17.55,16.75,16.91,22993576,21.37,22.24,21.23,21.43,18141900,2026-02-14T03:46:34Z
SCHW,2007-09-20,16.61,17,16.44,16.78,8516121,21.05,21.54,20.84,21.27,6719200,2026-02-14T03:46:34Z
SCHW,2007-09-21,16.47,16.94,16.46,16.89,12314471,20.87,21.47,20.86,21.41,9716100,2026-02-14T03:46:34Z
SCHW,2007-09-24,16.26,16.59,16.25,16.47,10860769,20.61,21.03,20.6,20.88,8569100,2026-02-14T03:46:34Z
SCHW,2007-09-25,16.64,16.68,16.13,16.15,7137267,21.09,21.14,20.44,20.47,5631300,2026-02-14T03:46:34Z
SCHW,2007-09-26,17.11,17.46,16.66,16.66,14785442,21.68,22.13,21.12,21.12,11665700,2026-02-14T03:46:34Z
SCHW,2007-09-27,17.28,17.35,17.01,17.18,6736628,21.9,21.99,21.56,21.78,5315200,2026-02-14T03:46:34Z
SCHW,2007-09-28,17.04,17.37,17.01,17.08,5202027,21.6,22.01,21.56,21.65,4104400,2026-02-14T03:46:34Z
SCHW,2007-10-01,17.68,17.69,17.06,17.11,10868750,22.41,22.42,21.62,21.68,8575400,2026-02-14T03:46:34Z
SCHW,2007-10-02,17.73,17.79,17.57,17.6,10932210,22.47,22.55,22.27,22.31,8625500,2026-02-14T03:46:34Z
SCHW,2007-10-03,17.68,18.03,17.54,17.59,6451997,22.41,22.85,22.23,22.3,5090600,2026-02-14T03:46:34Z
SCHW,2007-10-04,17.86,17.95,17.63,17.73,5221944,22.64,22.75,22.35,22.47,4120100,2026-02-14T03:46:34Z
SCHW,2007-10-05,18.01,18.15,17.84,17.95,6499771,22.83,23,22.61,22.75,5128300,2026-02-14T03:46:34Z
SCHW,2007-10-08,18.08,18.12,17.8,17.92,4530821,22.91,22.97,22.56,22.71,3574800,2026-02-14T03:46:34Z
SCHW,2007-10-09,18.15,18.16,17.83,18.09,4945271,23.01,23.01,22.6,22.93,3901800,2026-02-14T03:46:34Z
SCHW,2007-10-10,17.89,18.1,17.75,18.04,7022187,22.68,22.94,22.5,22.87,5540500,2026-02-14T03:46:34Z
SCHW,2007-10-11,17.59,18.1,17.45,17.91,10354372,22.3,22.94,22.12,22.7,8169600,2026-02-14T03:46:34Z
SCHW,2007-10-12,17.89,17.97,17.55,17.59,4482768,22.68,22.78,22.25,22.29,3536900,2026-02-14T03:46:34Z
SCHW,2007-10-15,17.64,18.04,17.55,17.79,7786329,22.36,22.87,22.24,22.55,6143400,2026-02-14T03:46:34Z
SCHW,2007-10-16,17.71,17.85,17.48,17.66,6315987,22.45,22.62,22.15,22.38,4983300,2026-02-14T03:46:34Z
SCHW,2007-10-17,17.7,18.01,17.23,17.79,7498255,22.43,22.83,21.84,22.55,5916100,2026-02-14T03:46:34Z
SCHW,2007-10-18,17.73,17.93,17.3,17.52,4893544,22.47,22.73,21.92,22.21,3861000,2026-02-14T03:46:34Z
SCHW,2007-10-19,17.04,17.75,16.93,17.63,10361469,21.6,22.5,21.46,22.34,8175200,2026-02-14T03:46:34Z
SCHW,2007-10-22,17.44,17.56,16.7,16.85,7017907,22.11,22.26,21.16,21.36,5537100,2026-02-14T03:46:34Z
SCHW,2007-10-23,17.67,17.7,17.24,17.61,4117237,22.4,22.43,21.85,22.32,3248500,2026-02-14T03:46:34Z
SCHW,2007-10-24,17.64,17.72,16.77,17.55,7870233,22.36,22.46,21.25,22.25,6209600,2026-02-14T03:46:34Z
SCHW,2007-10-25,17.86,18.24,17.63,17.67,12378748,22.64,23.12,22.35,22.39,9766800,2026-02-14T03:46:34Z
SCHW,2007-10-26,17.95,18.45,17.81,18.14,10531969,22.75,23.38,22.57,22.99,8309700,2026-02-14T03:46:34Z
SCHW,2007-10-29,18.4,18.63,17.93,18.03,10554291,23.32,23.61,22.73,22.85,8327300,2026-02-14T03:46:34Z
SCHW,2007-10-30,18.13,18.57,18.08,18.25,10647539,22.98,23.54,22.92,23.13,8400900,2026-02-14T03:46:34Z
SCHW,2007-10-31,18.34,18.44,17.93,18.18,12704857,23.24,23.37,22.72,23.04,10024100,2026-02-14T03:46:34Z
SCHW,2007-11-01,17.87,18.27,17.63,18.27,9946795,22.65,23.16,22.35,23.15,7848000,2026-02-14T03:46:34Z
SCHW,2007-11-02,18,18.14,17.4,17.89,14798046,22.81,22.99,22.05,22.68,11675600,2026-02-14T03:46:34Z
SCHW,2007-11-05,17.65,17.99,17.3,17.75,8545895,22.37,22.8,21.92,22.5,6742700,2026-02-14T03:46:34Z
SCHW,2007-11-06,18.17,18.18,17.36,17.69,6252495,23.03,23.04,22,22.42,4933200,2026-02-14T03:46:34Z
SCHW,2007-11-07,17.36,18.13,17.36,17.93,10279301,21.95,22.93,21.95,22.67,8128000,2026-02-14T03:46:34Z
SCHW,2007-11-08,17.68,17.78,16.91,17.48,9377581,22.36,22.49,21.38,22.1,7415000,2026-02-14T03:46:34Z
SCHW,2007-11-09,17.58,17.9,17.01,17.39,9918614,22.23,22.64,21.51,21.99,7842800,2026-02-14T03:46:34Z
SCHW,2007-11-12,18.04,18.82,17.47,17.58,21075618,22.81,23.8,22.09,22.23,16664800,2026-02-14T03:46:34Z
SCHW,2007-11-13,18.49,18.56,17.97,18.22,12535121,23.38,23.47,22.73,23.04,9911700,2026-02-14T03:46:34Z
SCHW,2007-11-14,18.95,19.25,18.45,18.58,17519363,23.96,24.34,23.34,23.5,13852800,2026-02-14T03:46:34Z
SCHW,2007-11-15,18.89,19.12,18.48,18.9,18465547,23.89,24.18,23.37,23.9,14601000,2026-02-14T03:46:34Z
SCHW,2007-11-16,18.65,19.07,18.36,18.93,14279450,23.58,24.12,23.22,23.94,11291000,2026-02-14T03:46:34Z
SCHW,2007-11-19,18.13,18.56,17.8,18.5,15874489,22.93,23.47,22.51,23.39,12552200,2026-02-14T03:46:34Z
SCHW,2007-11-20,18.23,18.38,17.74,18.21,15458396,23.05,23.24,22.44,23.03,12223200,2026-02-14T03:46:34Z
SCHW,2007-11-21,18.04,18.37,17.76,18.18,12679164,22.81,23.23,22.46,22.99,10025600,2026-02-14T03:46:34Z
SCHW,2007-11-23,18.63,18.71,18.08,18.22,4758742,23.56,23.66,22.87,23.04,3762800,2026-02-14T03:46:34Z
SCHW,2007-11-26,17.82,18.6,17.79,18.51,17848545,22.54,23.52,22.5,23.41,14113100,2026-02-14T03:46:34Z
SCHW,2007-11-27,18.08,18.1,17.5,18,17642051,22.86,22.89,22.13,22.77,13949800,2026-02-14T03:46:34Z
SCHW,2007-11-28,19.25,19.32,18.1,18.18,14042107,24.35,24.43,22.89,22.99,11103300,2026-02-14T03:46:34Z
SCHW,2007-11-29,19.52,19.52,18.84,19.03,15050218,24.69,24.69,23.83,24.07,11900400,2026-02-14T03:46:34Z
SCHW,2007-11-30,19.22,19.99,19.1,19.74,20429465,24.31,25.28,24.16,24.97,16153900,2026-02-14T03:46:34Z
SCHW,2007-12-03,19.03,19.4,18.87,19.31,10225308,24.07,24.53,23.87,24.42,8085300,2026-02-14T03:46:34Z
SCHW,2007-12-04,18.68,19.02,18.66,18.87,9560964,23.63,24.06,23.6,23.87,7560000,2026-02-14T03:46:34Z
SCHW,2007-12-05,18.64,19.04,18.5,18.8,13177856,23.57,24.08,23.4,23.78,10419900,2026-02-14T03:46:34Z
SCHW,2007-12-06,18.96,19.08,18.53,18.6,13002819,23.98,24.13,23.43,23.52,10281500,2026-02-14T03:46:34Z
SCHW,2007-12-07,19.4,19.62,18.92,19.02,11896725,24.53,24.81,23.93,24.06,9406900,2026-02-14T03:46:34Z
SCHW,2007-12-10,19.54,19.83,19.31,19.4,17194154,24.71,25.08,24.42,24.53,13595700,2026-02-14T03:46:34Z
SCHW,2007-12-11,18.85,20.03,18.84,19.59,11028906,23.84,25.33,23.82,24.77,8720700,2026-02-14T03:46:34Z
SCHW,2007-12-12,19.03,19.57,18.68,19.34,10799472,24.07,24.75,23.63,24.46,8539300,2026-02-14T03:46:34Z
SCHW,2007-12-13,19.11,19.11,18.31,18.98,10266141,24.17,24.17,23.16,24,8117600,2026-02-14T03:46:34Z
SCHW,2007-12-14,19.17,19.96,19.13,19.18,14643358,24.25,25.24,24.19,24.26,11578700,2026-02-14T03:46:34Z
SCHW,2007-12-17,19.09,19.59,19.02,19.18,11678833,24.14,24.78,24.05,24.25,9234600,2026-02-14T03:46:34Z
SCHW,2007-12-18,18.67,19.32,18.46,19.18,11906680,23.61,24.44,23.35,24.26,9414800,2026-02-14T03:46:34Z
SCHW,2007-12-19,19.13,19.42,18.7,18.82,12121305,24.19,24.56,23.65,23.8,9584500,2026-02-14T03:46:34Z
SCHW,2007-12-20,18.96,19.44,18.65,19.14,8413038,23.98,24.58,23.59,24.2,6652300,2026-02-14T03:46:34Z
SCHW,2007-12-21,19.67,19.67,19.08,19.13,13073728,24.88,24.88,24.13,24.19,10337600,2026-02-14T03:46:34Z
SCHW,2007-12-24,20,20,19.61,19.67,3409695,25.29,25.29,24.8,24.88,2696100,2026-02-14T03:46:34Z
SCHW,2007-12-26,19.97,20.02,19.57,20,7058914,25.26,25.32,24.75,25.3,5581600,2026-02-14T03:46:34Z
SCHW,2007-12-27,19.69,20.06,19.67,19.99,6462506,24.9,25.37,24.88,25.28,5110000,2026-02-14T03:46:34Z
SCHW,2007-12-28,19.86,20.05,19.74,19.98,5820922,25.12,25.35,24.96,25.27,4602700,2026-02-14T03:46:34Z
SCHW,2007-12-31,20.2,20.34,19.69,19.74,8029807,25.55,25.72,24.9,24.97,6349300,2026-02-14T03:46:34Z
SCHW,2008-01-02,19.44,20.31,19.32,20.2,16023578,24.58,25.69,24.44,25.55,12670100,2026-02-14T03:46:34Z
SCHW,2008-01-03,19.59,19.72,19.44,19.59,8772068,24.78,24.94,24.59,24.77,6936200,2026-02-14T03:46:34Z
SCHW,2008-01-04,18.94,19.49,18.8,19.41,10071277,23.95,24.65,23.78,24.55,7963500,2026-02-14T03:46:34Z
SCHW,2008-01-07,19.33,19.39,18.91,19.04,12595672,24.44,24.52,23.91,24.08,9959600,2026-02-14T03:46:34Z
SCHW,2008-01-08,17.96,19.4,17.93,19.37,16127721,22.72,24.54,22.67,24.5,12752400,2026-02-14T03:46:34Z
SCHW,2008-01-09,17.95,18.15,17.04,18.02,29473376,22.7,22.95,21.55,22.79,23305000,2026-02-14T03:46:34Z
SCHW,2008-01-10,18.79,18.98,17.47,17.81,15294882,23.76,24.01,22.09,22.52,12093900,2026-02-14T03:46:34Z
SCHW,2008-01-11,17.83,18.67,17.69,18.5,15273284,22.55,23.61,22.37,23.39,12076800,2026-02-14T03:46:34Z
SCHW,2008-01-14,18.33,18.5,17.89,18.07,11806891,23.18,23.4,22.63,22.85,9335900,2026-02-14T03:46:34Z
SCHW,2008-01-15,17.76,18.15,17.66,18.04,11768627,22.46,22.95,22.34,22.82,9305600,2026-02-14T03:46:34Z
SCHW,2008-01-16,18.04,18.42,17.3,17.65,18691320,22.81,23.29,21.88,22.32,14779500,2026-02-14T03:46:34Z
SCHW,2008-01-17,17.36,18.34,17.21,17.82,18243358,21.95,23.2,21.76,22.54,14425300,2026-02-14T03:46:34Z
SCHW,2008-01-18,17.36,17.91,16.53,17.38,19850762,21.95,22.65,20.9,21.98,15696300,2026-02-14T03:46:34Z
SCHW,2008-01-22,17.07,17.78,16.38,16.42,19370358,21.59,22.49,20.71,20.77,15316400,2026-02-14T03:46:34Z
SCHW,2008-01-23,17.81,17.87,16.45,16.67,21866550,22.53,22.6,20.8,21.08,17290200,2026-02-14T03:46:34Z
SCHW,2008-01-24,17.62,18.08,17.46,17.67,16047782,22.28,22.87,22.08,22.35,12689200,2026-02-14T03:46:34Z
SCHW,2008-01-25,16.77,17.82,16.68,17.82,20777102,21.21,22.54,21.09,22.54,16428800,2026-02-14T03:46:34Z
SCHW,2008-01-28,17.07,17.09,16.44,16.62,20378562,21.59,21.61,20.79,21.02,16113600,2026-02-14T03:46:34Z
SCHW,2008-01-29,16.86,17.28,16.55,17.12,16276197,21.32,21.85,20.93,21.65,12869800,2026-02-14T03:46:34Z
SCHW,2008-01-30,16.98,18,16.59,16.72,22257651,21.48,22.77,20.98,21.14,17599400,2026-02-14T03:46:34Z
SCHW,2008-01-31,17.63,17.74,16.41,16.64,21294197,22.3,22.43,20.76,21.05,16837600,2026-02-14T03:46:34Z
SCHW,2008-02-01,17.43,17.6,17.05,17.6,17120260,22.04,22.26,21.56,22.26,13537200,2026-02-14T03:46:34Z
SCHW,2008-02-04,17.22,17.55,17.08,17.48,14559837,21.78,22.19,21.6,22.1,11512700,2026-02-14T03:46:34Z
SCHW,2008-02-05,16.04,17.08,16.04,16.85,21557705,20.28,21.6,20.28,21.31,17046000,2026-02-14T03:46:34Z
SCHW,2008-02-06,16,16.53,15.91,16.31,15777542,20.18,20.85,20.07,20.58,12506400,2026-02-14T03:46:34Z
SCHW,2008-02-07,16.18,16.44,15.77,15.88,15676253,20.41,20.74,19.89,20.04,12426100,2026-02-14T03:46:34Z
SCHW,2008-02-08,15.66,16.23,15.65,16.23,19253481,19.76,20.48,19.74,20.48,15261600,2026-02-14T03:46:34Z
SCHW,2008-02-11,16.1,16.24,15.62,15.65,18570180,20.31,20.49,19.7,19.75,14720000,2026-02-14T03:46:34Z
SCHW,2008-02-12,15.86,16.43,15.8,16.26,19378462,20.01,20.73,19.93,20.51,15360700,2026-02-14T03:46:34Z
SCHW,2008-02-13,16.14,16.25,15.75,16.07,18083129,20.36,20.5,19.87,20.27,14333900,2026-02-14T03:46:34Z
SCHW,2008-02-14,15.99,16.39,15.93,16.13,15606421,20.17,20.68,20.1,20.35,12370700,2026-02-14T03:46:34Z
SCHW,2008-02-15,16.13,16.16,15.77,16.1,14638909,20.35,20.38,19.89,20.31,11603800,2026-02-14T03:46:34Z
SCHW,2008-02-19,15.37,16.47,15.32,16.3,18969520,19.39,20.78,19.33,20.56,15036500,2026-02-14T03:46:34Z
SCHW,2008-02-20,15.5,15.62,14.77,15.15,27241344,19.55,19.7,18.63,19.11,21593400,2026-02-14T03:46:34Z
SCHW,2008-02-21,15.79,16.23,15.75,15.84,21784582,19.92,20.48,19.87,19.98,17268000,2026-02-14T03:46:34Z
SCHW,2008-02-22,15.89,15.92,15.22,15.92,14939918,20.05,20.08,19.2,20.08,11842400,2026-02-14T03:46:34Z
SCHW,2008-02-25,16.29,16.54,15.71,15.93,21543605,20.55,20.86,19.82,20.1,17076900,2026-02-14T03:46:34Z
SCHW,2008-02-26,16.27,16.46,15.96,16.24,17976320,20.52,20.76,20.13,20.49,14249300,2026-02-14T03:46:34Z
SCHW,2008-02-27,16.4,16.61,16.08,16.2,14589464,20.69,20.96,20.29,20.44,11564600,2026-02-14T03:46:34Z
SCHW,2008-02-28,16.02,16.45,15.85,16.4,15060295,20.21,20.75,19.99,20.69,11937800,2026-02-14T03:46:34Z
SCHW,2008-02-29,15.54,15.96,15.46,15.78,17803188,19.61,20.14,19.5,19.91,14112000,2026-02-14T03:46:34Z
SCHW,2008-03-03,15.3,15.48,15.1,15.46,16713166,19.3,19.53,19.05,19.5,13248000,2026-02-14T03:46:34Z
SCHW,2008-03-04,15.5,15.59,15.06,15.28,18325058,19.56,19.67,19,19.28,14525700,2026-02-14T03:46:34Z
SCHW,2008-03-05,15.69,15.96,15.53,15.65,14999873,19.8,20.13,19.59,19.74,11889900,2026-02-14T03:46:34Z
SCHW,2008-03-06,15.03,15.66,15,15.22,24214398,18.96,19.76,18.92,19.2,19194000,2026-02-14T03:46:34Z
SCHW,2008-03-07,15.09,15.43,14.66,15.18,17449171,19.04,19.46,18.5,19.15,13831400,2026-02-14T03:46:34Z
SCHW,2008-03-10,14.76,15.29,14.76,15.21,13762111,18.62,19.29,18.62,19.19,10908800,2026-02-14T03:46:34Z
SCHW,2008-03-11,16.24,16.24,15.2,15.2,23569844,20.49,20.49,19.17,19.17,18683100,2026-02-14T03:46:34Z
SCHW,2008-03-12,15.83,16.48,15.77,16.46,16918158,19.97,20.79,19.89,20.76,13410500,2026-02-14T03:46:34Z
SCHW,2008-03-13,16.25,16.43,15.37,15.82,22838556,20.5,20.73,19.39,19.96,18103400,2026-02-14T03:46:34Z
SCHW,2008-03-14,15.69,16.48,15.37,15.67,31143935,19.79,20.79,19.39,19.77,24686800,2026-02-14T03:46:34Z
SCHW,2008-03-17,14.88,15.59,14.54,15.4,33912763,18.77,19.67,18.34,19.43,26881600,2026-02-14T03:46:34Z
SCHW,2008-03-18,15.26,15.43,14.72,15.42,37887133,19.25,19.46,18.57,19.45,30032000,2026-02-14T03:46:34Z
SCHW,2008-03-19,14.5,15.31,14.44,15.23,23899284,18.29,19.31,18.22,19.22,18944200,2026-02-14T03:46:34Z
SCHW,2008-03-20,15.43,15.46,14.5,14.67,27201332,19.46,19.51,18.29,18.51,21561600,2026-02-14T03:46:34Z
SCHW,2008-03-24,15.66,16.22,15.39,15.48,20042842,19.76,20.46,19.42,19.53,15887300,2026-02-14T03:46:34Z
SCHW,2008-03-25,15.98,16.2,15.54,15.84,16907947,20.16,20.44,19.61,19.98,13402400,2026-02-14T03:46:34Z
SCHW,2008-03-26,15.42,15.93,15.36,15.87,14445511,19.45,20.09,19.38,20.02,11450500,2026-02-14T03:46:34Z
SCHW,2008-03-27,14.61,15.53,14.6,15.46,18774532,18.43,19.59,18.42,19.5,14882000,2026-02-14T03:46:34Z
SCHW,2008-03-28,14.3,14.85,14.28,14.7,12888273,18.04,18.73,18.02,18.54,10216100,2026-02-14T03:46:34Z
SCHW,2008-03-31,14.93,15.12,14.16,14.28,18998923,18.83,19.08,17.86,18.01,15059900,2026-02-14T03:46:34Z
SCHW,2008-04-01,15.77,15.82,15.19,15.31,29489634,19.9,19.96,19.16,19.32,23375500,2026-02-14T03:46:34Z
SCHW,2008-04-02,15.73,16.25,15.58,15.85,19381961,19.85,20.5,19.66,20,15363500,2026-02-14T03:46:34Z
SCHW,2008-04-03,15.7,15.92,15.43,15.69,15293368,19.81,20.08,19.46,19.79,12122600,2026-02-14T03:46:34Z
SCHW,2008-04-04,15.09,15.73,14.98,15.7,18946772,19.04,19.84,18.9,19.81,15018500,2026-02-14T03:46:34Z
SCHW,2008-04-07,15.39,15.58,15.18,15.18,12408988,19.42,19.65,19.15,19.15,9836200,2026-02-14T03:46:34Z
SCHW,2008-04-08,15.41,15.43,15.15,15.23,19501185,19.44,19.47,19.11,19.22,15458000,2026-02-14T03:46:34Z
SCHW,2008-04-09,15.07,15.52,15.04,15.37,19137039,19.01,19.58,18.97,19.39,15169300,2026-02-14T03:46:34Z
SCHW,2008-04-10,14.95,15.73,14.86,15.04,19752178,18.86,19.85,18.74,18.98,15656900,2026-02-14T03:46:34Z
SCHW,2008-04-11,14.53,15.11,14.47,14.89,16334965,18.33,19.06,18.26,18.79,12948200,2026-02-14T03:46:34Z
SCHW,2008-04-14,14.51,14.62,14.35,14.51,10303395,18.31,18.45,18.1,18.31,8167200,2026-02-14T03:46:34Z
SCHW,2008-04-15,15.81,15.83,14.84,14.85,30053491,19.95,19.97,18.72,18.73,23822400,2026-02-14T03:46:34Z
SCHW,2008-04-16,15.92,16.04,15.58,15.82,20501235,20.08,20.24,19.65,19.96,16250700,2026-02-14T03:46:34Z
SCHW,2008-04-17,16.63,16.7,15.58,15.88,21914689,20.98,21.07,19.65,20.04,17371100,2026-02-14T03:46:34Z
SCHW,2008-04-18,17.2,17.68,16.85,17.34,32519033,21.7,22.3,21.26,21.88,25776800,2026-02-14T03:46:34Z
SCHW,2008-04-21,16.8,17.14,16.69,17,13765988,21.19,21.63,21.06,21.44,10911900,2026-02-14T03:46:34Z
SCHW,2008-04-22,16.75,17.03,16.49,16.77,15133173,21.13,21.48,20.8,21.15,11995600,2026-02-14T03:46:34Z
SCHW,2008-04-23,17.25,17.4,16.7,16.76,19461817,21.76,21.95,21.07,21.14,15426800,2026-02-14T03:46:34Z
SCHW,2008-04-24,17.31,17.5,16.99,17.25,17655659,21.84,22.08,21.43,21.76,13995100,2026-02-14T03:46:34Z
SCHW,2008-04-25,17.39,17.55,17.13,17.4,10295067,21.94,22.14,21.61,21.95,8160600,2026-02-14T03:46:34Z
SCHW,2008-04-28,17.58,17.84,17.3,17.3,10779782,22.18,22.5,21.83,21.83,8544800,2026-02-14T03:46:34Z
SCHW,2008-04-29,17.41,17.61,17.33,17.44,8337924,21.97,22.21,21.86,22,6609200,2026-02-14T03:46:34Z
SCHW,2008-04-30,17.12,17.55,17.11,17.51,9058663,21.6,22.14,21.58,22.09,7180500,2026-02-14T03:46:34Z
SCHW,2008-05-01,17.89,17.92,16.85,16.96,11274466,22.57,22.61,21.26,21.4,8936900,2026-02-14T03:46:34Z
SCHW,2008-05-02,17.95,18.43,17.76,18.13,9694365,22.65,23.25,22.4,22.87,7684400,2026-02-14T03:46:34Z
SCHW,2008-05-05,17.95,18.3,17.82,17.83,7423160,22.64,23.09,22.48,22.49,5884100,2026-02-14T03:46:34Z
SCHW,2008-05-06,18.04,18.08,17.54,17.96,10138432,22.76,22.81,22.13,22.66,8036400,2026-02-14T03:46:34Z
SCHW,2008-05-07,17.5,18.22,17.36,18.14,10821963,22.03,22.94,21.85,22.83,8597100,2026-02-14T03:46:34Z
SCHW,2008-05-08,17.25,17.6,17.04,17.6,9981460,21.71,22.16,21.45,22.15,7929400,2026-02-14T03:46:34Z
SCHW,2008-05-09,17.06,17.43,16.94,17,10107179,21.47,21.94,21.32,21.4,8029300,2026-02-14T03:46:34Z
SCHW,2008-05-12,17.86,17.87,16.94,16.94,16116304,22.48,22.5,21.32,21.32,12803000,2026-02-14T03:46:34Z
SCHW,2008-05-13,17.72,18.06,17.64,17.95,10940536,22.3,22.73,22.2,22.59,8691300,2026-02-14T03:46:34Z
SCHW,2008-05-14,17.64,17.88,17.54,17.84,8994676,22.2,22.51,22.08,22.45,7145500,2026-02-14T03:46:34Z
SCHW,2008-05-15,17.95,17.98,17.45,17.66,9004225,22.6,22.63,21.97,22.23,7153100,2026-02-14T03:46:34Z
SCHW,2008-05-16,17.88,18.27,17.7,17.95,10856908,22.51,23,22.28,22.6,8624900,2026-02-14T03:46:34Z
SCHW,2008-05-19,17.79,18.29,17.73,17.96,9229081,22.39,23.02,22.32,22.61,7331700,2026-02-14T03:46:34Z
SCHW,2008-05-20,17.34,17.67,17.26,17.64,8079016,21.83,22.24,21.73,22.2,6418100,2026-02-14T03:46:34Z
SCHW,2008-05-21,17.2,17.49,17.06,17.36,12950271,21.65,22.02,21.48,21.85,10287900,2026-02-14T03:46:34Z
SCHW,2008-05-22,17.42,17.45,17.1,17.21,10908417,21.93,21.97,21.52,21.67,8665800,2026-02-14T03:46:34Z
SCHW,2008-05-23,16.95,17.33,16.83,17.29,10378715,21.34,21.82,21.18,21.77,8245000,2026-02-14T03:46:34Z
SCHW,2008-05-27,17.14,17.26,16.86,17,7501131,21.57,21.73,21.23,21.4,5959000,2026-02-14T03:46:34Z
SCHW,2008-05-28,17.3,17.48,17.1,17.22,9577898,21.78,22,21.52,21.68,7608800,2026-02-14T03:46:34Z
SCHW,2008-05-29,17.79,17.93,17.29,17.29,11977528,22.39,22.57,21.76,21.76,9515100,2026-02-14T03:46:34Z
SCHW,2008-05-30,17.62,18.04,17.58,17.79,7271398,22.18,22.71,22.13,22.39,5776500,2026-02-14T03:46:34Z
SCHW,2008-06-02,17.25,17.62,16.84,17.62,9839721,21.71,22.18,21.2,22.18,7816800,2026-02-14T03:46:34Z
SCHW,2008-06-03,17.41,17.68,17.03,17.26,17216851,21.91,22.25,21.44,21.73,13677300,2026-02-14T03:46:34Z
SCHW,2008-06-04,17.32,17.75,17.2,17.41,9093382,21.8,22.35,21.65,21.92,7223900,2026-02-14T03:46:34Z
SCHW,2008-06-05,18.03,18.13,17.2,17.2,9403386,22.69,22.82,21.65,21.65,7470200,2026-02-14T03:46:34Z
SCHW,2008-06-06,17.24,17.98,17.24,17.84,11552152,21.7,22.64,21.7,22.46,9177200,2026-02-14T03:46:34Z
SCHW,2008-06-09,17.07,17.61,16.88,17.37,12541790,21.49,22.17,21.25,21.87,9963400,2026-02-14T03:46:34Z
SCHW,2008-06-10,17.41,17.6,16.92,17.07,11754960,21.91,22.15,21.3,21.49,9338300,2026-02-14T03:46:34Z
SCHW,2008-06-11,16.76,17.44,16.75,17.41,12224130,21.1,21.95,21.08,21.91,9711000,2026-02-14T03:46:34Z
SCHW,2008-06-12,16.96,17.32,16.65,17,18823856,21.35,21.8,20.96,21.4,14953900,2026-02-14T03:46:34Z
SCHW,2008-06-13,17.79,17.79,17.02,17.14,15715130,22.39,22.39,21.42,21.57,12484300,2026-02-14T03:46:34Z
SCHW,2008-06-16,18.1,18.2,17.52,17.59,8866259,22.78,22.91,22.06,22.14,7043500,2026-02-14T03:46:34Z
SCHW,2008-06-17,17.76,18.42,17.75,18.2,9718333,22.35,23.19,22.34,22.91,7720400,2026-02-14T03:46:34Z
SCHW,2008-06-18,17.87,18.12,17.56,17.85,12311475,22.5,22.81,22.1,22.47,9780400,2026-02-14T03:46:34Z
SCHW,2008-06-19,17.9,18.07,17.41,18.07,12970152,22.53,22.75,21.92,22.75,10303700,2026-02-14T03:46:34Z
SCHW,2008-06-20,17.04,17.9,16.96,17.9,17425529,21.45,22.53,21.35,22.53,13843100,2026-02-14T03:46:34Z
SCHW,2008-06-23,16.76,17.14,16.71,17.08,14372511,21.1,21.58,21.03,21.5,11417700,2026-02-14T03:46:34Z
SCHW,2008-06-24,16.87,17.04,16.31,16.79,11186327,21.24,21.45,20.53,21.13,8886600,2026-02-14T03:46:34Z
SCHW,2008-06-25,17.26,17.48,16.95,17.02,14677877,21.73,22.01,21.34,21.42,11660300,2026-02-14T03:46:34Z
SCHW,2008-06-26,16.66,17.26,16.63,16.96,11428397,20.97,21.73,20.93,21.35,9078900,2026-02-14T03:46:34Z
SCHW,2008-06-27,16.46,16.86,16.31,16.68,12038780,20.72,21.23,20.53,21,9563800,2026-02-14T03:46:34Z
SCHW,2008-06-30,16.32,16.88,16.21,16.86,12666415,20.54,21.25,20.41,21.22,10062400,2026-02-14T03:46:34Z
SCHW,2008-07-01,16.59,16.64,15.86,16.23,14300320,20.88,20.95,19.97,20.43,11360400,2026-02-14T03:46:34Z
SCHW,2008-07-02,16.26,16.88,16.19,16.88,11193250,20.47,21.25,20.38,21.25,8892100,2026-02-14T03:46:34Z
SCHW,2008-07-03,16.17,16.68,15.96,16.68,7147291,20.35,20.99,20.09,20.99,5677900,2026-02-14T03:46:34Z
SCHW,2008-07-07,15.66,16.41,15.47,16.15,14836973,19.71,20.66,19.48,20.33,11786700,2026-02-14T03:46:34Z
SCHW,2008-07-08,16.38,16.38,15.56,15.72,15786370,20.62,20.62,19.59,19.79,12540900,2026-02-14T03:46:34Z
SCHW,2008-07-09,15.64,16.52,15.59,16.42,12089046,19.69,20.8,19.63,20.67,9603700,2026-02-14T03:46:34Z
SCHW,2008-07-10,15.99,16.05,15.27,15.62,14720744,20.13,20.21,19.22,19.66,11694400,2026-02-14T03:46:34Z
SCHW,2008-07-11,15.67,16.23,15.41,15.7,20870159,19.72,20.43,19.4,19.76,16579500,2026-02-14T03:46:34Z
SCHW,2008-07-14,14.92,15.94,14.9,15.82,16524502,18.78,20.06,18.76,19.92,13127300,2026-02-14T03:46:34Z
SCHW,2008-07-15,15.27,15.63,14.33,14.78,26945836,19.22,19.68,18.04,18.61,21406100,2026-02-14T03:46:34Z
SCHW,2008-07-16,17.45,17.45,15.51,16.08,27486473,21.96,21.96,19.52,20.24,21835600,2026-02-14T03:46:34Z
SCHW,2008-07-17,18.09,18.68,17.43,17.84,27608913,22.77,23.52,21.94,22.46,21932900,2026-02-14T03:46:34Z
SCHW,2008-07-18,17.99,18.25,17.13,17.99,13187354,22.64,22.97,21.56,22.65,10476200,2026-02-14T03:46:34Z
SCHW,2008-07-21,17.37,18.07,17.14,17.61,12482024,21.86,22.74,21.57,22.17,9915900,2026-02-14T03:46:34Z
SCHW,2008-07-22,18.15,18.16,16.94,17.26,17108926,22.85,22.86,21.32,21.73,13591600,2026-02-14T03:46:34Z
SCHW,2008-07-23,18.32,18.67,17.85,18.26,15659329,23.06,23.5,22.47,22.98,12440000,2026-02-14T03:46:34Z
SCHW,2008-07-24,17.41,18.54,17.32,18.53,12901089,21.91,23.34,21.8,23.32,10248800,2026-02-14T03:46:34Z
SCHW,2008-07-25,17.55,17.6,17.02,17.45,14770389,22.09,22.15,21.42,21.97,11733800,2026-02-14T03:46:34Z
SCHW,2008-07-28,16.98,17.81,16.92,17.5,12579984,21.37,22.42,21.3,22.03,9993700,2026-02-14T03:46:34Z
SCHW,2008-07-29,17.95,17.95,16.89,17.04,17296983,22.6,22.6,21.26,21.45,13741000,2026-02-14T03:46:34Z
SCHW,2008-07-30,18.26,18.49,17.8,18.37,11547652,22.98,23.28,22.41,23.12,9173600,2026-02-14T03:46:34Z
SCHW,2008-07-31,18.18,18.52,17.88,17.89,10010166,22.89,23.31,22.51,22.52,7952200,2026-02-14T03:46:34Z
SCHW,2008-08-01,18.1,18.44,17.56,18.02,13893726,22.78,23.21,22.1,22.69,11037400,2026-02-14T03:46:34Z
SCHW,2008-08-04,17.71,18.07,17.66,17.91,8608729,22.29,22.75,22.23,22.54,6838900,2026-02-14T03:46:34Z
SCHW,2008-08-05,18.32,18.34,17.8,17.95,13932397,23.06,23.08,22.4,22.59,11068100,2026-02-14T03:46:34Z
SCHW,2008-08-06,18.21,18.37,18.01,18.01,10311400,22.86,23.06,22.61,22.61,8212900,2026-02-14T03:46:34Z
SCHW,2008-08-07,17.41,18.03,17.3,17.92,16560226,21.86,22.64,21.72,22.5,13190000,2026-02-14T03:46:34Z
SCHW,2008-08-08,18.18,18.32,17.28,17.52,13237402,22.82,23,21.69,22,10543400,2026-02-14T03:46:34Z
SCHW,2008-08-11,18.69,19.04,18.06,18.06,12752488,23.46,23.91,22.67,22.68,10157200,2026-02-14T03:46:34Z
SCHW,2008-08-12,17.93,18.6,17.79,18.49,12209254,22.51,23.35,22.33,23.22,9724500,2026-02-14T03:46:34Z
SCHW,2008-08-13,17.59,18.05,17.28,17.76,12396208,22.08,22.66,21.7,22.3,9873400,2026-02-14T03:46:34Z
SCHW,2008-08-14,17.83,18.04,17.51,17.55,12831000,22.39,22.65,21.98,22.03,10219700,2026-02-14T03:46:34Z
SCHW,2008-08-15,18.45,18.58,17.9,18.02,16986471,23.17,23.33,22.47,22.62,13529500,2026-02-14T03:46:34Z
SCHW,2008-08-18,18.37,18.65,18.16,18.65,17703982,23.06,23.42,22.8,23.42,14101000,2026-02-14T03:46:34Z
SCHW,2008-08-19,18.06,18.26,17.68,18.12,16664232,22.67,22.93,22.2,22.75,13272800,2026-02-14T03:46:34Z
SCHW,2008-08-20,18.22,18.26,17.62,17.75,11510458,22.87,22.92,22.12,22.29,9167900,2026-02-14T03:46:34Z
SCHW,2008-08-21,18.34,18.52,17.88,18.12,12479446,23.02,23.25,22.45,22.75,9939700,2026-02-14T03:46:34Z
SCHW,2008-08-22,18.9,19.04,18.35,18.49,15500847,23.73,23.9,23.04,23.21,12346200,2026-02-14T03:46:34Z
SCHW,2008-08-25,18.53,18.88,18.45,18.77,9813461,23.26,23.7,23.16,23.56,7816300,2026-02-14T03:46:34Z
SCHW,2008-08-26,18.71,18.76,18.34,18.52,10404803,23.49,23.55,23.03,23.25,8287300,2026-02-14T03:46:34Z
SCHW,2008-08-27,18.91,18.91,18.41,18.41,9001277,23.74,23.74,23.12,23.12,7169400,2026-02-14T03:46:34Z
SCHW,2008-08-28,19.48,19.48,18.9,19.04,10664062,24.46,24.46,23.73,23.9,8493800,2026-02-14T03:46:34Z
SCHW,2008-08-29,19.11,19.43,19.04,19.43,9485790,23.99,24.4,23.91,24.4,7555300,2026-02-14T03:46:34Z
SCHW,2008-09-02,19.26,19.82,18.88,19.36,13210296,24.18,24.89,23.7,24.3,10521800,2026-02-14T03:46:34Z
SCHW,2008-09-03,19.28,19.43,18.95,19.35,12465520,24.21,24.4,23.79,24.29,9928600,2026-02-14T03:46:34Z
SCHW,2008-09-04,18.77,19.33,18.53,19.32,17167541,23.56,24.27,23.27,24.26,13673700,2026-02-14T03:46:34Z
SCHW,2008-09-05,19.19,19.21,18.31,18.41,14935939,24.09,24.12,22.99,23.12,11896300,2026-02-14T03:46:34Z
SCHW,2008-09-08,20.09,20.09,19.2,19.92,26200931,25.22,25.22,24.1,25.01,20868700,2026-02-14T03:46:34Z
SCHW,2008-09-09,18.71,20.07,18.67,20.07,27172794,23.49,25.2,23.44,25.2,21642800,2026-02-14T03:46:34Z
SCHW,2008-09-10,18.95,19.41,18.47,18.94,20109082,23.79,24.37,23.19,23.78,16016600,2026-02-14T03:46:34Z
SCHW,2008-09-11,19.51,19.55,18.43,18.62,18730906,24.5,24.54,23.14,23.38,14918900,2026-02-14T03:46:34Z
SCHW,2008-09-12,19.09,19.59,18.92,19.47,16575656,23.97,24.59,23.76,24.45,13202300,2026-02-14T03:46:34Z
SCHW,2008-09-15,18.08,19.07,17.81,18.48,35608472,22.7,23.94,22.36,23.2,28361600,2026-02-14T03:46:34Z
SCHW,2008-09-16,20.29,20.31,17.39,17.52,35560133,25.48,25.5,21.84,22,28323200,2026-02-14T03:46:34Z
SCHW,2008-09-17,18.14,19.78,17.79,19.68,39129148,22.78,24.83,22.33,24.71,31165900,2026-02-14T03:46:34Z
SCHW,2008-09-18,19.04,19.09,15.83,17.98,42065181,23.9,23.97,19.87,22.58,33504300,2026-02-14T03:46:34Z
SCHW,2008-09-19,20.11,20.11,20.11,20.11,307851,25.25,25.25,25.25,25.25,245200,2026-02-14T03:46:34Z
SCHW,2008-09-22,17.69,20.03,16.96,19.13,12358125,22.21,25.15,21.3,24.02,9843100,2026-02-14T03:46:34Z
SCHW,2008-09-23,18,18.75,16.89,17.26,10261313,22.6,23.54,21.21,21.67,8173000,2026-02-14T03:46:34Z
SCHW,2008-09-24,17.88,18.8,17.88,18.06,7923559,22.45,23.6,22.45,22.67,6311000,2026-02-14T03:46:34Z
SCHW,2008-09-25,18.77,19.9,17.95,17.95,8144388,23.57,24.98,22.53,22.53,6486900,2026-02-14T03:46:34Z
SCHW,2008-09-26,19.37,19.9,18.31,18.31,9658017,24.32,24.98,22.99,22.99,7692500,2026-02-14T03:46:34Z
SCHW,2008-09-29,17.31,19.9,16.81,18.64,12674504,21.73,24.98,21.1,23.4,10095100,2026-02-14T03:46:34Z
SCHW,2008-09-30,20.71,20.87,17.42,17.61,12952165,26,26.2,21.87,22.11,10316200,2026-02-14T03:46:34Z
SCHW,2008-10-01,19.41,19.91,18.62,19.82,11107268,24.37,25,23.38,24.89,8846800,2026-02-14T03:46:34Z
SCHW,2008-10-02,18.14,19.58,16.55,19.5,14439289,22.77,24.58,20.78,24.48,11500700,2026-02-14T03:46:34Z
SCHW,2008-10-03,17.91,19.31,17.91,18.32,17376923,22.49,24.24,22.49,23,13840500,2026-02-14T03:46:34Z
SCHW,2008-10-06,16.65,17.72,15.68,17.67,17076841,20.9,22.25,19.69,22.19,13601500,2026-02-14T03:46:34Z
SCHW,2008-10-07,15.5,19.17,15.5,16.82,15403174,19.46,24.07,19.46,21.12,12268400,2026-02-14T03:46:34Z
SCHW,2008-10-08,15.28,17.13,14.81,14.89,15011314,19.18,21.51,18.59,18.7,11956300,2026-02-14T03:46:34Z
SCHW,2008-10-09,14.54,16.8,14.34,15.57,24342624,18.25,21.09,18,19.55,19388600,2026-02-14T03:46:34Z
SCHW,2008-10-10,16.09,16.34,13.58,13.78,27310239,20.2,20.51,17.05,17.3,21752200,2026-02-14T03:46:34Z
SCHW,2008-10-13,18.58,18.62,16.05,17.02,16962649,23.33,23.38,20.15,21.37,13510500,2026-02-14T03:46:34Z
SCHW,2008-10-14,16.7,18.73,15.93,18.73,22877379,20.97,23.52,20,23.52,18221500,2026-02-14T03:46:34Z
SCHW,2008-10-15,15.88,16.78,15.84,15.92,18837405,19.94,21.07,19.89,19.99,15003700,2026-02-14T03:46:34Z
SCHW,2008-10-16,16.62,16.73,14.66,16.02,14979766,20.87,21,18.41,20.11,11931200,2026-02-14T03:46:34Z
SCHW,2008-10-17,16.73,17.63,15.89,16.4,14508484,21,22.13,19.95,20.59,11555800,2026-02-14T03:46:34Z
SCHW,2008-10-20,16.39,16.88,15.67,16.88,15636289,20.58,21.19,19.67,21.19,12454100,2026-02-14T03:46:34Z
SCHW,2008-10-21,15.79,16.8,15.74,16.28,12621527,19.82,21.09,19.76,20.44,10052900,2026-02-14T03:46:34Z
SCHW,2008-10-22,14.33,15.46,13.62,15.33,20423435,17.99,19.41,17.1,19.25,16267000,2026-02-14T03:46:34Z
SCHW,2008-10-23,13.74,14.54,12.86,14.34,23085123,17.25,18.26,16.15,18,18387000,2026-02-14T03:46:34Z
SCHW,2008-10-24,12.97,13.52,12.27,12.74,14862485,16.29,16.97,15.4,16,11837800,2026-02-14T03:46:34Z
SCHW,2008-10-27,12.37,13.37,12.35,12.59,12883870,15.53,16.79,15.5,15.8,10261800,2026-02-14T03:46:34Z
SCHW,2008-10-28,14.1,14.2,12.12,12.88,18752498,17.7,17.83,15.21,16.17,14936100,2026-02-14T03:46:34Z
SCHW,2008-10-29,13.9,15.09,13.51,14.06,18986623,17.45,18.95,16.96,17.65,15122600,2026-02-14T03:46:34Z
SCHW,2008-10-30,14.77,15.13,14.37,14.5,14922623,18.54,19,18.04,18.2,11885700,2026-02-14T03:46:34Z
SCHW,2008-10-31,15.23,15.24,14.42,14.57,13436531,19.12,19.14,18.1,18.29,10702000,2026-02-14T03:46:34Z
SCHW,2008-11-03,15.42,15.5,15.04,15.17,8209167,19.36,19.46,18.88,19.05,6538500,2026-02-14T03:46:34Z
SCHW,2008-11-04,16.66,16.73,15.48,15.62,13422447,20.92,21.01,19.44,19.61,10690800,2026-02-14T03:46:34Z
SCHW,2008-11-05,15.47,16.66,15.33,16.34,13142945,19.42,20.92,19.25,20.51,10468200,2026-02-14T03:46:34Z
SCHW,2008-11-06,14.2,15.57,14.11,15.36,17140599,17.83,19.55,17.72,19.29,13652300,2026-02-14T03:46:34Z
SCHW,2008-11-07,14.87,15.13,14.08,14.5,12277046,18.67,19,17.68,18.2,9778500,2026-02-14T03:46:34Z
SCHW,2008-11-10,13.51,15.37,13.29,15.36,13686494,16.96,19.3,16.68,19.29,10901100,2026-02-14T03:46:34Z
SCHW,2008-11-11,13.23,13.74,12.9,13.41,12514124,16.61,17.25,16.2,16.84,9967300,2026-02-14T03:46:34Z
SCHW,2008-11-12,12.83,13.46,12.83,13.34,12389898,16.05,16.84,16.05,16.69,9904200,2026-02-14T03:46:34Z
SCHW,2008-11-13,14.3,14.35,11.86,13.12,21014067,17.89,17.95,14.83,16.41,16798100,2026-02-14T03:46:34Z
SCHW,2008-11-14,13.28,14.51,13.24,13.91,15898568,16.61,18.15,16.56,17.4,12708900,2026-02-14T03:46:34Z
SCHW,2008-11-17,12.43,13.58,12.36,13.44,13538431,15.55,16.99,15.46,16.81,10822300,2026-02-14T03:46:34Z
SCHW,2008-11-18,12.58,12.78,11.87,12.78,18366440,15.74,15.99,14.85,15.99,14681600,2026-02-14T03:46:34Z
SCHW,2008-11-19,11.71,12.81,11.7,12.46,21546787,14.65,16.03,14.64,15.59,17223900,2026-02-14T03:46:34Z
SCHW,2008-11-20,11.66,12.8,11.41,11.43,29510884,14.59,16.01,14.28,14.3,23590300,2026-02-14T03:46:34Z
SCHW,2008-11-21,13.34,13.43,11.76,11.86,28017822,16.69,16.8,14.71,14.83,22396800,2026-02-14T03:46:34Z
SCHW,2008-11-24,14.59,14.67,13.01,13.17,22639051,18.25,18.35,16.28,16.48,18097100,2026-02-14T03:46:34Z
SCHW,2008-11-25,14.04,14.99,13.42,14.89,20678306,17.57,18.75,16.79,18.63,16529700,2026-02-14T03:46:34Z
SCHW,2008-11-26,14.47,14.48,13.63,13.64,13491904,18.1,18.12,17.05,17.06,10785100,2026-02-14T03:46:34Z
SCHW,2008-11-28,14.65,14.65,13.95,14.5,7252187,18.33,18.33,17.45,18.14,5797200,2026-02-14T03:46:34Z
SCHW,2008-12-01,12.43,14.11,12.39,14.1,19543114,15.55,17.65,15.5,17.64,15622300,2026-02-14T03:46:34Z
SCHW,2008-12-02,12.95,13.26,12.16,13.17,17738325,16.2,16.59,15.21,16.47,14179600,2026-02-14T03:46:34Z
SCHW,2008-12-03,13.56,13.59,12.39,12.53,16696042,16.96,17,15.5,15.68,13346400,2026-02-14T03:46:34Z
SCHW,2008-12-04,13.12,14.05,12.98,13.25,17281809,16.41,17.58,16.24,16.58,13814600,2026-02-14T03:46:34Z
SCHW,2008-12-05,14.68,14.68,12.89,12.96,20846438,18.37,18.37,16.13,16.21,16664100,2026-02-14T03:46:34Z
SCHW,2008-12-08,15.51,15.6,14.56,14.88,24283932,19.4,19.52,18.21,18.61,19412000,2026-02-14T03:46:34Z
SCHW,2008-12-09,14.8,15.76,14.76,15.3,23434848,18.52,19.72,18.46,19.14,18733200,2026-02-14T03:46:34Z
SCHW,2008-12-10,14.78,15.22,14.25,14.93,14078414,18.49,19.04,17.83,18.68,11253900,2026-02-14T03:46:34Z
SCHW,2008-12-11,13.57,14.79,13.44,14.41,20305093,16.98,18.5,16.81,18.03,16231400,2026-02-14T03:46:34Z
SCHW,2008-12-12,13.36,13.61,12.9,13.39,18539060,16.71,17.03,16.14,16.75,14819600,2026-02-14T03:46:34Z
SCHW,2008-12-15,12.88,13.76,12.67,13.41,14500364,16.11,17.21,15.85,16.78,11591200,2026-02-14T03:46:34Z
SCHW,2008-12-16,13.33,13.77,12.65,13.1,35363062,16.68,17.22,15.83,16.39,28268400,2026-02-14T03:46:34Z
SCHW,2008-12-17,13.23,13.75,12.88,13,23388496,16.55,17.2,16.11,16.26,18696100,2026-02-14T03:46:34Z
SCHW,2008-12-18,12.66,13.51,12.44,13.5,24527288,15.84,16.9,15.56,16.89,19606500,2026-02-14T03:46:34Z
SCHW,2008-12-19,12.1,13.07,11.96,13.07,34534587,15.14,16.35,14.96,16.35,27606000,2026-02-14T03:46:34Z
SCHW,2008-12-22,12.01,12.34,11.83,12.19,18198987,15.02,15.44,14.8,15.25,14547800,2026-02-14T03:46:34Z
SCHW,2008-12-23,11.89,12.31,11.77,12.13,17953160,14.87,15.4,14.72,15.18,14351300,2026-02-14T03:46:34Z
SCHW,2008-12-24,12.2,12.2,11.87,12.06,5119150,15.26,15.26,14.85,15.09,4092100,2026-02-14T03:46:34Z
SCHW,2008-12-26,12.17,12.39,12.01,12.27,6946165,15.23,15.5,15.02,15.35,5552600,2026-02-14T03:46:34Z
SCHW,2008-12-29,12,12.18,11.73,12.13,7328361,15.01,15.23,14.67,15.17,5858100,2026-02-14T03:46:34Z
SCHW,2008-12-30,12.39,12.42,12.01,12.15,8407326,15.5,15.54,15.02,15.2,6720600,2026-02-14T03:46:34Z
SCHW,2008-12-31,12.93,12.94,12.37,12.39,12148234,16.17,16.19,15.47,15.5,9711000,2026-02-14T03:46:34Z
SCHW,2009-01-02,12.93,13.02,12.44,12.83,13691933,16.18,16.29,15.56,16.05,10945000,2026-02-14T03:46:34Z
SCHW,2009-01-05,12.49,12.86,12.39,12.81,13065871,15.62,16.09,15.5,16.02,10444500,2026-02-14T03:46:34Z
SCHW,2009-01-06,13.29,13.34,12.52,12.78,19977865,16.63,16.69,15.66,15.99,15969800,2026-02-14T03:46:34Z
SCHW,2009-01-07,12.83,13.17,12.73,12.9,16980099,16.05,16.48,15.93,16.14,13573500,2026-02-14T03:46:34Z
SCHW,2009-01-08,12.91,13.02,12.61,12.81,12779990,16.15,16.29,15.78,16.03,10216000,2026-02-14T03:46:34Z
SCHW,2009-01-09,12.36,13.01,12.31,12.97,11790372,15.46,16.28,15.4,16.23,9424900,2026-02-14T03:46:34Z
SCHW,2009-01-12,12.14,12.47,12,12.39,14537490,15.19,15.6,15.01,15.5,11620900,2026-02-14T03:46:34Z
SCHW,2009-01-13,12.61,12.66,11.97,12.09,18676895,15.78,15.84,14.98,15.12,14929800,2026-02-14T03:46:34Z
SCHW,2009-01-14,11.97,12.41,11.97,12.27,17326465,14.98,15.52,14.97,15.35,13850300,2026-02-14T03:46:34Z
SCHW,2009-01-15,11.9,12.25,11.64,11.9,25203926,14.89,15.32,14.56,14.89,20147400,2026-02-14T03:46:34Z
SCHW,2009-01-16,11.86,12.19,11.19,12.02,35892864,14.84,15.25,14,15.04,28691800,2026-02-14T03:46:34Z
SCHW,2009-01-20,10.95,12.01,10.92,11.95,29175518,13.7,15.02,13.66,14.95,23322100,2026-02-14T03:46:34Z
SCHW,2009-01-21,11.62,11.65,10.67,11.24,31708806,14.54,14.57,13.35,14.06,25347200,2026-02-14T03:46:34Z
SCHW,2009-01-22,11.26,11.83,10.97,11.32,19409653,14.09,14.8,13.73,14.16,15515600,2026-02-14T03:46:34Z
SCHW,2009-01-23,11.71,11.86,10.9,11.12,24395775,14.65,14.83,13.63,13.91,19501300,2026-02-14T03:46:34Z
SCHW,2009-01-26,11.27,11.99,11.09,11.78,16938964,14.1,15,13.87,14.74,13540600,2026-02-14T03:46:34Z
SCHW,2009-01-27,11.54,11.6,11.21,11.42,12473466,14.44,14.51,14.03,14.29,9971000,2026-02-14T03:46:34Z
SCHW,2009-01-28,12.76,12.81,11.93,11.97,23295994,15.96,16.02,14.92,14.98,18622200,2026-02-14T03:46:34Z
SCHW,2009-01-29,10.9,12.58,10.81,12.57,46270442,13.63,15.74,13.52,15.72,36987500,2026-02-14T03:46:34Z
SCHW,2009-01-30,10.86,11.06,10.7,10.93,34018848,13.59,13.84,13.38,13.67,27193800,2026-02-14T03:46:34Z
SCHW,2009-02-02,9.98,10.6,9.76,10.59,37906614,12.48,13.26,12.21,13.25,30301600,2026-02-14T03:46:34Z
SCHW,2009-02-03,10.29,10.39,9.85,10.1,24709689,12.87,13,12.32,12.64,19752200,2026-02-14T03:46:34Z
SCHW,2009-02-04,10.69,10.72,10.22,10.22,26993447,13.37,13.41,12.79,12.79,21577800,2026-02-14T03:46:34Z
SCHW,2009-02-05,10.84,11.1,10.38,10.46,24328938,13.56,13.88,12.99,13.08,19447900,2026-02-14T03:46:34Z
SCHW,2009-02-06,11.63,11.74,10.89,10.95,32041799,14.55,14.69,13.62,13.7,25613400,2026-02-14T03:46:34Z
SCHW,2009-02-09,11.47,11.73,11.28,11.55,21508613,14.35,14.67,14.11,14.45,17193400,2026-02-14T03:46:34Z
SCHW,2009-02-10,10.66,11.47,10.56,11.28,23035429,13.33,14.35,13.21,14.11,18414000,2026-02-14T03:46:34Z
SCHW,2009-02-11,10.54,10.71,10.4,10.7,24599697,13.13,13.34,12.95,13.32,19753200,2026-02-14T03:46:34Z
SCHW,2009-02-12,10.75,10.78,10.21,10.46,22628503,13.39,13.43,12.72,13.02,18170400,2026-02-14T03:46:34Z
SCHW,2009-02-13,10.49,10.83,10.17,10.49,20634601,13.06,13.49,12.66,13.06,16569300,2026-02-14T03:46:34Z
SCHW,2009-02-17,10.17,10.46,9.8,10.07,25467448,12.66,13.03,12.21,12.54,20450000,2026-02-14T03:46:34Z
SCHW,2009-02-18,10.28,10.41,9.96,10.15,21152633,12.8,12.96,12.4,12.64,16985400,2026-02-14T03:46:34Z
SCHW,2009-02-19,10.28,10.54,10.16,10.24,27821689,12.8,13.12,12.65,12.75,22340600,2026-02-14T03:46:34Z
SCHW,2009-02-20,10.44,10.54,9.81,10.05,31105951,13,13.12,12.22,12.52,24977600,2026-02-14T03:46:34Z
SCHW,2009-02-23,9.72,10.46,9.72,10.26,23777527,12.11,13.03,12.1,12.78,19093100,2026-02-14T03:46:34Z
SCHW,2009-02-24,10.68,10.69,9.67,9.68,26562016,13.3,13.31,12.04,12.06,21328900,2026-02-14T03:46:34Z
SCHW,2009-02-25,10.39,10.72,10.2,10.54,21401116,12.94,13.35,12.7,13.12,17184900,2026-02-14T03:46:34Z
SCHW,2009-02-26,10.37,10.9,10.26,10.86,19966559,12.92,13.57,12.78,13.52,16032900,2026-02-14T03:46:34Z
SCHW,2009-02-27,10.21,10.76,10.1,10.1,22885346,12.71,13.4,12.58,12.58,18376700,2026-02-14T03:46:34Z
SCHW,2009-03-02,9.66,10.15,9.59,10.04,24195245,12.03,12.64,11.94,12.5,19428400,2026-02-14T03:46:34Z
SCHW,2009-03-03,9.76,10.1,9.62,9.84,27058156,12.16,12.58,11.98,12.25,21727300,2026-02-14T03:46:34Z
SCHW,2009-03-04,9.57,9.9,9.34,9.74,33705047,11.92,12.33,11.63,12.13,27064700,2026-02-14T03:46:34Z
SCHW,2009-03-05,9.11,9.68,9.03,9.34,30182341,11.34,12.06,11.25,11.63,24236100,2026-02-14T03:46:34Z
SCHW,2009-03-06,9.12,9.27,8.83,9.24,29500707,11.36,11.54,11,11.51,23688600,2026-02-14T03:46:34Z
SCHW,2009-03-09,9.12,9.36,8.95,9.2,22164821,11.36,11.65,11.15,11.46,17798000,2026-02-14T03:46:34Z
SCHW,2009-03-10,10.22,10.22,9.23,9.55,26788416,12.73,12.73,11.5,11.89,21510700,2026-02-14T03:46:34Z
SCHW,2009-03-11,10.58,10.71,10.05,10.3,29341361,13.18,13.34,12.52,12.83,23560800,2026-02-14T03:46:34Z
SCHW,2009-03-12,11.15,11.18,10.28,10.7,27004274,13.89,13.92,12.8,13.33,21684100,2026-02-14T03:46:34Z
SCHW,2009-03-13,11.31,11.4,10.88,11.16,22579168,14.09,14.2,13.55,13.9,18130800,2026-02-14T03:46:34Z
SCHW,2009-03-16,11.04,11.57,10.96,11.33,27541346,13.75,14.41,13.65,14.11,22115400,2026-02-14T03:46:34Z
SCHW,2009-03-17,11.52,11.59,10.86,10.9,20794418,14.35,14.43,13.53,13.58,16697700,2026-02-14T03:46:34Z
SCHW,2009-03-18,12.21,12.21,10.96,11.11,29414551,15.2,15.2,13.65,13.84,23619500,2026-02-14T03:46:34Z
SCHW,2009-03-19,10.94,12.35,10.93,12.35,29881339,13.63,15.38,13.61,15.38,23994300,2026-02-14T03:46:34Z
SCHW,2009-03-20,11.01,11.34,10.9,11.02,22489681,13.71,14.12,13.58,13.72,18059000,2026-02-14T03:46:34Z
SCHW,2009-03-23,12.49,12.55,11.33,11.38,25916936,15.56,15.63,14.11,14.17,20811000,2026-02-14T03:46:34Z
SCHW,2009-03-24,11.78,12.61,11.78,12.25,24403548,14.67,15.7,14.67,15.26,19595700,2026-02-14T03:46:34Z
SCHW,2009-03-25,12.26,12.4,11.61,11.9,25723730,15.27,15.44,14.46,14.82,20655800,2026-02-14T03:46:34Z
SCHW,2009-03-26,12.84,12.85,12.19,12.44,24499078,15.99,16,15.18,15.49,19672500,2026-02-14T03:46:34Z
SCHW,2009-03-27,12.17,12.73,12.09,12.61,17154880,15.15,15.86,15.06,15.7,13775200,2026-02-14T03:46:34Z
SCHW,2009-03-30,11.55,12.04,11.5,11.68,19308627,14.39,14.99,14.32,14.55,15504600,2026-02-14T03:46:34Z
SCHW,2009-03-31,12.45,12.6,11.63,11.66,24686948,15.5,15.69,14.49,14.52,19823300,2026-02-14T03:46:34Z
SCHW,2009-04-01,12.42,12.45,11.81,12.3,20544806,15.47,15.5,14.71,15.32,16497200,2026-02-14T03:46:34Z
SCHW,2009-04-02,12.72,13.02,12.45,12.45,21695268,15.84,16.22,15.51,15.51,17421000,2026-02-14T03:46:34Z
SCHW,2009-04-03,13.14,13.14,12.51,12.76,15327144,16.37,16.37,15.58,15.89,12307500,2026-02-14T03:46:34Z
SCHW,2009-04-06,12.72,12.98,12.58,12.85,15348708,15.84,16.16,15.67,16,12324800,2026-02-14T03:46:34Z
SCHW,2009-04-07,12.29,12.62,12.25,12.34,12818939,15.31,15.71,15.26,15.37,10293500,2026-02-14T03:46:34Z
SCHW,2009-04-08,12.41,12.57,12.1,12.36,14604783,15.45,15.66,15.07,15.39,11727500,2026-02-14T03:46:34Z
SCHW,2009-04-09,13.63,13.84,12.64,12.64,27089456,16.97,17.23,15.74,15.74,21752500,2026-02-14T03:46:34Z
SCHW,2009-04-13,14.04,14.05,13.19,13.25,20594873,17.48,17.5,16.42,16.5,16537400,2026-02-14T03:46:34Z
SCHW,2009-04-14,13.14,13.91,12.99,13.91,24150394,16.36,17.32,16.18,17.32,19392500,2026-02-14T03:46:34Z
SCHW,2009-04-15,14.49,14.49,13.06,13.19,28262877,18.05,18.05,16.27,16.43,22694700,2026-02-14T03:46:34Z
SCHW,2009-04-16,14.09,14.7,13.42,14.65,25060593,17.55,18.3,16.71,18.24,20123300,2026-02-14T03:46:34Z
SCHW,2009-04-17,14.14,14.37,13.69,14.02,22798751,17.61,17.9,17.05,17.46,18307100,2026-02-14T03:46:34Z
SCHW,2009-04-20,13.4,14.01,13.4,13.91,24103046,16.69,17.45,16.69,17.32,19354500,2026-02-14T03:46:34Z
SCHW,2009-04-21,14.33,14.33,13.16,13.44,22615215,17.85,17.85,16.39,16.74,18159700,2026-02-14T03:46:34Z
SCHW,2009-04-22,14,14.55,13.85,14.15,27461143,17.43,18.12,17.25,17.62,22051000,2026-02-14T03:46:34Z
SCHW,2009-04-23,14.5,14.61,13.86,13.97,16103437,18.06,18.2,17.26,17.4,12930900,2026-02-14T03:46:34Z
SCHW,2009-04-24,14.33,14.47,13.92,14.43,21311037,17.84,18.02,17.34,17.97,17112500,2026-02-14T03:46:34Z
SCHW,2009-04-27,14.26,14.45,13.98,13.99,16003564,17.76,17.99,17.41,17.42,12850700,2026-02-14T03:46:34Z
SCHW,2009-04-28,14.12,14.38,13.89,14.01,11934200,17.58,17.91,17.3,17.45,9583000,2026-02-14T03:46:34Z
SCHW,2009-04-29,14.94,15.05,14.27,14.33,16809814,18.6,18.74,17.77,17.85,13498100,2026-02-14T03:46:34Z
SCHW,2009-04-30,14.84,15.22,14.54,15.13,22412067,18.48,18.95,18.11,18.84,17996600,2026-02-14T03:46:34Z
SCHW,2009-05-01,14.5,14.89,14.37,14.55,16508175,18.06,18.54,17.9,18.12,13255900,2026-02-14T03:46:34Z
SCHW,2009-05-04,15.04,15.1,14.36,14.76,32037514,18.73,18.81,17.88,18.38,25725800,2026-02-14T03:46:34Z
SCHW,2009-05-05,14.92,15.26,14.86,14.98,18045494,18.58,19,18.5,18.65,14490300,2026-02-14T03:46:34Z
SCHW,2009-05-06,15.24,15.54,14.69,14.99,18666149,18.92,19.29,18.24,18.61,15037300,2026-02-14T03:46:34Z
SCHW,2009-05-07,14.4,15.51,14.3,15.34,28432689,17.87,19.25,17.75,19.04,22905100,2026-02-14T03:46:34Z
SCHW,2009-05-08,15.1,15.1,14.36,14.5,24162965,18.74,18.74,17.83,18,19465500,2026-02-14T03:46:34Z
SCHW,2009-05-11,14.41,14.8,14.4,14.48,17970934,17.89,18.37,17.87,17.98,14477200,2026-02-14T03:46:34Z
SCHW,2009-05-12,14.43,14.75,14.23,14.66,17531643,17.91,18.31,17.66,18.2,14123300,2026-02-14T03:46:34Z
SCHW,2009-05-13,13.74,14.36,13.7,14.11,20662632,17.05,17.83,17,17.52,16645600,2026-02-14T03:46:34Z
SCHW,2009-05-14,13.76,13.98,13.29,13.43,23863465,17.08,17.35,16.5,16.67,19224200,2026-02-14T03:46:34Z
SCHW,2009-05-15,13.62,13.84,13.48,13.73,16664712,16.91,17.18,16.73,17.05,13424900,2026-02-14T03:46:34Z
SCHW,2009-05-18,14.5,14.56,13.73,13.89,19979174,18,18.08,17.05,17.24,16095000,2026-02-14T03:46:34Z
SCHW,2009-05-19,14.32,14.69,14.31,14.47,15623246,17.77,18.23,17.77,17.96,12585900,2026-02-14T03:46:34Z
SCHW,2009-05-20,14.05,14.64,13.99,14.58,14495575,17.44,18.17,17.37,18.1,11677500,2026-02-14T03:46:34Z
SCHW,2009-05-21,13.53,13.91,13.23,13.74,19338559,16.79,17.27,16.42,17.06,15579000,2026-02-14T03:46:34Z
SCHW,2009-05-22,13.67,13.98,13.53,13.78,10718822,16.97,17.36,16.79,17.11,8635000,2026-02-14T03:46:34Z
SCHW,2009-05-26,14.25,14.28,13.58,13.62,18900168,17.69,17.73,16.86,16.91,15225800,2026-02-14T03:46:34Z
SCHW,2009-05-27,13.42,14.26,13.36,14.12,19278707,16.66,17.7,16.58,17.53,15530700,2026-02-14T03:46:34Z
SCHW,2009-05-28,13.82,13.92,13.42,13.64,16335816,17.15,17.28,16.66,16.93,13160000,2026-02-14T03:46:34Z
SCHW,2009-05-29,14.18,14.31,13.57,13.73,14176550,17.6,17.76,16.84,17.05,11420500,2026-02-14T03:46:34Z
SCHW,2009-06-01,14.81,15.31,14.25,14.44,23702325,18.38,19,17.69,17.92,19094300,2026-02-14T03:46:34Z
SCHW,2009-06-02,14.69,14.86,14.53,14.53,12742180,18.24,18.45,18.03,18.03,10265000,2026-02-14T03:46:34Z
SCHW,2009-06-03,14.65,14.81,14.41,14.81,10758966,18.18,18.39,17.89,18.39,8667300,2026-02-14T03:46:34Z
SCHW,2009-06-04,14.87,15.08,14.65,14.71,15086573,18.46,18.72,18.19,18.26,12153600,2026-02-14T03:46:34Z
SCHW,2009-06-05,14.6,15.21,14.49,15.11,14373928,18.12,18.88,17.99,18.75,11579500,2026-02-14T03:46:34Z
SCHW,2009-06-08,14.57,14.7,14.36,14.5,12119537,18.08,18.25,17.83,18,9763400,2026-02-14T03:46:34Z
SCHW,2009-06-09,14.74,14.86,14.48,14.5,11759825,18.3,18.45,17.98,18,9473600,2026-02-14T03:46:34Z
SCHW,2009-06-10,14.44,14.89,14.21,14.84,13093111,17.92,18.48,17.64,18.42,10547700,2026-02-14T03:46:34Z
SCHW,2009-06-11,14.31,14.55,14.23,14.49,14008966,17.76,18.06,17.66,17.99,11285500,2026-02-14T03:46:34Z
SCHW,2009-06-12,14.57,14.57,13.95,14.28,12113455,18.08,18.09,17.31,17.73,9758500,2026-02-14T03:46:34Z
SCHW,2009-06-15,14.37,14.48,14.21,14.31,12364748,17.84,17.97,17.64,17.76,9960900,2026-02-14T03:46:34Z
SCHW,2009-06-16,14.1,14.49,14.05,14.41,13973881,17.5,17.99,17.44,17.89,11257200,2026-02-14T03:46:34Z
SCHW,2009-06-17,14.09,14.48,13.91,14.1,17778980,17.49,17.97,17.27,17.5,14322600,2026-02-14T03:46:34Z
SCHW,2009-06-18,14.07,14.19,13.84,14.03,11207561,17.46,17.61,17.18,17.42,9028700,2026-02-14T03:46:34Z
SCHW,2009-06-19,14.44,14.44,13.99,14.17,13625391,17.92,17.93,17.37,17.59,10976500,2026-02-14T03:46:34Z
SCHW,2009-06-22,13.75,14.35,13.68,14.22,18205317,17.07,17.81,16.98,17.65,14666000,2026-02-14T03:46:34Z
SCHW,2009-06-23,13.84,14.07,13.77,14.05,16801518,17.18,17.47,17.09,17.44,13535100,2026-02-14T03:46:34Z
SCHW,2009-06-24,14.06,14.08,13.81,13.91,10116593,17.45,17.48,17.14,17.27,8149800,2026-02-14T03:46:34Z
SCHW,2009-06-25,14.29,14.46,13.94,14.13,13842369,17.74,17.95,17.3,17.54,11151300,2026-02-14T03:46:34Z
SCHW,2009-06-26,14.35,14.44,14.08,14.23,10523063,17.81,17.92,17.48,17.67,8477300,2026-02-14T03:46:34Z
SCHW,2009-06-29,14.42,14.5,14.26,14.3,9375090,17.9,18,17.7,17.75,7552500,2026-02-14T03:46:34Z
SCHW,2009-06-30,14.13,14.34,13.87,14.34,13584376,17.54,17.8,17.22,17.8,10943400,2026-02-14T03:46:34Z
SCHW,2009-07-01,13.88,14.1,13.75,14.1,13695816,17.23,17.5,17.07,17.5,11033200,2026-02-14T03:46:34Z
SCHW,2009-07-02,13.52,13.88,13.48,13.72,15274023,16.78,17.23,16.73,17.03,12304600,2026-02-14T03:46:34Z
SCHW,2009-07-06,13.71,13.8,13.43,13.61,16004592,17.02,17.13,16.67,16.89,12893100,2026-02-14T03:46:34Z
SCHW,2009-07-07,13.28,13.79,13.26,13.7,12769626,16.49,17.12,16.46,17.01,10287100,2026-02-14T03:46:34Z
SCHW,2009-07-08,13.34,13.56,13.09,13.46,17370707,16.56,16.83,16.25,16.71,13993700,2026-02-14T03:46:34Z
SCHW,2009-07-09,13.38,13.57,13.29,13.46,9531435,16.61,16.85,16.5,16.71,7678400,2026-02-14T03:46:34Z
SCHW,2009-07-10,13.27,13.42,13.16,13.28,11670175,16.47,16.66,16.34,16.49,9401400,2026-02-14T03:46:34Z
SCHW,2009-07-13,13.98,14.11,13.26,13.53,21958631,17.36,17.51,16.46,16.79,17689600,2026-02-14T03:46:34Z
SCHW,2009-07-14,14.05,14.07,13.81,13.9,11460287,17.44,17.47,17.14,17.26,9232300,2026-02-14T03:46:34Z
SCHW,2009-07-15,14.57,14.62,14.08,14.18,18827969,18.09,18.15,17.48,17.6,15167600,2026-02-14T03:46:34Z
SCHW,2009-07-16,14.22,14.65,13.88,14.56,19948928,17.65,18.18,17.23,18.08,16070700,2026-02-14T03:46:34Z
SCHW,2009-07-17,13.76,14.28,13.7,14.02,18882403,17.08,17.72,17,17.4,15211500,2026-02-14T03:46:34Z
SCHW,2009-07-20,13.82,13.96,13.67,13.78,15728996,17.16,17.33,16.97,17.11,12671100,2026-02-14T03:46:34Z
SCHW,2009-07-21,13.72,13.91,13.55,13.89,13787656,17.03,17.27,16.82,17.24,11107200,2026-02-14T03:46:34Z
SCHW,2009-07-22,13.71,13.8,13.55,13.55,9304637,17.02,17.13,16.82,16.82,7495700,2026-02-14T03:46:34Z
SCHW,2009-07-23,13.88,14.03,13.58,13.61,12016921,17.23,17.42,16.86,16.9,9680700,2026-02-14T03:46:34Z
SCHW,2009-07-24,13.37,13.7,13.27,13.68,21203457,16.6,17,16.47,16.98,17081300,2026-02-14T03:46:34Z
SCHW,2009-07-27,13.7,13.79,13.35,13.37,18048799,17,17.12,16.57,16.6,14539900,2026-02-14T03:46:34Z
SCHW,2009-07-28,13.69,13.94,13.49,13.61,13473081,16.99,17.3,16.74,16.89,10853800,2026-02-14T03:46:34Z
SCHW,2009-07-29,13.63,13.67,13.49,13.59,11621653,16.92,16.97,16.75,16.87,9362300,2026-02-14T03:46:34Z
SCHW,2009-07-30,14.36,14.52,13.7,13.76,21225455,17.82,18.02,17.01,17.08,17099000,2026-02-14T03:46:34Z
SCHW,2009-07-31,14.4,14.51,14.19,14.19,12021246,17.87,18.01,17.61,17.61,9684200,2026-02-14T03:46:34Z
SCHW,2009-08-03,14.55,14.7,14.4,14.61,11643851,18.06,18.25,17.88,18.13,9380200,2026-02-14T03:46:34Z
SCHW,2009-08-04,14.29,14.56,14.12,14.51,19259131,17.74,18.08,17.53,18.01,15515000,2026-02-14T03:46:34Z
SCHW,2009-08-05,14.27,14.37,14.02,14.32,12293348,17.71,17.84,17.4,17.78,9903400,2026-02-14T03:46:34Z
SCHW,2009-08-06,14.89,15.14,14.28,14.38,26743757,18.48,18.8,17.72,17.85,21544500,2026-02-14T03:46:34Z
SCHW,2009-08-07,15.67,16.01,14.91,15.09,26116181,19.45,19.87,18.51,18.73,21038900,2026-02-14T03:46:34Z
SCHW,2009-08-10,15.43,15.72,15.18,15.52,10366720,19.15,19.52,18.84,19.26,8351300,2026-02-14T03:46:34Z
SCHW,2009-08-11,15.02,15.5,15,15.49,14631261,18.64,19.24,18.62,19.23,11786800,2026-02-14T03:46:34Z
SCHW,2009-08-12,15.15,15.32,15,15.27,11648717,18.75,18.96,18.56,18.89,9414400,2026-02-14T03:46:34Z
SCHW,2009-08-13,15.04,15.74,14.89,15.15,11243160,18.61,19.47,18.42,18.74,9086600,2026-02-14T03:46:34Z
SCHW,2009-08-14,14.76,15.14,14.56,15.06,13086110,18.26,18.73,18.01,18.63,10576100,2026-02-14T03:46:34Z
SCHW,2009-08-17,14.05,14.47,14.04,14.45,14003536,17.39,17.9,17.37,17.88,11317500,2026-02-14T03:46:34Z
SCHW,2009-08-18,14.26,14.39,14.07,14.11,9193116,17.64,17.8,17.41,17.46,7429800,2026-02-14T03:46:34Z
SCHW,2009-08-19,14.35,14.45,14.11,14.15,8514194,17.75,17.88,17.46,17.51,6881100,2026-02-14T03:46:34Z
SCHW,2009-08-20,14.24,14.42,14.18,14.33,12894252,17.62,17.84,17.55,17.73,10421000,2026-02-14T03:46:34Z
SCHW,2009-08-21,14.56,14.63,14.21,14.39,16850248,18.01,18.1,17.58,17.81,13618200,2026-02-14T03:46:34Z
SCHW,2009-08-24,14.44,14.73,14.41,14.67,9958766,17.87,18.23,17.83,18.15,8048600,2026-02-14T03:46:34Z
SCHW,2009-08-25,14.63,14.85,14.45,14.57,14410536,18.1,18.37,17.88,18.03,11646500,2026-02-14T03:46:34Z
SCHW,2009-08-26,14.43,14.69,14.33,14.52,11727309,17.85,18.17,17.73,17.96,9477900,2026-02-14T03:46:34Z
SCHW,2009-08-27,14.42,14.44,14.18,14.38,9279754,17.84,17.87,17.54,17.79,7499800,2026-02-14T03:46:34Z
SCHW,2009-08-28,14.33,14.53,14.23,14.49,8395679,17.73,17.98,17.61,17.93,6785300,2026-02-14T03:46:34Z
SCHW,2009-08-31,14.6,14.61,14.06,14.09,11308859,18.06,18.08,17.4,17.43,9139700,2026-02-14T03:46:34Z
SCHW,2009-09-01,14.19,14.78,14.19,14.45,15659453,17.56,18.29,17.56,17.88,12655800,2026-02-14T03:46:34Z
SCHW,2009-09-02,14.18,14.52,14.01,14.06,11890481,17.54,17.97,17.33,17.4,9609800,2026-02-14T03:46:34Z
SCHW,2009-09-03,14.47,14.52,14.13,14.18,11474406,17.9,17.97,17.48,17.55,9273500,2026-02-14T03:46:34Z
SCHW,2009-09-04,14.63,14.65,14.34,14.52,8321276,18.1,18.13,17.74,17.97,6725200,2026-02-14T03:46:34Z
SCHW,2009-09-08,14.94,14.94,14.69,14.69,10131742,18.48,18.49,18.18,18.18,8188400,2026-02-14T03:46:34Z
SCHW,2009-09-09,14.94,14.98,14.71,14.93,10682724,18.48,18.53,18.2,18.47,8633700,2026-02-14T03:46:34Z
SCHW,2009-09-10,14.84,14.91,14.52,14.84,15795139,18.36,18.45,17.97,18.36,12765500,2026-02-14T03:46:34Z
SCHW,2009-09-11,14.5,14.93,14.43,14.93,13929205,17.94,18.47,17.86,18.47,11257500,2026-02-14T03:46:34Z
SCHW,2009-09-14,14.85,14.86,14.34,14.43,9570613,18.37,18.39,17.74,17.85,7734900,2026-02-14T03:46:34Z
SCHW,2009-09-15,14.43,14.89,14.22,14.87,20167646,17.85,18.42,17.6,18.4,16299300,2026-02-14T03:46:34Z
SCHW,2009-09-16,14.73,14.77,14.41,14.45,14975585,18.22,18.27,17.83,17.88,12103100,2026-02-14T03:46:34Z
SCHW,2009-09-17,14.34,14.75,14.31,14.65,16866690,17.74,18.25,17.71,18.13,13631500,2026-02-14T03:46:34Z
SCHW,2009-09-18,14.23,14.3,13.84,13.93,29527928,17.61,17.69,17.13,17.24,23864300,2026-02-14T03:46:34Z
SCHW,2009-09-21,14.58,14.65,14.06,14.23,15620529,18.04,18.13,17.4,17.61,12624400,2026-02-14T03:46:34Z
SCHW,2009-09-22,15.06,15.15,14.56,14.7,17567976,18.64,18.75,18.01,18.19,14198300,2026-02-14T03:46:34Z
SCHW,2009-09-23,15.23,15.49,15.08,15.15,27463465,18.84,19.17,18.66,18.75,22195700,2026-02-14T03:46:34Z
SCHW,2009-09-24,15.02,15.41,14.94,15.17,23390340,18.59,19.07,18.48,18.77,18903900,2026-02-14T03:46:34Z
SCHW,2009-09-25,14.91,15.07,14.76,15,15497846,18.45,18.65,18.26,18.56,12525200,2026-02-14T03:46:34Z
SCHW,2009-09-28,15.43,15.48,14.84,15,11529922,19.09,19.15,18.36,18.56,9318400,2026-02-14T03:46:34Z
SCHW,2009-09-29,15.57,15.67,15.28,15.4,17095013,19.27,19.39,18.9,19.05,13816000,2026-02-14T03:46:34Z
SCHW,2009-09-30,15.48,15.73,15.24,15.58,14207122,19.15,19.46,18.86,19.28,11482100,2026-02-14T03:46:34Z
SCHW,2009-10-01,14.98,15.43,14.97,15.31,20128110,18.54,19.09,18.52,18.95,16267400,2026-02-14T03:46:34Z
SCHW,2009-10-02,15.14,15.3,14.76,14.79,13134781,18.73,18.93,18.26,18.3,10615400,2026-02-14T03:46:34Z
SCHW,2009-10-05,14.92,15.23,14.88,15.23,17228112,18.46,18.85,18.41,18.84,13923600,2026-02-14T03:46:34Z
SCHW,2009-10-06,15.55,15.62,14.97,14.99,17652876,19.24,19.33,18.52,18.55,14266900,2026-02-14T03:46:34Z
SCHW,2009-10-07,15.52,15.54,15.31,15.4,8087180,19.2,19.23,18.95,19.05,6536000,2026-02-14T03:46:34Z
SCHW,2009-10-08,15.41,15.75,15.37,15.54,14115477,19.07,19.49,19.02,19.23,11408000,2026-02-14T03:46:34Z
SCHW,2009-10-09,15.75,15.79,15.29,15.4,11730302,19.49,19.54,18.92,19.06,9480300,2026-02-14T03:46:34Z
SCHW,2009-10-12,15.57,16,15.32,15.96,12549170,19.27,19.8,18.96,19.75,10142100,2026-02-14T03:46:34Z
SCHW,2009-10-13,15.34,15.55,15.24,15.44,14063103,18.98,19.24,18.86,19.1,11365700,2026-02-14T03:46:34Z
SCHW,2009-10-14,15.58,15.77,15.43,15.47,16349253,19.28,19.51,19.09,19.14,13213300,2026-02-14T03:46:34Z
SCHW,2009-10-15,14.84,15.17,14.56,15.09,35964117,18.36,18.77,18.01,18.67,29065900,2026-02-14T03:46:34Z
SCHW,2009-10-16,14.72,14.79,14.51,14.72,25101172,18.21,18.3,17.95,18.22,20286600,2026-02-14T03:46:34Z
SCHW,2009-10-19,14.98,15.14,14.74,14.81,15306757,18.53,18.73,18.24,18.33,12370800,2026-02-14T03:46:34Z
SCHW,2009-10-20,14.87,15.17,14.76,15.15,12534425,18.4,18.77,18.26,18.74,10130200,2026-02-14T03:46:34Z
SCHW,2009-10-21,14.56,15.07,14.54,14.67,15793175,18.02,18.65,17.99,18.15,12763900,2026-02-14T03:46:34Z
SCHW,2009-10-22,14.63,14.65,14.3,14.47,15817378,18.1,18.13,17.7,17.91,12783500,2026-02-14T03:46:34Z
SCHW,2009-10-23,14.5,14.77,14.42,14.64,10225887,17.94,18.28,17.84,18.11,8264500,2026-02-14T03:46:34Z
SCHW,2009-10-26,14.35,14.77,14.31,14.72,10779485,17.76,18.28,17.71,18.22,8711900,2026-02-14T03:46:34Z
SCHW,2009-10-27,14.32,14.48,14.22,14.27,9929242,17.72,17.92,17.6,17.66,8024700,2026-02-14T03:46:34Z
SCHW,2009-10-28,14.17,14.46,14.13,14.27,15045441,17.53,17.89,17.48,17.65,12159600,2026-02-14T03:46:34Z
SCHW,2009-10-29,14.54,14.6,14.28,14.35,12946033,17.99,18.06,17.67,17.76,10462900,2026-02-14T03:46:34Z
SCHW,2009-10-30,14.01,14.47,13.95,14.39,16626058,17.34,17.91,17.26,17.81,13437000,2026-02-14T03:46:34Z
SCHW,2009-11-02,14.05,14.23,13.68,13.98,15281862,17.38,17.61,16.92,17.3,12350700,2026-02-14T03:46:34Z
SCHW,2009-11-03,13.93,14.1,13.76,13.89,12049884,17.24,17.44,17.03,17.19,9738600,2026-02-14T03:46:34Z
SCHW,2009-11-04,13.69,14.05,13.66,13.99,18492352,16.94,17.38,16.9,17.31,14945400,2026-02-14T03:46:34Z
SCHW,2009-11-05,13.97,14.02,13.7,13.74,15309669,17.28,17.35,16.95,17,12373100,2026-02-14T03:46:34Z
SCHW,2009-11-06,13.84,13.94,13.54,13.78,23205053,17.13,17.25,16.75,17.05,18754100,2026-02-14T03:46:34Z
SCHW,2009-11-09,14.41,14.41,13.88,13.9,17154419,17.83,17.83,17.18,17.2,13864100,2026-02-14T03:46:34Z
SCHW,2009-11-10,14.3,14.44,14.07,14.39,17079647,17.64,17.81,17.35,17.75,13850200,2026-02-14T03:46:34Z
SCHW,2009-11-11,14.68,14.73,14.39,14.48,15053347,18.1,18.16,17.75,17.86,12207100,2026-02-14T03:46:34Z
SCHW,2009-11-12,14.62,14.69,14.52,14.61,13695544,18.03,18.11,17.9,18.01,11106000,2026-02-14T03:46:34Z
SCHW,2009-11-13,14.8,14.89,14.51,14.72,14425087,18.25,18.36,17.89,18.15,11697600,2026-02-14T03:46:34Z
SCHW,2009-11-16,15.15,15.23,14.9,14.9,14955715,18.68,18.78,18.37,18.37,12127900,2026-02-14T03:46:34Z
SCHW,2009-11-17,15.24,15.27,15.04,15.12,13701093,18.79,18.83,18.55,18.64,11110500,2026-02-14T03:46:34Z
SCHW,2009-11-18,15.19,15.24,14.97,15.16,9624150,18.73,18.8,18.46,18.7,7804400,2026-02-14T03:46:34Z
SCHW,2009-11-19,14.85,15.12,14.71,15.08,9262717,18.31,18.65,18.14,18.6,7511300,2026-02-14T03:46:34Z
