ticker,tradeDate,clsPx,hiPx,loPx,open,stockVolume,unadjClsPx,unadjHiPx,unadjLoPx,unadjOpen,unadjStockVolume,updatedAt
SLB,2006-01-03,33.58,33.59,31.97,32.12,19736092,103.36,103.38,98.4,98.85,6411900,2026-02-14T03:46:38Z
SLB,2006-01-04,34.03,34.11,33.25,33.58,19782899,104.74,105,102.35,103.36,6427100,2026-02-14T03:46:38Z
SLB,2006-01-05,33.85,34.19,33.44,34.03,22707323,104.2,105.24,102.94,104.75,7377200,2026-02-14T03:46:38Z
SLB,2006-01-06,34.92,34.92,34.02,34.11,13257436,107.48,107.49,104.7,105,4307100,2026-02-14T03:46:38Z
SLB,2006-01-09,34.44,35.05,34.26,34.86,13294670,106,107.88,105.45,107.29,4319200,2026-02-14T03:46:38Z
SLB,2006-01-10,34.81,35.5,34.46,34.68,17029902,107.16,109.28,106.08,106.75,5532700,2026-02-14T03:46:38Z
SLB,2006-01-11,34.84,35.15,34.02,34.81,15444682,107.25,108.2,104.72,107.16,5017700,2026-02-14T03:46:38Z
SLB,2006-01-12,34.25,35.25,34.13,34.96,17888964,105.41,108.5,105.06,107.6,5811800,2026-02-14T03:46:38Z
SLB,2006-01-13,34.85,35.02,34.19,34.25,12496244,107.28,107.8,105.25,105.42,4059800,2026-02-14T03:46:38Z
SLB,2006-01-17,35.25,35.66,35.25,35.48,13616327,108.5,109.75,108.5,109.2,4423700,2026-02-14T03:46:38Z
SLB,2006-01-18,35.45,35.54,34.94,35.54,16452162,109.11,109.4,107.54,109.4,5345000,2026-02-14T03:46:38Z
SLB,2006-01-19,37.32,37.48,35.12,35.12,29177667,114.87,115.35,108.1,108.1,9479300,2026-02-14T03:46:38Z
SLB,2006-01-20,39.72,39.79,38.05,38.13,51097658,122.25,122.47,117.11,117.35,16600700,2026-02-14T03:46:38Z
SLB,2006-01-23,40.94,41.22,39.36,40.04,33127438,126,126.87,121.15,123.25,10762500,2026-02-14T03:46:38Z
SLB,2006-01-24,40.15,40.7,40.03,40.7,29236817,123.59,125.26,123.2,125.26,9498500,2026-02-14T03:46:38Z
SLB,2006-01-25,39.21,40.54,38.67,40.54,28509162,120.7,124.79,119.04,124.79,9262100,2026-02-14T03:46:38Z
SLB,2006-01-26,40.4,40.44,38.38,39.07,21638331,124.34,124.49,118.13,120.25,7029900,2026-02-14T03:46:38Z
SLB,2006-01-27,41.38,41.53,40.32,40.9,25150067,127.37,127.83,124.09,125.9,8170800,2026-02-14T03:46:38Z
SLB,2006-01-30,42.45,42.8,41.41,41.41,25080200,130.65,131.75,127.47,127.47,8148100,2026-02-14T03:46:38Z
SLB,2006-01-31,41.41,42.24,41.3,42.24,23582721,127.45,130.01,127.11,130.01,7661600,2026-02-14T03:46:38Z
SLB,2006-02-01,40.03,41.94,39.92,41.59,19534789,123.21,129.08,122.86,128,6346500,2026-02-14T03:46:38Z
SLB,2006-02-02,39.67,40.56,38.99,40.04,22878764,122.12,124.84,120.01,123.25,7432900,2026-02-14T03:46:38Z
SLB,2006-02-03,39.77,40.51,38.82,39.76,19356878,122.41,124.7,119.5,122.37,6288700,2026-02-14T03:46:38Z
SLB,2006-02-06,40.52,41,39.82,40.43,18440887,124.72,126.2,122.57,124.44,5991100,2026-02-14T03:46:38Z
SLB,2006-02-07,38.17,40.2,37.96,40.2,25131302,117.5,123.75,116.85,123.75,8164700,2026-02-14T03:46:38Z
SLB,2006-02-08,38.73,38.99,37.61,38.4,27328714,119.22,120,115.76,118.2,8878600,2026-02-14T03:46:38Z
SLB,2006-02-09,37.73,39.24,37.53,38.99,21274492,116.12,120.79,115.53,120.01,6911700,2026-02-14T03:46:38Z
SLB,2006-02-10,38.76,38.99,36.96,37.79,28068361,119.3,120.01,113.75,116.31,9118900,2026-02-14T03:46:38Z
SLB,2006-02-13,38.3,39.1,37.99,38.92,19670521,117.9,120.35,116.92,119.8,6390600,2026-02-14T03:46:38Z
SLB,2006-02-14,37.32,38.11,37.31,37.49,28514351,114.87,117.3,114.85,115.4,9263800,2026-02-14T03:46:38Z
SLB,2006-02-15,36.6,37.65,36.08,37.65,29337466,112.65,115.89,111.05,115.89,9531200,2026-02-14T03:46:38Z
SLB,2006-02-16,37.05,37.9,36.96,37.04,27868884,114.03,116.67,113.76,114,9054100,2026-02-14T03:46:38Z
SLB,2006-02-17,37.19,37.68,36.62,37.24,23274906,114.48,115.99,112.72,114.61,7561600,2026-02-14T03:46:38Z
SLB,2006-02-21,38.5,38.65,37.68,37.68,21525083,118.51,118.98,115.98,115.98,6993100,2026-02-14T03:46:38Z
SLB,2006-02-22,38.02,38.34,37.72,38.34,14177759,117.02,118,116.09,118,4606100,2026-02-14T03:46:38Z
SLB,2006-02-23,37.98,38.44,36.74,36.74,15725097,116.9,118.31,113.1,113.1,5108800,2026-02-14T03:46:38Z
SLB,2006-02-24,38.46,39.01,38.34,38.58,13833666,118.39,120.08,118,118.75,4494300,2026-02-14T03:46:38Z
SLB,2006-02-27,37.56,38.46,37.5,38.4,13284108,115.38,118.14,115.17,117.95,4324900,2026-02-14T03:46:38Z
SLB,2006-02-28,37.44,37.82,37.21,37.54,17212297,115,116.16,114.3,115.3,5603800,2026-02-14T03:46:38Z
SLB,2006-03-01,38.44,38.44,37.64,37.82,14260869,118.06,118.06,115.62,116.15,4642900,2026-02-14T03:46:38Z
SLB,2006-03-02,39.53,39.66,38.61,38.91,20669344,121.42,121.83,118.58,119.5,6729300,2026-02-14T03:46:38Z
SLB,2006-03-03,39.79,40.13,39.26,39.37,12564753,122.22,123.25,120.6,120.92,4090700,2026-02-14T03:46:38Z
SLB,2006-03-06,38.2,39.64,38.11,39.64,19391262,117.34,121.76,117.05,121.75,6313200,2026-02-14T03:46:38Z
SLB,2006-03-07,37.39,38.12,37.18,38.09,22663397,114.85,117.1,114.2,117,7378500,2026-02-14T03:46:38Z
SLB,2006-03-08,37.78,38.02,36.92,37.39,21951404,116.05,116.77,113.4,114.85,7146700,2026-02-14T03:46:38Z
SLB,2006-03-09,37.36,38.19,37.24,38.03,15510973,114.75,117.3,114.39,116.81,5049900,2026-02-14T03:46:38Z
SLB,2006-03-10,38.05,38.34,37.04,37.34,15502990,116.87,117.75,113.76,114.7,5047300,2026-02-14T03:46:38Z
SLB,2006-03-13,38.11,38.35,37.7,38.24,18044697,117.07,117.81,115.8,117.45,5874800,2026-02-14T03:46:38Z
SLB,2006-03-14,39.21,39.24,37.79,38.19,15139334,120.45,120.52,116.08,117.3,4928900,2026-02-14T03:46:38Z
SLB,2006-03-15,39.24,39.38,38.61,39.07,14372063,120.54,120.97,118.59,120,4679100,2026-02-14T03:46:38Z
SLB,2006-03-16,40.31,40.53,39.07,39.2,18633197,123.8,124.5,120,120.4,6066400,2026-02-14T03:46:38Z
SLB,2006-03-17,40.13,40.63,39.86,40.05,18837778,123.25,124.8,122.42,123,6133000,2026-02-14T03:46:38Z
SLB,2006-03-20,39.27,40.81,39.12,40.05,19757376,120.62,125.35,120.17,123.02,6432400,2026-02-14T03:46:38Z
SLB,2006-03-21,39.3,40.03,38.87,39.08,18284265,120.71,122.97,119.4,120.02,5952800,2026-02-14T03:46:38Z
SLB,2006-03-22,39.1,40.07,38.75,39.3,16246913,120.1,123.07,119.03,120.71,5289500,2026-02-14T03:46:38Z
SLB,2006-03-23,40.05,40.24,39.21,39.23,16106262,123.02,123.59,120.44,120.51,5243700,2026-02-14T03:46:38Z
SLB,2006-03-24,39.78,40.21,39.48,40.1,12851967,122.18,123.52,121.25,123.16,4184200,2026-02-14T03:46:38Z
SLB,2006-03-27,40.03,40.23,39.35,39.78,13468729,122.95,123.56,120.87,122.18,4385000,2026-02-14T03:46:38Z
SLB,2006-03-28,40.56,40.94,40.31,40.44,16495116,124.58,125.75,123.8,124.2,5370300,2026-02-14T03:46:38Z
SLB,2006-03-29,41.28,41.3,40.55,40.63,16222040,126.8,126.86,124.55,124.8,5281400,2026-02-14T03:46:38Z
SLB,2006-03-30,41.75,41.78,41.15,41.35,14711478,128.23,128.34,126.4,127,4789600,2026-02-14T03:46:38Z
SLB,2006-03-31,41.21,41.49,40.68,41.43,16058028,126.57,127.44,124.95,127.25,5228000,2026-02-14T03:46:38Z
SLB,2006-04-03,41.45,42.97,41.35,41.75,20823510,127.3,131.99,127,128.25,6779500,2026-02-14T03:46:38Z
SLB,2006-04-04,42.52,42.55,41.23,41.27,17045240,130.6,130.69,126.65,126.75,5549400,2026-02-14T03:46:38Z
SLB,2006-04-05,43.3,43.3,42.1,42.65,17365894,133,133,129.31,131,5653800,2026-02-14T03:46:38Z
SLB,2006-04-06,43.17,43.59,42.61,43.37,19044481,132.6,133.89,130.88,133.2,6200300,2026-02-14T03:46:38Z
SLB,2006-04-07,42.01,43.3,41.86,43.14,19282231,129.05,133,128.57,132.5,6277700,2026-02-14T03:46:38Z
SLB,2006-04-10,42.1,42.98,41.74,42.77,13347549,64.66,66,64.1,65.69,8691100,2026-02-14T03:46:38Z
SLB,2006-04-11,40.83,42.4,40.66,42.39,15872038,62.7,65.11,62.44,65.1,10334900,2026-02-14T03:46:38Z
SLB,2006-04-12,40.18,41.02,40.08,40.99,12624827,61.71,63,61.56,62.95,8220500,2026-02-14T03:46:38Z
SLB,2006-04-13,40.4,40.49,39.33,39.75,12638492,62.05,62.19,60.4,61.05,8229400,2026-02-14T03:46:38Z
SLB,2006-04-17,40.76,41.17,40.6,40.94,10303330,62.6,63.23,62.35,62.88,6708900,2026-02-14T03:46:38Z
SLB,2006-04-18,41.99,42.1,41.09,41.15,16369793,64.48,64.66,63.11,63.2,10659000,2026-02-14T03:46:38Z
SLB,2006-04-19,44.11,44.12,41.88,41.99,18268784,67.75,67.75,64.31,64.48,11895500,2026-02-14T03:46:38Z
SLB,2006-04-20,44.32,44.77,43.16,44.47,25800652,68.07,68.76,66.29,68.3,16799800,2026-02-14T03:46:38Z
SLB,2006-04-21,44.61,45.19,43.93,45.19,17366658,68.51,69.4,67.46,69.4,11308100,2026-02-14T03:46:38Z
SLB,2006-04-24,44.71,44.82,44.08,44.7,12762409,68.67,68.84,67.7,68.65,8310100,2026-02-14T03:46:38Z
SLB,2006-04-25,44.77,45.57,43.71,45.09,16012097,68.75,69.99,67.13,69.24,10426100,2026-02-14T03:46:38Z
SLB,2006-04-26,44.65,46,44.49,44.93,17568137,68.57,70.65,68.33,69,11439300,2026-02-14T03:46:38Z
SLB,2006-04-27,44.11,45.37,43.02,44.12,15896783,67.75,69.67,66.07,67.75,10351000,2026-02-14T03:46:38Z
SLB,2006-04-28,45.02,45.58,44.55,44.59,11083053,69.14,70,68.42,68.48,7216600,2026-02-14T03:46:38Z
SLB,2006-05-01,46.33,46.65,45.16,45.35,12888196,71.15,71.64,69.35,69.65,8392000,2026-02-14T03:46:38Z
SLB,2006-05-02,47.77,47.83,46.36,46.9,12385699,73.37,73.46,71.19,72.03,8064800,2026-02-14T03:46:38Z
SLB,2006-05-03,47.31,47.66,46.67,47.66,14327984,72.65,73.2,71.67,73.2,9329500,2026-02-14T03:46:38Z
SLB,2006-05-04,46.6,47.27,45.09,46.56,15896453,71.56,72.59,69.25,71.5,10350800,2026-02-14T03:46:38Z
SLB,2006-05-05,46.53,47.16,46.12,47.01,11535655,71.46,72.42,70.83,72.2,7511300,2026-02-14T03:46:38Z
SLB,2006-05-08,46.22,46.38,45.41,46.17,9362219,70.98,71.23,69.74,70.9,6096100,2026-02-14T03:46:38Z
SLB,2006-05-09,46.74,47.09,46.1,46.3,8323731,71.78,72.32,70.8,71.1,5419900,2026-02-14T03:46:38Z
SLB,2006-05-10,47.57,47.57,46.45,46.65,11309416,73.06,73.06,71.33,71.65,7364000,2026-02-14T03:46:38Z
SLB,2006-05-11,46.56,48.67,46.39,48.18,12655068,71.51,74.75,71.25,74,8240200,2026-02-14T03:46:38Z
SLB,2006-05-12,44.83,46.44,44.73,46.22,13840368,68.85,71.32,68.7,70.98,9012000,2026-02-14T03:46:38Z
SLB,2006-05-15,43.63,44.73,43.01,43.65,16087352,67,68.69,66.05,67.03,10475100,2026-02-14T03:46:38Z
SLB,2006-05-16,43.61,44.21,42.88,44.18,13567454,66.98,67.89,65.85,67.85,8834300,2026-02-14T03:46:38Z
SLB,2006-05-17,42.93,43.86,42.34,43.14,15246511,65.93,67.36,65.02,66.25,9927600,2026-02-14T03:46:38Z
SLB,2006-05-18,41.93,43.3,41.93,43,16374098,64.4,66.5,64.4,66.03,10661800,2026-02-14T03:46:38Z
SLB,2006-05-19,42.06,42.55,40.72,41.93,21809516,64.6,65.35,62.53,64.39,14201000,2026-02-14T03:46:38Z
SLB,2006-05-22,41.33,41.81,40.05,41.1,20234697,63.48,64.21,61.5,63.12,13175600,2026-02-14T03:46:38Z
SLB,2006-05-23,41.59,43.13,41.57,41.97,17973449,63.87,66.24,63.84,64.45,11703200,2026-02-14T03:46:38Z
SLB,2006-05-24,41.16,42.19,40.27,41.09,19936600,63.21,64.79,61.85,63.1,12981500,2026-02-14T03:46:38Z
SLB,2006-05-25,42.49,42.68,41.33,41.84,14663086,65.26,65.55,63.47,64.25,9547700,2026-02-14T03:46:38Z
SLB,2006-05-26,42.5,42.66,41.95,42.16,9746314,65.27,65.52,64.42,64.75,6346200,2026-02-14T03:46:38Z
SLB,2006-05-30,41.75,43.07,41.75,43.04,12646926,64.12,66.14,64.12,66.1,8234900,2026-02-14T03:46:38Z
SLB,2006-05-31,42.7,42.7,41.38,41.75,14986999,65.57,65.57,63.55,64.11,9758600,2026-02-14T03:46:38Z
SLB,2006-06-01,42.45,42.68,41.51,42.29,12681334,65.2,65.55,63.75,64.95,8257300,2026-02-14T03:46:38Z
SLB,2006-06-02,43.09,43.33,42.32,42.88,11627492,66.18,66.54,64.99,65.85,7571100,2026-02-14T03:46:38Z
SLB,2006-06-05,41.28,43.55,41.26,43.55,15201783,63.27,66.75,63.24,66.75,9917200,2026-02-14T03:46:38Z
SLB,2006-06-06,41.73,42.42,40.96,41.28,14727372,63.96,65.02,62.79,63.27,9607700,2026-02-14T03:46:38Z
SLB,2006-06-07,39.47,41.36,39.44,41.2,17555684,60.51,63.4,60.46,63.15,11452800,2026-02-14T03:46:38Z
SLB,2006-06-08,39.29,39.31,37.51,38.62,30160124,60.22,60.25,57.49,59.2,19675600,2026-02-14T03:46:38Z
SLB,2006-06-09,38.63,39.63,38.18,39.48,17962331,59.22,60.74,58.53,60.51,11718100,2026-02-14T03:46:38Z
SLB,2006-06-12,36.91,38.98,36.88,38.98,15079478,56.58,59.75,56.53,59.75,9837400,2026-02-14T03:46:38Z
SLB,2006-06-13,35.6,37.66,35.23,36.4,24545838,54.57,57.72,54,55.8,16013000,2026-02-14T03:46:38Z
SLB,2006-06-14,36.74,36.77,35.72,35.72,18969120,56.31,56.37,54.75,54.75,12374900,2026-02-14T03:46:38Z
SLB,2006-06-15,38.51,38.75,36.92,37.17,20519030,59.03,59.4,56.6,56.97,13386000,2026-02-14T03:46:38Z
SLB,2006-06-16,38,38.46,37.45,38.31,16059425,58.25,58.95,57.4,58.73,10476700,2026-02-14T03:46:38Z
SLB,2006-06-19,36.47,37.91,36.39,37.9,14750528,55.91,58.11,55.78,58.1,9622800,2026-02-14T03:46:38Z
SLB,2006-06-20,35.56,37.15,35.52,36.79,14978917,54.51,56.95,54.44,56.4,9771800,2026-02-14T03:46:38Z
SLB,2006-06-21,36.47,36.89,35.56,35.69,22103091,55.9,56.55,54.51,54.71,14419400,2026-02-14T03:46:38Z
SLB,2006-06-22,37.32,37.69,36.4,36.46,22178662,57.21,57.78,55.8,55.89,14468700,2026-02-14T03:46:38Z
SLB,2006-06-23,38.42,39,37.72,38.03,17412202,58.9,59.78,57.82,58.3,11359200,2026-02-14T03:46:38Z
SLB,2006-06-26,39.02,39.08,38.01,38.59,10181944,59.82,59.9,58.26,59.15,6642400,2026-02-14T03:46:38Z
SLB,2006-06-27,38.91,39.84,38.67,39.14,14172775,59.65,61.07,59.28,60,9245900,2026-02-14T03:46:38Z
SLB,2006-06-28,39.59,39.6,38.71,38.99,13129363,60.68,60.7,59.33,59.76,8565200,2026-02-14T03:46:38Z
SLB,2006-06-29,41.83,41.88,40.01,40.18,15410567,64.12,64.19,61.33,61.59,10053400,2026-02-14T03:46:38Z
SLB,2006-06-30,42.48,42.79,41.75,42.03,11834823,65.11,65.59,63.99,64.42,7720700,2026-02-14T03:46:38Z
SLB,2006-07-03,42.63,42.67,42.22,42.34,5697530,65.35,65.41,64.72,64.9,3716900,2026-02-14T03:46:38Z
SLB,2006-07-05,42.32,42.6,41.28,42.6,11473994,64.87,65.3,63.27,65.3,7485300,2026-02-14T03:46:38Z
SLB,2006-07-06,41.75,43.05,41.56,42.33,11101823,64,65.99,63.7,64.88,7242500,2026-02-14T03:46:38Z
SLB,2006-07-07,40.94,42.59,40.79,42.08,10327400,62.75,65.29,62.53,64.5,6737300,2026-02-14T03:46:38Z
SLB,2006-07-10,41.43,42.17,41,41.36,9331053,63.5,64.64,62.85,63.4,6087300,2026-02-14T03:46:38Z
SLB,2006-07-11,43.59,43.67,41.62,41.62,13508886,66.82,66.94,63.79,63.79,8812800,2026-02-14T03:46:38Z
SLB,2006-07-12,43.73,44.2,43.22,43.59,14964508,67.04,67.75,66.25,66.82,9762400,2026-02-14T03:46:38Z
SLB,2006-07-13,43.21,44.17,43.19,43.81,14014581,66.23,67.7,66.2,67.15,9142700,2026-02-14T03:46:38Z
SLB,2006-07-14,44.41,44.44,42.59,43.74,13579235,68.07,68.12,65.28,67.05,8858700,2026-02-14T03:46:38Z
SLB,2006-07-17,41.61,44,41.41,43.71,18413151,63.78,67.44,63.47,67,12012200,2026-02-14T03:46:38Z
SLB,2006-07-18,40.87,42.5,40.17,42.07,20619425,62.65,65.15,61.57,64.49,13451500,2026-02-14T03:46:38Z
SLB,2006-07-19,41.91,42.18,40.73,41.03,14388903,64.24,64.66,62.43,62.9,9386900,2026-02-14T03:46:38Z
SLB,2006-07-20,40.23,42.33,40.02,42.24,16117666,61.66,64.88,61.35,64.75,10514700,2026-02-14T03:46:38Z
SLB,2006-07-21,40.09,41.26,39.22,41.2,30491390,61.45,63.25,60.12,63.16,19891700,2026-02-14T03:46:38Z
SLB,2006-07-24,42.06,42.07,40.08,40.28,17526708,64.47,64.48,61.44,61.75,11433900,2026-02-14T03:46:38Z
SLB,2006-07-25,42.93,43.05,41.9,42.4,14126482,65.81,65.99,64.23,64.99,9215700,2026-02-14T03:46:38Z
SLB,2006-07-26,43.57,43.78,41.97,42.7,15820611,66.78,67.11,64.33,65.45,10320900,2026-02-14T03:46:38Z
SLB,2006-07-27,43.51,44.62,42.78,44.02,14045396,66.7,68.4,65.57,67.48,9162800,2026-02-14T03:46:38Z
SLB,2006-07-28,42.57,43.71,41.95,43.52,11838817,65.25,67,64.3,66.71,7723300,2026-02-14T03:46:38Z
SLB,2006-07-31,43.61,44.13,42.68,42.68,11813523,66.85,67.65,65.42,65.42,7706800,2026-02-14T03:46:38Z
SLB,2006-08-01,43.59,44.22,42.73,43.55,9153233,66.82,67.78,65.5,66.75,5971300,2026-02-14T03:46:38Z
SLB,2006-08-02,43.9,44.72,43.1,44,15502697,67.29,68.55,66.06,67.44,10113500,2026-02-14T03:46:38Z
SLB,2006-08-03,43.86,44.22,43,43.38,10750173,67.23,67.79,65.92,66.49,7013100,2026-02-14T03:46:38Z
SLB,2006-08-04,42.5,44.33,42.31,43.99,12182045,65.15,67.95,64.86,67.43,7947200,2026-02-14T03:46:38Z
SLB,2006-08-07,43.21,43.55,42.05,42.93,12677771,66.24,66.75,64.45,65.8,8270600,2026-02-14T03:46:38Z
SLB,2006-08-08,42.45,43.74,42.25,43.22,9090989,65.07,67.05,64.77,66.25,5930700,2026-02-14T03:46:38Z
SLB,2006-08-09,42.16,43.06,41.98,42.8,12272474,64.63,66,64.35,65.6,8006200,2026-02-14T03:46:38Z
SLB,2006-08-10,41.96,42.25,41.33,42.11,10053942,64.32,64.76,63.35,64.55,6558900,2026-02-14T03:46:38Z
SLB,2006-08-11,41.73,42.4,41.32,41.88,8122381,63.96,64.99,63.34,64.2,5298800,2026-02-14T03:46:38Z
SLB,2006-08-14,40.89,41.73,40.58,41.43,8670989,62.68,63.97,62.21,63.5,5656700,2026-02-14T03:46:38Z
SLB,2006-08-15,41.46,41.61,40.72,41.11,8329616,63.56,63.78,62.42,63.01,5434000,2026-02-14T03:46:38Z
SLB,2006-08-16,41.38,42.38,40.96,41.43,11031296,63.43,64.96,62.78,63.5,7196500,2026-02-14T03:46:38Z
SLB,2006-08-17,40.65,41.3,40.24,40.81,9782939,62.31,63.31,61.68,62.55,6382100,2026-02-14T03:46:38Z
SLB,2006-08-18,41.75,41.77,40.45,40.71,10820694,64,64.03,62,62.4,7059100,2026-02-14T03:46:38Z
SLB,2006-08-21,42.44,42.47,42.02,42.08,7790665,65.05,65.1,64.41,64.5,5082400,2026-02-14T03:46:38Z
SLB,2006-08-22,42.88,42.95,42.47,42.73,9354810,65.73,65.84,65.1,65.5,6102800,2026-02-14T03:46:38Z
SLB,2006-08-23,41.94,42.83,41.75,42.6,8550663,64.29,65.65,63.99,65.3,5578200,2026-02-14T03:46:38Z
SLB,2006-08-24,41.65,42.04,41.3,41.92,8258028,63.85,64.44,63.3,64.25,5387300,2026-02-14T03:46:38Z
SLB,2006-08-25,42.05,42.67,41.86,41.99,6387930,64.45,65.4,64.17,64.37,4167300,2026-02-14T03:46:38Z
SLB,2006-08-28,40.9,41.84,40.84,41.83,6677652,62.7,64.13,62.6,64.12,4356300,2026-02-14T03:46:38Z
SLB,2006-08-29,41.38,41.4,40.47,40.58,9118582,63.43,63.46,62.03,62.21,5948700,2026-02-14T03:46:38Z
SLB,2006-08-30,40.49,41.39,40.32,41.38,11185678,62.07,63.45,61.8,63.43,7297200,2026-02-14T03:46:38Z
SLB,2006-08-31,39.99,40.95,39.95,40.12,10513507,61.3,62.77,61.23,61.5,6858700,2026-02-14T03:46:38Z
SLB,2006-09-01,40.42,40.53,39.78,40.33,9272558,61.84,62,60.86,61.7,6061500,2026-02-14T03:46:38Z
SLB,2006-09-05,40.73,41.03,40.01,40.01,12622091,62.3,62.77,61.2,61.2,8251100,2026-02-14T03:46:38Z
SLB,2006-09-06,38.51,40.52,38.44,40.28,13982935,58.91,61.99,58.8,61.62,9140700,2026-02-14T03:46:38Z
SLB,2006-09-07,38.24,38.65,37.8,38.46,17327101,58.5,59.13,57.82,58.84,11326800,2026-02-14T03:46:38Z
SLB,2006-09-08,37.88,39.56,37.82,39.09,16820937,57.95,60.51,57.85,59.8,10995900,2026-02-14T03:46:38Z
SLB,2006-09-11,36.15,37.5,35.95,37.46,24148105,55.3,57.37,55,57.3,15785700,2026-02-14T03:46:38Z
SLB,2006-09-12,35.78,36.66,35.45,36.05,21119204,54.73,56.08,54.23,55.14,13805700,2026-02-14T03:46:38Z
SLB,2006-09-13,36.96,37.42,36.24,36.41,17529658,56.54,57.25,55.43,55.7,11459200,2026-02-14T03:46:38Z
SLB,2006-09-14,36.02,37.42,35.9,37.07,17991929,55.1,57.25,54.92,56.71,11761400,2026-02-14T03:46:38Z
SLB,2006-09-15,36.79,37.02,35.78,36.05,18844033,56.28,56.63,54.73,55.15,12318400,2026-02-14T03:46:38Z
SLB,2006-09-18,38.46,38.49,37.24,37.56,19786499,58.84,58.88,56.97,57.45,12934500,2026-02-14T03:46:38Z
SLB,2006-09-19,37.77,38.83,37.23,38.63,16487744,57.78,59.4,56.95,59.1,10778100,2026-02-14T03:46:38Z
SLB,2006-09-20,36.67,38.28,36.65,37.59,19351909,56.09,58.56,56.07,57.5,12650400,2026-02-14T03:46:38Z
SLB,2006-09-21,37.59,37.98,36.93,36.93,17836808,57.5,58.1,56.49,56.49,11660000,2026-02-14T03:46:38Z
SLB,2006-09-22,37.33,37.9,36.98,37.77,17079901,57.1,57.98,56.57,57.78,11165200,2026-02-14T03:46:38Z
SLB,2006-09-25,37.29,37.86,36.41,37.33,24233888,57.04,57.92,55.69,57.1,15841800,2026-02-14T03:46:38Z
SLB,2006-09-26,38.01,38.32,37.23,37.29,19882539,58.15,58.62,56.95,57.05,12997300,2026-02-14T03:46:38Z
SLB,2006-09-27,39.58,39.7,38.48,38.73,22770231,60.55,60.73,58.86,59.25,14885000,2026-02-14T03:46:38Z
SLB,2006-09-28,39.71,40.62,39.44,39.81,22323396,60.74,62.13,60.33,60.9,14592900,2026-02-14T03:46:38Z
SLB,2006-09-29,40.55,40.55,39.35,39.6,14045368,62.03,62.03,60.2,60.57,9181500,2026-02-14T03:46:38Z
SLB,2006-10-02,39.82,40.7,39.75,40.55,13794320,60.91,62.26,60.81,62.03,9017400,2026-02-14T03:46:38Z
SLB,2006-10-03,38.14,39.24,37.81,39.24,23733977,58.34,60.03,57.84,60.03,15515000,2026-02-14T03:46:38Z
SLB,2006-10-04,38.63,38.7,37.16,38.38,24447306,59.1,59.2,56.85,58.71,15981300,2026-02-14T03:46:38Z
SLB,2006-10-05,39.16,39.69,38.42,39.12,21938409,59.9,60.71,58.78,59.85,14341200,2026-02-14T03:46:38Z
SLB,2006-10-06,38.96,39.23,38.18,39.06,13467277,59.6,60.01,58.4,59.75,8803600,2026-02-14T03:46:38Z
SLB,2006-10-09,38.16,39.68,38.1,39.29,13947291,58.37,60.7,58.28,60.1,9117400,2026-02-14T03:46:38Z
SLB,2006-10-10,38.73,39.31,38.03,38.03,16904467,59.25,60.14,58.17,58.18,11050500,2026-02-14T03:46:38Z
SLB,2006-10-11,37.56,38.77,37.48,38.73,18086336,57.46,59.31,57.34,59.25,11823100,2026-02-14T03:46:38Z
SLB,2006-10-12,37.8,38.14,37.41,37.84,16191275,57.83,58.35,57.23,57.88,10584300,2026-02-14T03:46:38Z
SLB,2006-10-13,38.43,38.97,38.14,38.23,18684479,58.79,59.61,58.34,58.48,12214100,2026-02-14T03:46:38Z
SLB,2006-10-16,39.67,39.74,38.21,38.57,17858262,60.68,60.79,58.45,59,11674000,2026-02-14T03:46:38Z
SLB,2006-10-17,40.02,40.02,38.57,38.88,16525240,61.22,61.22,59,59.47,10802600,2026-02-14T03:46:38Z
SLB,2006-10-18,39.33,40.28,38.97,39.74,15888243,60.16,61.62,59.61,60.8,10386200,2026-02-14T03:46:38Z
SLB,2006-10-19,40.99,40.99,39.18,39.39,20367341,62.7,62.7,59.94,60.26,13314200,2026-02-14T03:46:38Z
SLB,2006-10-20,39.29,41.39,39.24,41.39,23273229,60.1,63.31,60.03,63.31,15213800,2026-02-14T03:46:38Z
SLB,2006-10-23,39.76,40.24,38.9,39.22,16163590,60.83,61.56,59.51,60,10566200,2026-02-14T03:46:38Z
SLB,2006-10-24,40.76,40.84,39.6,39.77,18619761,62.35,62.47,60.57,60.84,12171800,2026-02-14T03:46:38Z
SLB,2006-10-25,41.77,42.28,40.4,40.76,22089687,63.89,64.68,61.8,62.35,14440100,2026-02-14T03:46:38Z
SLB,2006-10-26,41.91,42.24,41.67,41.9,16838685,64.11,64.62,63.74,64.09,11007500,2026-02-14T03:46:38Z
SLB,2006-10-27,41.06,42.05,40.79,41.51,13456718,62.81,64.32,62.4,63.5,8796700,2026-02-14T03:46:38Z
SLB,2006-10-30,40.27,40.97,40.2,40.53,10655282,61.61,62.68,61.5,62,6965400,2026-02-14T03:46:38Z
SLB,2006-10-31,41.24,41.28,40.09,40.28,14090186,63.08,63.15,61.33,61.62,9210800,2026-02-14T03:46:38Z
SLB,2006-11-01,40.9,41.5,40.29,41.19,13782098,62.57,63.48,61.64,63.01,9009400,2026-02-14T03:46:38Z
SLB,2006-11-02,40.5,40.88,40.03,40.77,14429949,61.95,62.53,61.23,62.37,9432900,2026-02-14T03:46:38Z
SLB,2006-11-03,41.51,41.72,40.03,40.66,11621927,63.5,63.82,61.24,62.2,7597300,2026-02-14T03:46:38Z
SLB,2006-11-06,42.07,42.11,41.07,41.18,14388793,64.35,64.41,62.82,63,9406000,2026-02-14T03:46:38Z
SLB,2006-11-07,41.84,42.16,41.35,42.03,11846797,64.01,64.5,63.25,64.3,7744300,2026-02-14T03:46:38Z
SLB,2006-11-08,42.67,42.69,41.5,41.74,14617929,65.28,65.3,63.49,63.85,9555800,2026-02-14T03:46:38Z
SLB,2006-11-09,42.47,43.3,42.27,42.9,18145695,64.97,66.24,64.66,65.62,11861900,2026-02-14T03:46:38Z
SLB,2006-11-10,41.38,42.31,41.11,42.31,11485644,63.3,64.73,62.88,64.72,7508200,2026-02-14T03:46:38Z
SLB,2006-11-13,41.31,41.71,41.03,41.38,10215172,63.2,63.8,62.76,63.3,6677700,2026-02-14T03:46:38Z
SLB,2006-11-14,42.02,42.06,41.26,41.71,10910440,64.28,64.34,63.12,63.8,7132200,2026-02-14T03:46:38Z
SLB,2006-11-15,42.78,43.14,41.81,42.02,13480420,65.45,66,63.96,64.28,8812200,2026-02-14T03:46:38Z
SLB,2006-11-16,40.95,43.22,40.94,42.82,16404389,62.65,66.12,62.62,65.51,10723600,2026-02-14T03:46:38Z
SLB,2006-11-17,41.39,41.85,40.35,40.56,15330498,63.32,64.02,61.73,62.05,10021600,2026-02-14T03:46:38Z
SLB,2006-11-20,41.35,41.62,40.63,41.12,10106862,63.25,63.67,62.16,62.9,6606900,2026-02-14T03:46:38Z
SLB,2006-11-21,42.89,42.99,41.45,41.45,13211643,65.61,65.77,63.41,63.41,8636500,2026-02-14T03:46:38Z
SLB,2006-11-22,42.61,42.96,41.88,42.64,10373509,65.18,65.71,64.07,65.22,6781200,2026-02-14T03:46:38Z
SLB,2006-11-24,42.73,43.09,42.56,42.71,3432286,65.36,65.91,65.1,65.33,2243700,2026-02-14T03:46:38Z
SLB,2006-11-27,42.25,43.16,42.1,42.83,9650083,64.63,66.03,64.4,65.52,6308300,2026-02-14T03:46:38Z
SLB,2006-11-28,42.93,43.28,42.43,42.43,10986634,65.67,66.21,64.9,64.9,7182000,2026-02-14T03:46:38Z
SLB,2006-11-29,44.47,44.59,42.88,43.08,18839712,68.03,68.21,65.6,65.9,12315600,2026-02-14T03:46:38Z
SLB,2006-11-30,44.77,45.3,43.99,44.45,19110201,68.48,69.3,67.29,68,12492400,2026-02-14T03:46:38Z
SLB,2006-12-01,44.67,45.22,44.28,44.54,16379749,68.34,69.18,67.73,68.14,10707500,2026-02-14T03:46:38Z
SLB,2006-12-04,45.14,45.19,44.18,44.53,14032647,68.92,69,67.46,68,9190000,2026-02-14T03:46:38Z
SLB,2006-12-05,44.08,45.19,43.96,44.96,14859949,67.31,69,67.12,68.65,9731800,2026-02-14T03:46:38Z
SLB,2006-12-06,43.95,44.44,43.77,43.97,12683139,67.11,67.86,66.83,67.14,8306200,2026-02-14T03:46:38Z
SLB,2006-12-07,43.7,44.34,43.51,43.95,10892778,66.73,67.7,66.43,67.11,7133700,2026-02-14T03:46:38Z
SLB,2006-12-08,43.56,44.45,43.32,44.11,8242928,66.52,67.87,66.14,67.35,5398300,2026-02-14T03:46:38Z
SLB,2006-12-11,43.16,43.92,43.06,43.48,8606639,65.9,67.06,65.75,66.39,5636500,2026-02-14T03:46:38Z
SLB,2006-12-12,43.24,43.78,42.96,43.78,10781327,66.03,66.85,65.59,66.85,7060700,2026-02-14T03:46:38Z
SLB,2006-12-13,44.12,44.37,43.34,43.55,13027612,67.37,67.75,66.17,66.5,8531800,2026-02-14T03:46:38Z
SLB,2006-12-14,45,45.23,44.17,44.46,14958443,68.72,69.06,67.44,67.88,9796300,2026-02-14T03:46:38Z
SLB,2006-12-15,44.24,45.22,44.17,44.59,11623426,67.55,69.05,67.45,68.08,7612200,2026-02-14T03:46:38Z
SLB,2006-12-18,42.61,44.06,42.5,43.86,13433483,65.07,67.28,64.9,66.97,8797600,2026-02-14T03:46:38Z
SLB,2006-12-19,43.07,43.26,41.84,42.52,13979650,65.77,66.06,63.89,64.93,9155300,2026-02-14T03:46:38Z
SLB,2006-12-20,42.47,43.34,42.46,43.07,10428886,64.85,66.17,64.84,65.77,6829900,2026-02-14T03:46:38Z
SLB,2006-12-21,41.83,42.66,41.48,42.48,13150360,63.87,65.14,63.33,64.86,8612200,2026-02-14T03:46:38Z
SLB,2006-12-22,41.19,42,41.13,41.99,8997679,62.89,64.13,62.81,64.12,5892600,2026-02-14T03:46:38Z
SLB,2006-12-26,40.81,41.74,40.39,41.74,6986854,62.31,63.73,61.68,63.73,4575700,2026-02-14T03:46:38Z
SLB,2006-12-27,41.84,41.92,40.84,40.89,11160139,63.89,64.01,62.36,62.44,7308800,2026-02-14T03:46:38Z
SLB,2006-12-28,41.67,42.08,41.34,42.06,6561748,63.63,64.25,63.13,64.23,4297300,2026-02-14T03:46:38Z
SLB,2006-12-29,41.36,41.61,40.94,41.32,8742072,63.16,63.53,62.51,63.1,5725200,2026-02-14T03:46:38Z
SLB,2007-01-03,39.83,41.27,39.33,41.27,20574549,60.82,63.02,60.06,63.01,13474300,2026-02-14T03:46:38Z
SLB,2007-01-04,38.84,39.74,38.8,39.68,21320435,59.3,60.68,59.25,60.59,13962800,2026-02-14T03:46:38Z
SLB,2007-01-05,38.77,39.34,38.71,39.16,15766481,59.2,60.07,59.1,59.8,10325500,2026-02-14T03:46:38Z
SLB,2007-01-08,38.42,39.42,38.36,39.31,17186846,58.67,60.2,58.58,60.03,11255700,2026-02-14T03:46:38Z
SLB,2007-01-09,38.11,38.41,37.35,37.83,24846954,58.19,58.65,57.03,57.77,16272300,2026-02-14T03:46:38Z
SLB,2007-01-10,37.35,38.57,36.47,37.94,19963019,57.03,58.9,55.68,57.93,13073800,2026-02-14T03:46:38Z
SLB,2007-01-11,37.02,38.42,36.88,37.53,21696411,56.52,58.66,56.31,57.3,14209000,2026-02-14T03:46:38Z
SLB,2007-01-12,37.91,38.02,37.34,37.49,23428285,57.89,58.05,57.01,57.24,15343200,2026-02-14T03:46:38Z
SLB,2007-01-16,37.85,38.12,37.43,37.59,19421065,57.79,58.2,57.15,57.4,12718900,2026-02-14T03:46:38Z
SLB,2007-01-17,38.3,38.58,37.98,37.98,22664348,58.48,58.91,58,58,14842900,2026-02-14T03:46:38Z
SLB,2007-01-18,37.92,38.89,37.6,38.57,20694561,57.9,59.38,57.41,58.9,13552900,2026-02-14T03:46:38Z
SLB,2007-01-19,39.95,40.02,38.53,38.93,28505960,61,61.11,58.84,59.45,18668600,2026-02-14T03:46:38Z
SLB,2007-01-22,39.95,41.19,39.75,40.34,24189432,61,62.89,60.69,61.6,15841700,2026-02-14T03:46:38Z
SLB,2007-01-23,41.66,41.86,40.91,40.96,20698855,63.62,63.92,62.46,62.55,13555700,2026-02-14T03:46:38Z
SLB,2007-01-24,41.92,42.16,40.79,41.59,16646033,64.01,64.37,62.28,63.5,10901500,2026-02-14T03:46:38Z
SLB,2007-01-25,41.01,41.85,40.91,41.78,12874617,62.62,63.9,62.47,63.8,8431600,2026-02-14T03:46:38Z
SLB,2007-01-26,41.03,41.58,40.77,41.23,11335898,62.65,63.49,62.26,62.95,7423900,2026-02-14T03:46:38Z
SLB,2007-01-29,40.62,41.4,40.47,41.06,11131137,62.02,63.22,61.8,62.7,7289800,2026-02-14T03:46:38Z
SLB,2007-01-30,41.56,41.72,40.72,40.87,14419131,63.46,63.7,62.18,62.41,9443100,2026-02-14T03:46:38Z
SLB,2007-01-31,41.58,41.76,41.04,41.33,19511023,63.49,63.77,62.67,63.11,12777800,2026-02-14T03:46:38Z
SLB,2007-02-01,42.17,42.24,41.41,41.65,17582646,64.39,64.5,63.23,63.6,11514900,2026-02-14T03:46:38Z
SLB,2007-02-02,42.65,42.96,41.88,42.35,13514699,65.12,65.6,63.95,64.67,8850800,2026-02-14T03:46:38Z
SLB,2007-02-05,42.65,43.03,42.41,42.9,9271315,65.12,65.71,64.76,65.5,6071800,2026-02-14T03:46:38Z
SLB,2007-02-06,42.48,43.08,42.12,43.06,14267476,64.87,65.78,64.31,65.75,9343800,2026-02-14T03:46:38Z
SLB,2007-02-07,42.21,43.09,41.85,42.6,10068536,64.45,65.79,63.9,65.05,6593900,2026-02-14T03:46:38Z
SLB,2007-02-08,42.54,42.71,41.78,42.48,10612142,64.95,65.22,63.79,64.86,6949900,2026-02-14T03:46:38Z
SLB,2007-02-09,42.21,42.79,42.06,42.5,11788503,64.46,65.33,64.22,64.9,7720300,2026-02-14T03:46:38Z
SLB,2007-02-12,41.65,41.83,41.4,41.83,13903782,63.6,63.87,63.21,63.87,9105600,2026-02-14T03:46:38Z
SLB,2007-02-13,42.31,42.35,41.82,41.82,10141228,64.6,64.67,63.86,63.86,6641500,2026-02-14T03:46:38Z
SLB,2007-02-14,42.35,42.79,42.01,42.36,10970207,64.66,65.33,64.15,64.68,7184400,2026-02-14T03:46:38Z
SLB,2007-02-15,41.78,42.2,41.62,42.12,13878412,63.79,64.44,63.55,64.31,9089000,2026-02-14T03:46:38Z
SLB,2007-02-16,41.59,41.99,41.45,41.89,11193949,63.33,63.94,63.12,63.79,7351100,2026-02-14T03:46:38Z
SLB,2007-02-20,40.94,41.15,40.58,41.14,14010736,62.34,62.66,61.8,62.65,9200900,2026-02-14T03:46:38Z
SLB,2007-02-21,41.73,41.75,40.81,40.82,12485393,63.55,63.57,62.15,62.16,8199200,2026-02-14T03:46:38Z
SLB,2007-02-22,42.67,42.8,41.41,41.62,15639031,64.97,65.18,63.05,63.37,10270200,2026-02-14T03:46:38Z
SLB,2007-02-23,42.41,43.18,42.41,42.89,11476111,64.58,65.75,64.58,65.31,7536400,2026-02-14T03:46:38Z
SLB,2007-02-26,42.82,43.15,42.36,42.68,10799715,65.2,65.7,64.5,64.99,7092200,2026-02-14T03:46:38Z
SLB,2007-02-27,41.24,42.33,40.67,42.12,19179421,62.8,64.45,61.93,64.14,12595200,2026-02-14T03:46:38Z
SLB,2007-02-28,41.24,41.67,40.92,41.24,16998834,62.8,63.46,62.31,62.8,11163200,2026-02-14T03:46:38Z
SLB,2007-03-01,41.65,42.03,40.59,40.72,16835007,63.42,64,61.81,62,11055600,2026-02-14T03:46:38Z
SLB,2007-03-02,40.88,41.77,40.7,41.5,14057482,62.25,63.6,61.97,63.19,9231600,2026-02-14T03:46:38Z
SLB,2007-03-05,40.5,41.08,40.06,40.45,15809571,61.67,62.55,61,61.59,10382200,2026-02-14T03:46:38Z
SLB,2007-03-06,41.56,41.73,40.92,40.98,12270225,63.28,63.54,62.31,62.4,8057900,2026-02-14T03:46:38Z
SLB,2007-03-07,42.73,43.34,41.39,41.48,16969769,65.06,66,63.02,63.16,11144100,2026-02-14T03:46:38Z
SLB,2007-03-08,43.13,43.34,42.63,43.01,12506248,65.68,66,64.92,65.5,8212900,2026-02-14T03:46:38Z
SLB,2007-03-09,42.75,43.26,42.46,43.21,13082158,65.1,65.87,64.65,65.8,8591100,2026-02-14T03:46:38Z
SLB,2007-03-12,42.69,42.88,42.16,42.56,8384154,65,65.3,64.2,64.81,5505900,2026-02-14T03:46:38Z
SLB,2007-03-13,42.1,43.17,41.85,42.69,13043500,64.11,65.73,63.72,65.01,8565700,2026-02-14T03:46:38Z
SLB,2007-03-14,42.64,42.82,41.78,42.2,18438940,64.93,65.2,63.62,64.26,12108900,2026-02-14T03:46:38Z
SLB,2007-03-15,42.29,42.78,42.04,42.64,11841267,64.4,65.15,64.02,64.93,7776200,2026-02-14T03:46:38Z
SLB,2007-03-16,42.34,42.72,42.07,42.3,14426616,64.48,65.05,64.06,64.41,9474000,2026-02-14T03:46:38Z
SLB,2007-03-19,43.5,43.7,42.8,42.8,12305868,66.24,66.55,65.17,65.17,8081300,2026-02-14T03:46:38Z
SLB,2007-03-20,43.21,43.8,42.54,43.44,18813052,65.8,66.7,64.78,66.15,12354600,2026-02-14T03:46:38Z
SLB,2007-03-21,44.6,44.98,43.28,43.41,16220105,67.92,68.5,65.9,66.1,10651800,2026-02-14T03:46:38Z
SLB,2007-03-22,45.31,45.78,44.66,44.7,19798617,68.99,69.71,68,68.06,13001800,2026-02-14T03:46:38Z
SLB,2007-03-23,45.38,45.77,44.83,45.54,10544791,69.1,69.69,68.27,69.35,6924800,2026-02-14T03:46:38Z
SLB,2007-03-26,45.69,45.74,45.06,45.48,15288036,69.58,69.65,68.61,69.25,10039700,2026-02-14T03:46:38Z
SLB,2007-03-27,45.88,46.04,44.98,45.26,13162410,69.86,70.1,68.49,68.92,8643800,2026-02-14T03:46:38Z
SLB,2007-03-28,45.52,46.3,45.52,46.13,16647843,69.32,70.5,69.32,70.25,10932700,2026-02-14T03:46:38Z
SLB,2007-03-29,46.41,46.74,45.47,45.64,12096184,70.67,71.17,69.24,69.5,7943600,2026-02-14T03:46:38Z
SLB,2007-03-30,45.38,46.15,45.31,45.92,12351391,69.1,70.27,69,69.92,8111200,2026-02-14T03:46:38Z
SLB,2007-04-02,46.51,46.57,44.82,45.38,16090836,70.82,70.91,68.25,69.1,10566900,2026-02-14T03:46:38Z
SLB,2007-04-03,46.59,46.76,46.02,46.34,9481602,70.95,71.2,70.07,70.56,6226600,2026-02-14T03:46:38Z
SLB,2007-04-04,46.88,46.97,45.98,46.13,9901133,71.39,71.53,70.01,70.24,6502100,2026-02-14T03:46:38Z
SLB,2007-04-05,47.18,47.53,46.63,46.77,10744744,71.84,72.37,71,71.22,7056100,2026-02-14T03:46:38Z
SLB,2007-04-09,47,47.7,46.92,47.28,9577243,71.57,72.64,71.44,72,6289400,2026-02-14T03:46:38Z
SLB,2007-04-10,48.02,48.06,47.01,47.05,12617572,73.13,73.19,71.59,71.64,8286000,2026-02-14T03:46:38Z
SLB,2007-04-11,47.93,48.58,47.63,47.68,14727037,72.99,73.98,72.53,72.6,9671300,2026-02-14T03:46:38Z
SLB,2007-04-12,49.46,49.5,47.53,47.97,14272510,75.31,75.37,72.37,73.05,9372800,2026-02-14T03:46:38Z
SLB,2007-04-13,49.91,50.08,49.1,49.38,12907363,76,76.26,74.77,75.2,8476300,2026-02-14T03:46:38Z
SLB,2007-04-16,50.94,51.22,49.46,50.07,20665639,77.57,78,75.32,76.25,13571200,2026-02-14T03:46:38Z
SLB,2007-04-17,50.89,51.39,50.72,51,18571554,77.5,78.25,77.24,77.66,12196000,2026-02-14T03:46:38Z
SLB,2007-04-18,49.19,50.37,48.82,50.32,24005232,74.91,76.7,74.34,76.62,15764300,2026-02-14T03:46:38Z
SLB,2007-04-19,48.81,48.96,48.23,48.92,18365368,74.32,74.55,73.44,74.5,12060600,2026-02-14T03:46:38Z
SLB,2007-04-20,49.4,50.72,48.62,49.69,24804043,75.23,77.24,74.03,75.66,16288900,2026-02-14T03:46:38Z
SLB,2007-04-23,48.96,50.24,48.81,49.49,16201087,74.55,76.5,74.32,75.36,10639300,2026-02-14T03:46:38Z
SLB,2007-04-24,49.12,49.24,48.27,48.63,12886186,74.8,74.98,73.5,74.05,8462400,2026-02-14T03:46:38Z
SLB,2007-04-25,49.82,50.33,49.07,49.27,14946926,75.87,76.64,74.72,75.02,9815700,2026-02-14T03:46:38Z
SLB,2007-04-26,49.61,49.92,49.17,49.79,10421747,75.54,76.02,74.88,75.82,6844000,2026-02-14T03:46:38Z
SLB,2007-04-27,49.67,50.45,49.05,49.56,10607080,75.64,76.82,74.69,75.47,6965700,2026-02-14T03:46:38Z
SLB,2007-04-30,48.48,49.98,48.35,49.91,15224228,73.83,76.1,73.62,76,9997800,2026-02-14T03:46:38Z
SLB,2007-05-01,48.48,48.96,47.49,48.52,14337525,73.83,74.55,72.31,73.89,9415500,2026-02-14T03:46:38Z
SLB,2007-05-02,48.57,49.17,48.08,48.69,14392337,73.96,74.87,73.22,74.15,9451500,2026-02-14T03:46:38Z
SLB,2007-05-03,49.1,49.31,48.39,48.52,12308907,74.77,75.09,73.69,73.89,8083300,2026-02-14T03:46:38Z
SLB,2007-05-04,49,49.91,48.71,49.15,13626253,74.61,76,74.17,74.85,8948400,2026-02-14T03:46:38Z
SLB,2007-05-07,49.25,49.38,48.67,48.79,9778398,75,75.2,74.11,74.3,6421500,2026-02-14T03:46:38Z
SLB,2007-05-08,49.01,49.23,48.3,49.15,10401362,74.63,74.97,73.55,74.84,6830600,2026-02-14T03:46:38Z
SLB,2007-05-09,48.83,49.12,47.99,48.75,12311189,74.35,74.8,73.07,74.24,8084800,2026-02-14T03:46:38Z
SLB,2007-05-10,47.89,49.18,47.82,48.87,8567187,72.92,74.89,72.81,74.41,5626100,2026-02-14T03:46:38Z
SLB,2007-05-11,48.85,48.97,47.7,48.08,10585447,74.38,74.57,72.64,73.22,6951500,2026-02-14T03:46:38Z
SLB,2007-05-14,49.08,49.55,48.83,48.83,8838390,74.74,75.45,74.35,74.35,5804200,2026-02-14T03:46:38Z
SLB,2007-05-15,49.59,50.48,48.77,48.92,12656697,75.51,76.87,74.26,74.5,8311700,2026-02-14T03:46:38Z
SLB,2007-05-16,50.24,50.28,49.1,49.59,11536564,76.5,76.56,74.76,75.52,7576100,2026-02-14T03:46:38Z
SLB,2007-05-17,51.69,52,50.04,50.07,16840487,78.71,79.18,76.2,76.25,11059200,2026-02-14T03:46:38Z
SLB,2007-05-18,52.14,52.31,51.55,51.87,14728276,79.4,79.65,78.49,78.98,9672100,2026-02-14T03:46:38Z
SLB,2007-05-21,52.63,53.19,51.91,52.39,15223923,80.14,81,79.05,79.77,9997600,2026-02-14T03:46:38Z
SLB,2007-05-22,51.95,53.02,51.69,52.63,11335103,79.11,80.73,78.71,80.14,7443800,2026-02-14T03:46:38Z
SLB,2007-05-23,52.93,53.74,51.95,52.08,13825264,80.6,81.83,79.11,79.3,9079100,2026-02-14T03:46:38Z
SLB,2007-05-24,51.78,53.33,51.41,52.81,13111567,78.85,81.21,78.28,80.42,8610400,2026-02-14T03:46:38Z
SLB,2007-05-25,52.04,52.47,51.43,52.23,8492278,79.24,79.9,78.32,79.54,5576900,2026-02-14T03:46:38Z
SLB,2007-05-29,51.14,51.99,50.84,51.79,11079444,77.88,79.17,77.42,78.86,7275900,2026-02-14T03:46:38Z
SLB,2007-05-30,52.48,52.48,50.89,50.89,10680787,79.91,79.91,77.49,77.49,7014100,2026-02-14T03:46:38Z
SLB,2007-05-31,51.14,52.73,51.05,52.21,17158428,77.87,80.29,77.74,79.5,11268000,2026-02-14T03:46:38Z
SLB,2007-06-01,51.35,52.08,51.03,52.04,12517381,78.19,79.31,77.71,79.24,8220200,2026-02-14T03:46:38Z
SLB,2007-06-04,52.69,52.92,51.02,51.09,10886746,80.06,80.4,77.51,77.62,7165400,2026-02-14T03:46:38Z
SLB,2007-06-05,52.13,52.8,51.75,52.36,11234541,79.2,80.22,78.63,79.56,7394300,2026-02-14T03:46:38Z
SLB,2007-06-06,52.51,52.94,51.96,52.13,14216253,79.78,80.44,78.95,79.21,9356800,2026-02-14T03:46:38Z
SLB,2007-06-07,51.19,52.86,51.19,52.25,12428596,77.78,80.31,77.78,79.38,8180200,2026-02-14T03:46:38Z
SLB,2007-06-08,51.84,52,50.98,51.1,13292933,78.76,79,77.45,77.64,8749100,2026-02-14T03:46:38Z
SLB,2007-06-11,52.77,53.39,51.51,51.51,10888111,80.18,81.12,78.26,78.26,7166300,2026-02-14T03:46:38Z
SLB,2007-06-12,51.82,53.32,51.77,52.47,11249418,78.74,81.01,78.65,79.72,7404100,2026-02-14T03:46:38Z
SLB,2007-06-13,53.94,54.1,51.92,52.3,13313005,81.96,82.19,78.88,79.46,8762300,2026-02-14T03:46:38Z
SLB,2007-06-14,55.44,55.59,53.99,53.99,11207329,84.23,84.46,82.03,82.03,7376400,2026-02-14T03:46:38Z
SLB,2007-06-15,55.68,56.18,55.6,55.91,14605057,84.6,85.35,84.48,84.94,9612700,2026-02-14T03:46:38Z
SLB,2007-06-18,56.24,56.39,55.04,55.52,11397718,85.45,85.67,83.63,84.36,7501700,2026-02-14T03:46:38Z
SLB,2007-06-19,56.45,57.04,55.85,56.24,12124557,85.77,86.67,84.85,85.45,7980100,2026-02-14T03:46:38Z
SLB,2007-06-20,55.79,56.28,54.91,55.98,17639203,84.76,85.51,83.42,85.05,11609700,2026-02-14T03:46:38Z
SLB,2007-06-21,56.45,56.72,55.54,56.22,15064200,85.76,86.17,84.39,85.41,9914900,2026-02-14T03:46:38Z
SLB,2007-06-22,58.71,58.71,56.27,56.6,84739485,89.2,89.2,85.5,86,55773500,2026-02-14T03:46:38Z
SLB,2007-06-25,57.37,58.24,57.04,58.07,29706046,87.16,88.48,86.66,88.23,19551800,2026-02-14T03:46:38Z
SLB,2007-06-26,56.79,57.62,56.52,57.31,19155973,86.29,87.55,85.87,87.08,12608000,2026-02-14T03:46:38Z
SLB,2007-06-27,57.24,57.5,55.98,56.39,20059060,86.97,87.36,85.06,85.67,13202400,2026-02-14T03:46:38Z
SLB,2007-06-28,56.31,57.81,56.1,57.54,14865617,85.55,87.83,85.23,87.42,9784200,2026-02-14T03:46:38Z
SLB,2007-06-29,55.91,57.47,55.56,56.58,17938961,84.94,87.31,84.41,85.97,11807000,2026-02-14T03:46:38Z
SLB,2007-07-02,57.09,57.09,55.56,56.22,13615352,86.74,86.74,84.41,85.41,8961300,2026-02-14T03:46:38Z
SLB,2007-07-03,57.85,58.14,57.26,57.26,5690421,87.89,88.34,86.99,87,3745300,2026-02-14T03:46:38Z
SLB,2007-07-05,57.91,58.58,57.33,57.45,10038504,87.98,89,87.11,87.28,6607100,2026-02-14T03:46:38Z
SLB,2007-07-06,58.14,58.69,57.78,58.24,10791943,88.33,89.17,87.79,88.48,7103000,2026-02-14T03:46:38Z
SLB,2007-07-09,58.14,58.39,57.53,57.76,10394478,88.34,88.72,87.4,87.76,6841400,2026-02-14T03:46:38Z
SLB,2007-07-10,57.44,58.3,57.16,57.89,14202132,87.27,88.57,86.85,87.95,9347500,2026-02-14T03:46:38Z
SLB,2007-07-11,57.26,57.83,56.68,57.11,13846147,87,87.86,86.11,86.77,9113200,2026-02-14T03:46:38Z
SLB,2007-07-12,58.26,58.3,57.26,57.89,13251765,88.51,88.58,87,87.95,8722000,2026-02-14T03:46:38Z
SLB,2007-07-13,59,59.39,57.62,58.14,12980721,89.64,90.24,87.55,88.34,8543600,2026-02-14T03:46:38Z
SLB,2007-07-16,59.59,60.06,58.78,59.24,13239913,90.54,91.25,89.3,90.01,8714200,2026-02-14T03:46:38Z
SLB,2007-07-17,59.15,60.41,58.46,59.57,14071458,89.87,91.79,88.82,90.5,9261500,2026-02-14T03:46:38Z
SLB,2007-07-18,60.03,60.19,58.27,58.92,14764883,91.2,91.45,88.53,89.52,9717900,2026-02-14T03:46:38Z
SLB,2007-07-19,61.51,61.61,60.42,60.54,16612563,93.45,93.6,91.8,91.98,10934000,2026-02-14T03:46:38Z
SLB,2007-07-20,63.63,64.29,62.45,62.83,27605059,96.68,97.68,94.89,95.46,18169000,2026-02-14T03:46:38Z
SLB,2007-07-23,63.4,64.9,63.21,64.89,15743359,96.32,98.6,96.03,98.59,10361900,2026-02-14T03:46:38Z
SLB,2007-07-24,62.4,63.67,62.2,63.19,14767931,94.8,96.74,94.5,96,9719900,2026-02-14T03:46:38Z
SLB,2007-07-25,63.78,64.03,61.48,62.72,15639266,96.91,97.29,93.41,95.29,10293400,2026-02-14T03:46:38Z
SLB,2007-07-26,62.29,64.28,61.34,63.18,19890721,94.64,97.66,93.19,95.99,13091600,2026-02-14T03:46:38Z
SLB,2007-07-27,61.22,63.92,61.09,62.36,22824453,93.02,97.12,92.82,94.74,15022500,2026-02-14T03:46:38Z
SLB,2007-07-30,62.76,62.93,60.67,61.86,15269770,95.35,95.61,92.18,93.98,10050200,2026-02-14T03:46:38Z
SLB,2007-07-31,62.34,64.28,62.22,63.55,15069229,94.72,97.66,94.53,96.55,9918200,2026-02-14T03:46:38Z
SLB,2007-08-01,62.28,65.42,60.43,62.09,19223889,94.62,99.4,91.82,94.34,12652700,2026-02-14T03:46:38Z
SLB,2007-08-02,60.55,62.86,60.17,62.34,21368900,92,95.5,91.42,94.71,14064500,2026-02-14T03:46:38Z
SLB,2007-08-03,57.75,61.15,57.59,60.55,19158996,87.74,92.9,87.5,92,12610000,2026-02-14T03:46:38Z
SLB,2007-08-06,57.43,58.56,56.12,57.76,22487280,87.25,88.97,85.27,87.75,14800600,2026-02-14T03:46:38Z
SLB,2007-08-07,58.42,58.93,56.81,56.98,22487147,88.76,89.54,86.32,86.57,14800500,2026-02-14T03:46:38Z
SLB,2007-08-08,61.68,61.87,58.06,58.84,24180293,93.72,94,88.22,89.4,15914900,2026-02-14T03:46:38Z
SLB,2007-08-09,60.68,62.3,59.8,60.42,18160347,92.2,94.65,90.86,91.8,11952700,2026-02-14T03:46:38Z
SLB,2007-08-10,60.62,61.29,58.25,59.23,16022464,92.1,93.12,88.5,89.99,10545600,2026-02-14T03:46:38Z
SLB,2007-08-13,59.68,61.36,58.87,61.05,10663257,90.68,93.22,89.44,92.76,7018300,2026-02-14T03:46:38Z
SLB,2007-08-14,58.69,60.39,58.57,60.17,11079853,89.17,91.75,88.98,91.42,7292500,2026-02-14T03:46:38Z
SLB,2007-08-15,57.42,59.53,57.04,58.85,15449811,87.24,90.45,86.67,89.41,10168700,2026-02-14T03:46:38Z
SLB,2007-08-16,56.5,57.23,53.48,56.3,26236459,85.84,86.95,81.26,85.54,17268200,2026-02-14T03:46:38Z
SLB,2007-08-17,58.29,60.07,57.27,57.92,19866102,88.56,91.26,87.01,88,13075400,2026-02-14T03:46:38Z
SLB,2007-08-20,59.7,59.87,57.53,58.2,11919752,90.7,90.96,87.4,88.43,7845300,2026-02-14T03:46:38Z
SLB,2007-08-21,58.74,59.89,58.43,58.78,10037894,89.25,90.99,88.77,89.3,6606700,2026-02-14T03:46:38Z
SLB,2007-08-22,59.92,60.12,58.96,59.45,10204860,91.04,91.35,89.58,90.33,6716600,2026-02-14T03:46:38Z
SLB,2007-08-23,60.83,61.2,59.87,60.1,9792217,92.42,92.99,90.96,91.31,6445000,2026-02-14T03:46:38Z
SLB,2007-08-24,62.02,62.52,61.05,61.99,10167649,94.23,94.99,92.75,94.19,6692100,2026-02-14T03:46:38Z
SLB,2007-08-27,61.3,61.87,60.57,61.82,6647614,93.14,94,92.03,93.92,4375300,2026-02-14T03:46:38Z
SLB,2007-08-28,60.1,61.73,59.83,61.27,10415898,91.31,93.79,90.9,93.09,6855500,2026-02-14T03:46:38Z
SLB,2007-08-29,63,63.46,60.34,60.8,12630817,95.72,96.41,91.68,92.38,8313300,2026-02-14T03:46:38Z
SLB,2007-08-30,62.53,63.05,62.05,62.36,9837797,95,95.79,94.27,94.75,6475000,2026-02-14T03:46:38Z
SLB,2007-08-31,63.63,64.42,63.2,63.75,9477537,96.5,97.69,95.85,96.68,6249400,2026-02-14T03:46:38Z
SLB,2007-09-04,66.03,66.73,63.43,63.43,13805620,100.14,101.2,96.19,96.19,9103300,2026-02-14T03:46:38Z
SLB,2007-09-05,65.35,66.02,64.67,65.7,12702941,99.11,100.12,98.08,99.64,8376200,2026-02-14T03:46:38Z
SLB,2007-09-06,64.36,66.26,63.89,65.99,17139466,97.61,100.48,96.89,100.07,11301600,2026-02-14T03:46:38Z
SLB,2007-09-07,64.27,64.69,62.81,63.62,11617545,97.47,98.11,95.25,96.48,7660500,2026-02-14T03:46:38Z
SLB,2007-09-10,65.3,65.77,62.85,64.45,14039316,99.03,99.75,95.31,97.74,9257400,2026-02-14T03:46:38Z
SLB,2007-09-11,66.06,66.26,64.39,65.32,15521744,100.18,100.49,97.65,99.06,10234900,2026-02-14T03:46:38Z
SLB,2007-09-12,65.82,66.58,65.35,65.97,15132147,99.82,100.97,99.11,100.05,9978000,2026-02-14T03:46:38Z
SLB,2007-09-13,66.3,66.6,65.34,65.93,9926426,100.55,101,99.09,99.99,6545400,2026-02-14T03:46:38Z
SLB,2007-09-14,66.18,66.32,65.54,65.78,8917619,100.37,100.57,99.4,99.76,5880200,2026-02-14T03:46:38Z
SLB,2007-09-17,65.7,67.17,65.58,65.93,8637063,99.63,101.86,99.45,99.99,5695200,2026-02-14T03:46:38Z
SLB,2007-09-18,69.1,69.28,65.42,66.26,17414244,104.79,105.07,99.21,100.49,11482800,2026-02-14T03:46:38Z
SLB,2007-09-19,70.54,71.09,69.04,69.55,14014305,106.97,107.81,104.7,105.48,9240900,2026-02-14T03:46:38Z
SLB,2007-09-20,70.73,71.27,69.51,70.32,10687128,107.27,108.08,105.42,106.64,7047000,2026-02-14T03:46:38Z
SLB,2007-09-21,70.03,71.71,70.03,71.71,18551366,106.2,108.75,106.2,108.75,12232600,2026-02-14T03:46:38Z
SLB,2007-09-24,69.18,70.22,68.41,70.05,11947388,104.92,106.5,103.75,106.24,7878000,2026-02-14T03:46:38Z
SLB,2007-09-25,68.99,69.24,67.65,68.1,11339400,104.62,105,102.6,103.27,7477100,2026-02-14T03:46:38Z
SLB,2007-09-26,67.92,69.55,66.42,69.2,16296394,103,105.47,100.73,104.94,10745700,2026-02-14T03:46:38Z
SLB,2007-09-27,69.26,69.72,68.44,68.44,10550801,105.03,105.74,103.79,103.79,6957100,2026-02-14T03:46:38Z
SLB,2007-09-28,69.24,70.69,68.91,69.8,10835461,105,107.21,104.51,105.85,7144800,2026-02-14T03:46:38Z
SLB,2007-10-01,70.28,70.58,68.62,69.24,11080979,106.59,107.04,104.06,105,7306700,2026-02-14T03:46:38Z
SLB,2007-10-02,70.21,70.63,68.57,69.58,11741905,106.47,107.11,103.99,105.52,7742500,2026-02-14T03:46:38Z
SLB,2007-10-03,69.74,70.06,69.05,69.77,9771743,105.76,106.25,104.71,105.81,6443400,2026-02-14T03:46:38Z
SLB,2007-10-04,70.02,70.36,68.58,69.56,9696375,106.19,106.71,104.01,105.49,6393700,2026-02-14T03:46:38Z
SLB,2007-10-05,69.19,70.18,68.81,70.13,9984818,104.93,106.43,104.35,106.36,6583900,2026-02-14T03:46:38Z
SLB,2007-10-08,68.54,68.86,68.02,68.74,7313262,103.95,104.43,103.16,104.25,4822300,2026-02-14T03:46:38Z
SLB,2007-10-09,68.99,69.24,67.85,69.11,11675465,104.63,105,102.89,104.81,7698700,2026-02-14T03:46:38Z
SLB,2007-10-10,71.39,71.79,68.15,68.23,17805059,108.26,108.87,103.35,103.47,11740500,2026-02-14T03:46:38Z
SLB,2007-10-11,71.6,73.35,70.33,71.94,15892537,108.58,111.24,106.66,109.1,10479400,2026-02-14T03:46:38Z
SLB,2007-10-12,72.43,72.74,71.34,72.01,8202266,109.84,110.31,108.19,109.2,5408500,2026-02-14T03:46:38Z
SLB,2007-10-15,73.45,75.72,73.04,73.64,12688688,111.39,114.84,110.77,111.68,8366800,2026-02-14T03:46:38Z
SLB,2007-10-16,73.91,74.78,73.34,73.52,13655029,112.09,113.41,111.22,111.5,9004000,2026-02-14T03:46:38Z
SLB,2007-10-17,73.21,74.42,72.3,74.31,12544148,111.03,112.86,109.65,112.7,8271500,2026-02-14T03:46:38Z
SLB,2007-10-18,73.6,73.77,72.32,72.84,11638319,111.62,111.87,109.68,110.46,7674200,2026-02-14T03:46:38Z
SLB,2007-10-19,65.49,69.55,64.62,69.24,57871443,99.32,105.48,98,105,38159900,2026-02-14T03:46:38Z
SLB,2007-10-22,62.87,64.49,62.49,64.38,36416655,95.34,97.8,94.77,97.64,24012800,2026-02-14T03:46:38Z
SLB,2007-10-23,65.89,65.98,63.33,64.16,22227344,99.92,100.06,96.05,97.3,14656500,2026-02-14T03:46:38Z
SLB,2007-10-24,66.51,66.97,65,65.71,19327523,100.86,101.56,98.57,99.65,12744400,2026-02-14T03:46:38Z
SLB,2007-10-25,64.69,67.25,64.54,66.8,22865207,98.1,101.99,97.87,101.3,15077100,2026-02-14T03:46:38Z
SLB,2007-10-26,65.62,66.43,65.15,65.63,12099498,99.51,100.75,98.81,99.53,7978300,2026-02-14T03:46:38Z
SLB,2007-10-29,65.8,66.9,65.33,66.15,8787809,99.79,101.45,99.08,100.32,5794600,2026-02-14T03:46:38Z
SLB,2007-10-30,63.29,65.77,63.06,65.29,13947879,95.99,99.74,95.64,99.02,9197100,2026-02-14T03:46:38Z
SLB,2007-10-31,63.68,64.01,62.33,63.7,23987888,96.57,97.07,94.52,96.61,15817400,2026-02-14T03:46:38Z
SLB,2007-11-01,63.4,65.59,62.63,63.1,20714128,96.15,99.47,94.98,95.7,13658700,2026-02-14T03:46:38Z
SLB,2007-11-02,65.16,65.64,63.88,64.26,14574057,98.82,99.55,96.88,97.45,9610000,2026-02-14T03:46:38Z
SLB,2007-11-05,64.41,65.59,63.68,64.36,12229165,97.68,99.47,96.58,97.6,8063800,2026-02-14T03:46:38Z
SLB,2007-11-06,64.72,65.27,64.41,64.77,13495033,98.15,98.98,97.68,98.23,8898500,2026-02-14T03:46:38Z
SLB,2007-11-07,62.48,65.12,62.47,64.78,15036600,94.76,98.76,94.74,98.24,9915000,2026-02-14T03:46:38Z
SLB,2007-11-08,63.52,64.15,61.61,62.79,17208161,96.33,97.28,93.43,95.22,11346900,2026-02-14T03:46:38Z
SLB,2007-11-09,62.48,64.05,62.21,62.81,11760699,94.76,97.14,94.34,95.25,7754900,2026-02-14T03:46:38Z
SLB,2007-11-12,60.03,62.31,59.71,62.31,16485681,91.04,94.5,90.56,94.5,10870500,2026-02-14T03:46:38Z
SLB,2007-11-13,61.28,62.1,60.01,60.12,16131704,92.94,94.18,91,91.17,10637100,2026-02-14T03:46:38Z
SLB,2007-11-14,61.51,62.19,60.68,61.78,14647603,93.29,94.31,92.03,93.69,9658500,2026-02-14T03:46:38Z
SLB,2007-11-15,59.9,61.83,59.42,61.15,13059772,90.84,93.76,90.12,92.73,8611500,2026-02-14T03:46:38Z
SLB,2007-11-16,61.63,61.64,59.83,60.6,13037025,93.46,93.48,90.74,91.9,8596500,2026-02-14T03:46:38Z
SLB,2007-11-19,60.35,61.85,59.85,61.39,9305262,91.52,93.8,90.77,93.1,6135800,2026-02-14T03:46:38Z
SLB,2007-11-20,61.49,62.1,60.21,60.51,13784842,93.26,94.18,91.31,91.77,9089600,2026-02-14T03:46:38Z
SLB,2007-11-21,60.52,62.3,60.05,61.11,12428438,91.78,94.48,91.07,92.68,8195200,2026-02-14T03:46:38Z
SLB,2007-11-23,62.06,62.37,60.27,60.8,4600910,94.11,94.58,91.4,92.2,3033800,2026-02-14T03:46:38Z
SLB,2007-11-26,59.71,62.62,59.66,61.94,10556566,90.56,94.96,90.48,93.93,6960900,2026-02-14T03:46:38Z
SLB,2007-11-27,58.8,59.79,57.64,58.92,16451087,89.17,90.67,87.42,89.35,10847700,2026-02-14T03:46:38Z
SLB,2007-11-28,59.76,60.26,59.02,59.15,14084663,90.63,91.39,89.5,89.7,9287300,2026-02-14T03:46:38Z
SLB,2007-11-29,60.77,61.31,59.68,59.69,10451457,92.16,92.98,90.51,90.52,6891600,2026-02-14T03:46:38Z
SLB,2007-11-30,61.62,62.1,60.8,61.6,14801837,93.45,94.17,92.21,93.42,9760200,2026-02-14T03:46:38Z
SLB,2007-12-03,61.99,62.29,60.61,61.23,10290213,93.84,94.29,91.75,92.68,6798000,2026-02-14T03:46:38Z
SLB,2007-12-04,61.99,62.3,60.88,61.75,12457243,93.84,94.3,92.15,93.47,8229600,2026-02-14T03:46:38Z
SLB,2007-12-05,63.29,64.33,62.44,62.67,14206928,95.8,97.38,94.52,94.86,9385500,2026-02-14T03:46:38Z
SLB,2007-12-06,65.33,65.57,63,63.27,9889076,98.89,99.25,95.36,95.77,6533000,2026-02-14T03:46:38Z
SLB,2007-12-07,64.21,65.46,63.94,64.74,8799965,97.19,99.09,96.79,98,5813500,2026-02-14T03:46:38Z
SLB,2007-12-10,65.04,65.44,64.26,64.26,7705397,98.45,99.05,97.27,97.27,5090400,2026-02-14T03:46:38Z
SLB,2007-12-11,63.09,65.73,62.75,65.01,9647785,95.5,99.49,94.98,98.4,6373600,2026-02-14T03:46:38Z
SLB,2007-12-12,64.51,65.79,63.57,64.55,14806977,97.65,99.58,96.22,97.71,9781900,2026-02-14T03:46:38Z
SLB,2007-12-13,63.83,64.72,62.58,64.21,10357565,96.62,97.97,94.72,97.2,6842500,2026-02-14T03:46:38Z
SLB,2007-12-14,62.48,63.41,62.38,63.21,9322642,94.57,95.99,94.43,95.68,6158800,2026-02-14T03:46:38Z
SLB,2007-12-17,59.64,61.93,58.33,61.93,19045663,90.28,93.75,88.3,93.74,12582100,2026-02-14T03:46:38Z
SLB,2007-12-18,59.71,60.57,58.82,60.2,10658186,90.39,91.69,89.04,91.12,7041100,2026-02-14T03:46:38Z
SLB,2007-12-19,60.19,62.36,60.18,60.57,14661810,91.11,94.4,91.1,91.69,9686000,2026-02-14T03:46:38Z
SLB,2007-12-20,59.97,61.06,59.4,60.69,11853117,90.78,92.42,89.91,91.87,7830500,2026-02-14T03:46:38Z
SLB,2007-12-21,62.52,62.61,60.12,60.41,15815414,94.64,94.78,91,91.44,10448100,2026-02-14T03:46:38Z
SLB,2007-12-24,63.31,63.49,61.99,62.51,3338035,95.83,96.1,93.84,94.62,2205200,2026-02-14T03:46:38Z
SLB,2007-12-26,65.1,65.51,63.33,63.33,8622400,98.55,99.17,95.87,95.87,5696200,2026-02-14T03:46:38Z
SLB,2007-12-27,64.31,65.4,64.25,65.07,7781236,97.35,99,97.26,98.5,5140500,2026-02-14T03:46:38Z
SLB,2007-12-28,65.27,65.89,64.85,64.85,6879822,98.8,99.74,98.17,98.17,4545000,2026-02-14T03:46:38Z
SLB,2007-12-31,64.99,65.44,64.79,64.99,6850751,98.37,99.05,98.07,98.38,4525800,2026-02-14T03:46:38Z
SLB,2008-01-02,66.45,67.73,65.28,65.69,13892379,100.58,102.52,98.81,99.44,9177700,2026-02-14T03:46:38Z
SLB,2008-01-03,67.59,67.85,65.98,66.53,12998853,102.31,102.71,99.88,100.7,8587400,2026-02-14T03:46:38Z
SLB,2008-01-04,64.74,66.96,64.4,66.93,14972883,98,101.35,97.48,101.31,9891500,2026-02-14T03:46:38Z
SLB,2008-01-07,63.96,66.04,63.21,65.26,15643598,96.81,99.97,95.68,98.79,10334600,2026-02-14T03:46:38Z
SLB,2008-01-08,63.89,66.27,63.71,64.69,16121183,96.71,100.31,96.44,97.93,10650100,2026-02-14T03:46:38Z
SLB,2008-01-09,65.14,65.4,63.46,64.31,12125436,98.61,99,96.06,97.35,8010400,2026-02-14T03:46:38Z
SLB,2008-01-10,64.14,64.7,62.89,64.15,15622551,97.09,97.94,95.19,97.11,10320700,2026-02-14T03:46:38Z
SLB,2008-01-11,62.11,63.8,61.95,63.43,14952448,94.01,96.57,93.78,96.01,9878000,2026-02-14T03:46:38Z
SLB,2008-01-14,63.11,63.39,61.77,62.61,11826473,95.53,95.95,93.5,94.77,7812900,2026-02-14T03:46:38Z
SLB,2008-01-15,58.75,61.47,58.66,61.44,23964035,88.93,93.05,88.79,93,15831300,2026-02-14T03:46:38Z
SLB,2008-01-16,56.75,58.47,55.01,58.12,34554423,85.9,88.5,83.27,87.98,22827600,2026-02-14T03:46:38Z
SLB,2008-01-17,54.51,58.38,53.84,57.4,27305239,82.51,88.37,81.49,86.89,18038600,2026-02-14T03:46:38Z
SLB,2008-01-18,52.53,53.02,47.76,51.79,86723295,79.52,80.25,72.3,78.39,57291800,2026-02-14T03:46:38Z
SLB,2008-01-22,50.93,52.34,49.17,49.17,32976660,77.09,79.22,74.43,74.43,21785300,2026-02-14T03:46:38Z
SLB,2008-01-23,53.07,53.14,48.01,49.53,28601147,80.34,80.44,72.68,74.98,18894700,2026-02-14T03:46:38Z
SLB,2008-01-24,53.06,55.16,52.22,53.39,23071398,80.32,83.49,79.04,80.82,15241600,2026-02-14T03:46:38Z
SLB,2008-01-25,51.33,54.64,50.51,54.43,21784874,77.7,82.71,76.46,82.39,14391700,2026-02-14T03:46:38Z
SLB,2008-01-28,52.34,52.82,50.54,51.3,14093094,79.23,79.95,76.5,77.65,9310300,2026-02-14T03:46:38Z
SLB,2008-01-29,51.98,52.79,51.46,52.69,15992819,78.69,79.91,77.89,79.76,10565300,2026-02-14T03:46:38Z
SLB,2008-01-30,50.04,52.27,49.91,51.66,21359361,75.75,79.12,75.55,78.2,14110600,2026-02-14T03:46:38Z
SLB,2008-01-31,49.81,50.18,48.36,48.91,38347039,75.4,75.96,73.2,74.03,25333100,2026-02-14T03:46:38Z
SLB,2008-02-01,51.71,51.86,50.02,50.21,18933787,78.28,78.5,75.72,76,12508200,2026-02-14T03:46:38Z
SLB,2008-02-04,52.25,52.83,51.05,51.73,12391382,79.09,79.97,77.28,78.3,8186100,2026-02-14T03:46:38Z
SLB,2008-02-05,50.82,51.48,50.7,51.44,27538197,76.93,77.93,76.75,77.86,18192500,2026-02-14T03:46:38Z
SLB,2008-02-06,49.45,51.37,49.37,51.27,19871551,74.86,77.76,74.73,77.6,13127700,2026-02-14T03:46:38Z
SLB,2008-02-07,50.05,50.95,48.58,49.28,16714543,75.76,77.13,73.54,74.59,11042100,2026-02-14T03:46:38Z
SLB,2008-02-08,51.11,51.52,50.06,50.86,15506757,77.37,77.98,75.78,76.99,10244200,2026-02-14T03:46:38Z
SLB,2008-02-11,53.17,53.37,50.83,51.2,15023748,80.49,80.78,76.94,77.5,9925100,2026-02-14T03:46:38Z
SLB,2008-02-12,53.83,55.37,53.36,54.17,17086763,81.49,83.82,80.77,82,11288000,2026-02-14T03:46:38Z
SLB,2008-02-13,56.08,56.58,54.4,54.74,15303018,84.89,85.65,82.34,82.86,10109600,2026-02-14T03:46:38Z
SLB,2008-02-14,55.57,57.1,55.48,56.47,11794539,84.11,86.43,83.98,85.48,7791800,2026-02-14T03:46:38Z
SLB,2008-02-15,55.68,56.17,54.46,55.38,14179476,84.08,84.81,82.23,83.62,9390800,2026-02-14T03:46:38Z
SLB,2008-02-19,57.43,58.18,56.7,57.09,15199867,86.72,87.84,85.61,86.2,10066600,2026-02-14T03:46:38Z
SLB,2008-02-20,57,57.54,56.61,57.05,13360945,86.06,86.88,85.48,86.14,8848700,2026-02-14T03:46:38Z
SLB,2008-02-21,55.57,57.44,55.34,57.12,14689989,83.91,86.73,83.56,86.25,9728900,2026-02-14T03:46:38Z
SLB,2008-02-22,56.59,56.71,54.46,55.91,9309326,85.45,85.63,82.23,84.42,6165400,2026-02-14T03:46:38Z
SLB,2008-02-25,57.98,58.15,56.44,56.51,11219855,87.54,87.8,85.22,85.33,7430700,2026-02-14T03:46:38Z
SLB,2008-02-26,59.01,59.2,56.96,57.81,11640363,89.1,89.38,86,87.29,7709200,2026-02-14T03:46:38Z
SLB,2008-02-27,58.45,59.02,58.01,58.77,10928744,88.25,89.11,87.59,88.74,7237900,2026-02-14T03:46:38Z
SLB,2008-02-28,59.4,59.84,57.95,58.14,12344454,89.69,90.36,87.5,87.78,8175500,2026-02-14T03:46:38Z
SLB,2008-02-29,57.25,59.07,56.91,58.88,12994783,86.45,89.19,85.93,88.91,8606200,2026-02-14T03:46:38Z
SLB,2008-03-03,57.61,58.94,56.45,57.23,14203940,86.98,89,85.23,86.41,9407000,2026-02-14T03:46:38Z
SLB,2008-03-04,56,57.73,54.75,57.18,15593370,84.55,87.17,82.67,86.34,10327200,2026-02-14T03:46:38Z
SLB,2008-03-05,58.18,58.28,56.3,56.3,15384703,87.85,88,85.01,85.01,10189000,2026-02-14T03:46:38Z
SLB,2008-03-06,58.06,59.27,57.62,58.02,15455814,87.66,89.5,87,87.6,10236100,2026-02-14T03:46:38Z
SLB,2008-03-07,56.7,58.08,55.78,57.69,13522955,85.61,87.7,84.22,87.1,8956000,2026-02-14T03:46:38Z
SLB,2008-03-10,54.84,56.92,54.65,56.73,15287158,82.8,85.95,82.51,85.66,10124400,2026-02-14T03:46:38Z
SLB,2008-03-11,57.36,57.36,55.87,55.87,15991538,86.61,86.61,84.36,84.36,10590900,2026-02-14T03:46:38Z
SLB,2008-03-12,55.86,57.94,55.71,57.5,15187505,84.34,87.49,84.11,86.82,10058400,2026-02-14T03:46:38Z
SLB,2008-03-13,56.4,56.8,54.19,55.07,14622783,85.16,85.76,81.82,83.15,9684400,2026-02-14T03:46:38Z
SLB,2008-03-14,55.57,56.74,54.2,56.74,15482998,83.9,85.68,81.84,85.68,10254100,2026-02-14T03:46:38Z
SLB,2008-03-17,53.8,54.84,52.9,54.14,17895420,81.23,82.8,79.88,81.74,11851800,2026-02-14T03:46:38Z
SLB,2008-03-18,55.88,55.88,54.21,55.02,14940472,84.37,84.37,81.86,83.08,9894800,2026-02-14T03:46:38Z
SLB,2008-03-19,53.1,55.8,52.91,55,16576337,80.17,84.25,79.89,83.04,10978200,2026-02-14T03:46:38Z
SLB,2008-03-20,53.41,54.33,52.29,52.53,18567022,80.64,82.04,78.95,79.32,12296600,2026-02-14T03:46:38Z
SLB,2008-03-24,53.82,54.82,53.28,53.52,11331891,81.27,82.78,80.45,80.81,7504900,2026-02-14T03:46:38Z
SLB,2008-03-25,54.73,55.19,53.88,53.95,14727585,82.64,83.34,81.36,81.46,9753800,2026-02-14T03:46:38Z
SLB,2008-03-26,57.3,57.46,54.48,54.89,15717031,86.52,86.76,82.26,82.88,10409100,2026-02-14T03:46:38Z
SLB,2008-03-27,56.55,58.1,56.51,57.23,13178533,85.38,87.73,85.32,86.41,8727900,2026-02-14T03:46:38Z
SLB,2008-03-28,56.73,57.59,55.75,56.71,10199143,85.66,86.96,84.18,85.63,6754700,2026-02-14T03:46:38Z
SLB,2008-03-31,57.62,58.72,56.61,56.69,13930328,87,88.67,85.48,85.6,9225800,2026-02-14T03:46:38Z
SLB,2008-04-01,59.1,59.1,56.77,57.62,12980280,89.24,89.24,85.72,87,8596600,2026-02-14T03:46:38Z
SLB,2008-04-02,60.14,60.51,58.29,59.04,13005639,90.8,91.36,88.02,89.15,8613400,2026-02-14T03:46:38Z
SLB,2008-04-03,60.47,61.26,59.05,59.92,11004082,91.3,92.5,89.16,90.48,7287800,2026-02-14T03:46:38Z
SLB,2008-04-04,60.51,61.52,59.88,60.68,10472730,91.37,92.89,90.42,91.62,6935900,2026-02-14T03:46:38Z
SLB,2008-04-07,59.99,62.92,59.94,61.3,20946667,90.58,95,90.5,92.56,13872600,2026-02-14T03:46:38Z
SLB,2008-04-08,59.35,61.06,58.98,59.79,16245652,89.62,92.19,89.05,90.28,10759200,2026-02-14T03:46:38Z
SLB,2008-04-09,59.72,60.46,58.61,59.51,17416625,90.18,91.29,88.5,89.85,11534700,2026-02-14T03:46:38Z
SLB,2008-04-10,61.33,61.71,59.85,59.85,17456162,92.6,93.18,90.37,90.37,11560900,2026-02-14T03:46:38Z
SLB,2008-04-11,60.01,61.46,59.94,61.08,10803718,90.61,92.8,90.5,92.23,7155100,2026-02-14T03:46:38Z
SLB,2008-04-14,60.39,60.66,59.56,60.11,10709636,91.19,91.59,89.93,90.76,7092800,2026-02-14T03:46:38Z
SLB,2008-04-15,60.35,61.13,59.68,60.66,10583870,91.13,92.3,90.11,91.59,7009500,2026-02-14T03:46:38Z
SLB,2008-04-16,62.78,62.92,60.2,60.92,14263266,94.8,95,90.89,91.99,9446300,2026-02-14T03:46:38Z
SLB,2008-04-17,63.12,63.12,61.35,62.78,12467966,95.3,95.3,92.64,94.8,8257300,2026-02-14T03:46:38Z
SLB,2008-04-18,67.45,67.49,61.38,61.77,36552718,101.85,101.91,92.68,93.27,24208200,2026-02-14T03:46:38Z
SLB,2008-04-21,70.8,71.01,67.69,67.75,21358598,106.91,107.22,102.21,102.3,14145400,2026-02-14T03:46:38Z
SLB,2008-04-22,70.14,70.42,68.89,69.87,16159753,105.91,106.33,104.02,105.5,10702300,2026-02-14T03:46:38Z
SLB,2008-04-23,69.45,70.52,68.74,69.81,15685618,104.87,106.48,103.79,105.41,10388300,2026-02-14T03:46:38Z
SLB,2008-04-24,67.51,68.81,66.57,68.81,13442165,101.94,103.9,100.52,103.9,8902500,2026-02-14T03:46:38Z
SLB,2008-04-25,68.04,68.61,66.57,67.98,10505200,102.74,103.59,100.52,102.65,6957400,2026-02-14T03:46:38Z
SLB,2008-04-28,67.79,68.74,67.2,68.39,8969906,102.36,103.79,101.47,103.26,5940600,2026-02-14T03:46:38Z
SLB,2008-04-29,65.74,67.17,65.39,67.1,11098899,99.26,101.42,98.74,101.31,7350600,2026-02-14T03:46:38Z
SLB,2008-04-30,66.59,67.52,65.58,66.38,14682881,100.55,101.95,99.02,100.23,9724200,2026-02-14T03:46:38Z
SLB,2008-05-01,65.14,65.9,63.45,65.49,15571169,98.35,99.51,95.81,98.89,10312500,2026-02-14T03:46:38Z
SLB,2008-05-02,65.98,66.57,65.02,65.63,11420522,99.63,100.51,98.17,99.1,7563600,2026-02-14T03:46:38Z
SLB,2008-05-05,67.26,67.99,66.32,66.39,8402772,101.56,102.66,100.14,100.25,5565000,2026-02-14T03:46:38Z
SLB,2008-05-06,68.6,69.01,66.96,67.12,10254705,103.58,104.2,101.1,101.34,6791500,2026-02-14T03:46:38Z
SLB,2008-05-07,67.56,69.21,67.55,69.01,12059681,102.01,104.5,102,104.2,7986900,2026-02-14T03:46:38Z
SLB,2008-05-08,69.91,70.04,67.6,67.96,11055576,105.56,105.75,102.07,102.61,7321900,2026-02-14T03:46:38Z
SLB,2008-05-09,69.55,70.17,68.41,69.73,9200616,105.01,105.95,103.3,105.29,6093400,2026-02-14T03:46:38Z
SLB,2008-05-12,68.51,69.17,67.32,69.17,10777896,103.45,104.44,101.65,104.44,7138000,2026-02-14T03:46:38Z
SLB,2008-05-13,69.47,69.54,66.95,68.61,10972228,104.9,105,101.09,103.6,7266700,2026-02-14T03:46:38Z
SLB,2008-05-14,68.25,69.53,68.1,69.08,12519002,103.06,104.99,102.82,104.3,8291100,2026-02-14T03:46:38Z
SLB,2008-05-15,68.51,69.34,66.24,69.12,16552331,103.45,104.7,100.01,104.36,10962300,2026-02-14T03:46:38Z
SLB,2008-05-16,69.74,70.04,68.78,69.43,14628967,105.31,105.75,103.85,104.83,9688500,2026-02-14T03:46:38Z
SLB,2008-05-19,70.62,71.51,69.05,69.9,11645194,106.63,107.97,104.26,105.55,7712400,2026-02-14T03:46:38Z
SLB,2008-05-20,70.15,71.21,69.44,70.86,12720110,105.92,107.52,104.85,107,8424300,2026-02-14T03:46:38Z
SLB,2008-05-21,69.05,71.88,68.81,70.1,14128729,104.26,108.53,103.9,105.85,9357200,2026-02-14T03:46:38Z
SLB,2008-05-22,67.86,69.26,67.51,69.26,13759252,102.47,104.58,101.93,104.58,9112500,2026-02-14T03:46:38Z
SLB,2008-05-23,66.25,68.55,65.57,68.43,12358041,100.03,103.51,99,103.32,8184500,2026-02-14T03:46:38Z
SLB,2008-05-27,66.91,67.48,64.95,65.9,11992029,101.03,101.89,98.07,99.5,7942100,2026-02-14T03:46:38Z
SLB,2008-05-28,68.14,68.22,65.47,66.28,10458399,102.89,103,98.85,100.07,6926400,2026-02-14T03:46:38Z
SLB,2008-05-29,66.88,68.16,66.6,67.78,11236311,100.99,102.91,100.56,102.35,7441600,2026-02-14T03:46:38Z
SLB,2008-05-30,66.98,67.91,66.67,66.98,12626055,101.13,102.54,100.67,101.14,8362000,2026-02-14T03:46:38Z
SLB,2008-06-02,66.54,67.66,65.74,66.72,9054794,100.26,101.95,99.05,100.54,6009300,2026-02-14T03:46:38Z
SLB,2008-06-03,65.69,67.18,65.56,66.15,12162113,98.98,101.22,98.79,99.67,8071500,2026-02-14T03:46:38Z
SLB,2008-06-04,65.8,67.02,65.36,65.38,12634780,99.15,100.98,98.48,98.51,8385200,2026-02-14T03:46:38Z
SLB,2008-06-05,69.68,69.68,65.95,65.95,11714141,104.99,105,99.37,99.37,7774200,2026-02-14T03:46:38Z
SLB,2008-06-06,67.65,72.06,67.59,70.28,19741131,101.94,108.58,101.84,105.89,13101400,2026-02-14T03:46:38Z
SLB,2008-06-09,69.56,69.95,67.56,68.13,10634211,104.81,105.4,101.8,102.66,7057500,2026-02-14T03:46:38Z
SLB,2008-06-10,67.92,69.62,67.09,69.21,11752564,102.34,104.9,101.09,104.28,7799700,2026-02-14T03:46:38Z
SLB,2008-06-11,67.23,68.44,66.43,68.36,10168016,101.3,103.13,100.1,103,6748100,2026-02-14T03:46:38Z
SLB,2008-06-12,65.58,66.65,65.18,66.38,13650379,98.82,100.43,98.21,100.02,9059200,2026-02-14T03:46:38Z
SLB,2008-06-13,66.16,66.81,65.21,65.37,8539621,99.69,100.67,98.26,98.5,5667400,2026-02-14T03:46:38Z
SLB,2008-06-16,66.94,67.57,66.37,67,8464435,100.87,101.82,100.01,100.95,5617500,2026-02-14T03:46:38Z
SLB,2008-06-17,68.67,68.93,66.37,66.43,10360425,103.47,103.87,100.01,100.1,6875800,2026-02-14T03:46:38Z
SLB,2008-06-18,69.63,70.08,68.36,68.5,14492060,104.92,105.59,103,103.21,9617800,2026-02-14T03:46:38Z
SLB,2008-06-19,69.57,71.56,69.48,70.45,17220432,104.83,107.83,104.69,106.16,11428500,2026-02-14T03:46:38Z
SLB,2008-06-20,69.09,70.61,68.8,70.27,12948197,104.1,106.4,103.67,105.88,8593200,2026-02-14T03:46:38Z
SLB,2008-06-23,71.95,72,68.82,68.91,15852095,108.42,108.49,103.7,103.83,10520400,2026-02-14T03:46:38Z
SLB,2008-06-24,70.85,73.08,70.56,71.54,15443307,106.76,110.11,106.32,107.79,10249100,2026-02-14T03:46:38Z
SLB,2008-06-25,69.83,71.41,67.78,71.26,16231054,105.22,107.6,102.13,107.37,10771900,2026-02-14T03:46:38Z
SLB,2008-06-26,69.69,71.14,68.19,69.9,12547395,105.01,107.19,102.75,105.33,8327200,2026-02-14T03:46:38Z
SLB,2008-06-27,70.28,71.23,69.57,69.9,12999124,105.9,107.33,104.83,105.33,8627000,2026-02-14T03:46:38Z
SLB,2008-06-30,71.3,72.11,70.53,70.53,12142059,107.43,108.65,106.27,106.27,8058200,2026-02-14T03:46:38Z
SLB,2008-07-01,72.91,73.1,70.15,71.11,17954697,109.86,110.15,105.7,107.14,11915800,2026-02-14T03:46:38Z
SLB,2008-07-02,68.6,74.3,68.51,73.24,17091431,103.36,111.95,103.23,110.36,11342900,2026-02-14T03:46:38Z
SLB,2008-07-03,67.61,69.61,66.37,69.02,12718424,101.88,104.89,100,104,8440700,2026-02-14T03:46:38Z
SLB,2008-07-07,66.04,67.69,65.21,67,14658561,99.51,101.99,98.25,100.96,9728300,2026-02-14T03:46:38Z
SLB,2008-07-08,63.84,65.56,62.51,65.5,21463118,96.19,98.78,94.19,98.7,14244200,2026-02-14T03:46:38Z
SLB,2008-07-09,64.53,66.94,64.37,65.07,18128426,97.23,100.86,96.99,98.05,12031100,2026-02-14T03:46:38Z
SLB,2008-07-10,65.85,65.97,62.84,64.67,16223087,99.23,99.41,94.68,97.44,10766600,2026-02-14T03:46:38Z
SLB,2008-07-11,65.81,67.4,64.94,65.8,13781158,99.16,101.55,97.85,99.15,9146000,2026-02-14T03:46:38Z
SLB,2008-07-14,67.55,68.36,65.5,65.5,12874372,101.79,103,98.7,98.7,8544200,2026-02-14T03:46:38Z
SLB,2008-07-15,64.58,67.85,64.24,67.15,17114499,97.31,102.24,96.79,101.18,11358200,2026-02-14T03:46:38Z
SLB,2008-07-16,63.62,65.03,61.81,64.34,20008452,95.86,97.99,93.14,96.95,13278800,2026-02-14T03:46:38Z
SLB,2008-07-17,64.23,66.29,62.76,64.86,29030837,96.78,99.89,94.56,97.73,19266600,2026-02-14T03:46:38Z
SLB,2008-07-18,66.73,68.16,65.57,66.27,30071729,100.55,102.7,98.8,99.86,19957400,2026-02-14T03:46:38Z
SLB,2008-07-21,70.4,70.4,67.16,67.31,18545654,106.08,106.08,101.2,101.42,12308000,2026-02-14T03:46:38Z
SLB,2008-07-22,69.08,71.68,68.44,70.46,17110133,104.09,108,103.12,106.17,11355300,2026-02-14T03:46:38Z
SLB,2008-07-23,66.72,69.09,65.76,68.97,24397763,100.54,104.1,99.08,103.92,16191800,2026-02-14T03:46:38Z
SLB,2008-07-24,65.88,67.93,64.71,67.1,26014686,99.27,102.36,97.51,101.1,17264900,2026-02-14T03:46:38Z
SLB,2008-07-25,65.68,67,64.85,66.34,14916673,98.96,100.96,97.72,99.96,9899600,2026-02-14T03:46:38Z
SLB,2008-07-28,64.8,66.23,64.71,65.7,12098676,97.64,99.8,97.51,99,8029400,2026-02-14T03:46:38Z
SLB,2008-07-29,63.86,65.13,63.41,64.95,16050238,96.23,98.13,95.54,97.86,10651900,2026-02-14T03:46:38Z
SLB,2008-07-30,67.97,67.97,63.38,63.85,19815424,102.41,102.41,95.5,96.21,13150700,2026-02-14T03:46:38Z
SLB,2008-07-31,67.43,68.36,66.46,66.82,17797380,101.6,103,100.14,100.69,11811400,2026-02-14T03:46:38Z
SLB,2008-08-01,66.5,68.4,65.72,66.96,13045540,100.2,103.07,99.03,100.9,8657800,2026-02-14T03:46:38Z
SLB,2008-08-04,62.66,66.37,62.26,66.32,17519826,94.41,100,93.82,99.93,11627200,2026-02-14T03:46:38Z
SLB,2008-08-05,63.65,64.04,62.24,62.66,15681230,95.91,96.5,93.78,94.42,10407000,2026-02-14T03:46:38Z
SLB,2008-08-06,64.67,64.98,62.88,63.83,12860664,97.45,97.91,94.75,96.18,8535100,2026-02-14T03:46:38Z
SLB,2008-08-07,63.56,65.76,63.45,65.04,11542509,95.77,99.09,95.6,98,7660300,2026-02-14T03:46:38Z
SLB,2008-08-08,61.24,63.32,60.41,63.32,17198878,92.28,95.41,91.02,95.41,11414200,2026-02-14T03:46:38Z
SLB,2008-08-11,61.51,62.17,59.76,62.17,14710857,92.69,93.67,90.05,93.67,9763000,2026-02-14T03:46:38Z
SLB,2008-08-12,61.49,63.04,61.07,62.04,15188500,92.65,94.99,92.02,93.48,10080000,2026-02-14T03:46:38Z
SLB,2008-08-13,63.65,63.96,61.52,61.63,15043705,95.91,96.37,92.69,92.87,9983900,2026-02-14T03:46:38Z
SLB,2008-08-14,62.42,63.38,61.2,62.94,11947840,94.05,95.5,92.22,94.84,7929300,2026-02-14T03:46:38Z
SLB,2008-08-15,60.7,61.97,59.8,61.91,17223903,91.47,93.37,90.1,93.29,11430800,2026-02-14T03:46:38Z
SLB,2008-08-18,59.31,61.72,59.25,61.09,13366331,89.37,93,89.28,92.05,8870700,2026-02-14T03:46:38Z
SLB,2008-08-19,61.64,62.17,58.97,59.07,12915356,92.88,93.68,88.86,89,8571400,2026-02-14T03:46:38Z
SLB,2008-08-20,63.46,63.78,61.67,62.32,13397085,95.62,96.1,92.92,93.9,8891100,2026-02-14T03:46:38Z
SLB,2008-08-21,65.68,66.37,64.28,64.28,16755868,98.96,100,96.85,96.86,11120200,2026-02-14T03:46:38Z
SLB,2008-08-22,64.55,65.74,64.18,65.11,8946609,97.26,99.05,96.71,98.1,5937500,2026-02-14T03:46:38Z
SLB,2008-08-25,63.83,65.23,63.53,64.37,7514241,96.18,98.29,95.72,96.99,4986900,2026-02-14T03:46:38Z
SLB,2008-08-26,65.04,65.58,64.28,64.52,8022642,98,98.81,96.85,97.22,5324300,2026-02-14T03:46:38Z
SLB,2008-08-27,65.38,65.92,64.46,65.62,13219737,98.52,99.32,97.13,98.88,8773400,2026-02-14T03:46:38Z
SLB,2008-08-28,64.16,65.86,63.79,65.74,10354406,96.68,99.24,96.12,99.05,6871800,2026-02-14T03:46:38Z
SLB,2008-08-29,62.67,64.87,62.67,64.78,11282596,94.22,97.54,94.22,97.39,7504100,2026-02-14T03:46:38Z
SLB,2008-09-02,60.17,61.24,59.91,61.24,17911637,90.46,92.08,90.08,92.08,11913100,2026-02-14T03:46:38Z
SLB,2008-09-03,58.96,60.84,57.35,59.83,18762169,88.65,91.48,86.22,89.95,12478800,2026-02-14T03:46:38Z
SLB,2008-09-04,57.69,59.85,57.03,58.94,16673939,86.74,89.98,85.75,88.61,11089900,2026-02-14T03:46:38Z
SLB,2008-09-05,57.06,58.16,55.8,57.77,16490195,85.79,87.45,83.89,86.86,10967700,2026-02-14T03:46:38Z
SLB,2008-09-08,57.21,59.19,56.47,58.71,20066333,86.01,89,84.9,88.27,13346200,2026-02-14T03:46:38Z
SLB,2008-09-09,53.81,56.9,53.66,56.69,24821990,80.9,85.55,80.68,85.23,16509200,2026-02-14T03:46:38Z
SLB,2008-09-10,56.27,56.99,54.36,54.54,23771449,84.61,85.69,81.73,82,15810500,2026-02-14T03:46:38Z
SLB,2008-09-11,57.88,58.23,55.47,56.02,19593026,87.03,87.55,83.4,84.22,13031400,2026-02-14T03:46:38Z
SLB,2008-09-12,58.98,59.53,57.88,57.89,16002466,88.68,89.5,87.03,87.04,10643300,2026-02-14T03:46:38Z
SLB,2008-09-15,55.17,58.56,55.17,56.42,18856591,82.95,88.05,82.95,84.83,12541600,2026-02-14T03:46:38Z
SLB,2008-09-16,57.76,57.77,51.99,53.21,23011580,86.85,86.86,78.17,80,15305100,2026-02-14T03:46:38Z
SLB,2008-09-17,54.55,58.67,54.22,57.66,21326561,82.02,88.21,81.52,86.69,14184400,2026-02-14T03:46:38Z
SLB,2008-09-18,54.96,56.58,52.68,56.3,26282654,82.64,85.07,79.21,84.65,17480700,2026-02-14T03:46:38Z
SLB,2008-09-19,60.33,60.33,55.17,56.87,23648776,90.71,90.71,82.95,85.5,15728900,2026-02-14T03:46:38Z
SLB,2008-09-22,59.82,62.31,59.81,60.33,14328575,89.94,93.69,89.93,90.7,9530000,2026-02-14T03:46:38Z
SLB,2008-09-23,57.35,60,57.1,59.44,18329003,86.22,90.21,85.85,89.37,12190700,2026-02-14T03:46:38Z
SLB,2008-09-24,57.35,58.48,56.48,58.48,14323629,86.23,87.93,84.92,87.93,9526700,2026-02-14T03:46:38Z
SLB,2008-09-25,58.54,59.28,57.35,57.35,13681308,88.02,89.13,86.23,86.23,9099500,2026-02-14T03:46:38Z
SLB,2008-09-26,57.22,57.55,55.61,56.93,11552628,86.03,86.53,83.61,85.6,7683700,2026-02-14T03:46:38Z
SLB,2008-09-29,49.05,55.86,48.91,55.54,32089430,73.75,83.98,73.53,83.51,21342800,2026-02-14T03:46:38Z
SLB,2008-09-30,51.94,53.21,50.01,50.06,24774757,78.09,80,75.19,75.27,16477800,2026-02-14T03:46:38Z
SLB,2008-10-01,51.13,51.71,48.72,51.22,18933260,76.87,77.74,73.25,77.01,12592600,2026-02-14T03:46:38Z
SLB,2008-10-02,47.93,50.05,46.4,49.84,23981659,72.06,75.25,69.77,74.93,15950300,2026-02-14T03:46:38Z
SLB,2008-10-03,48.24,51.88,47.76,48.29,24978193,72.53,78,71.81,72.61,16613100,2026-02-14T03:46:38Z
SLB,2008-10-06,46.22,47.28,40.77,46.98,35509656,69.5,71.08,61.3,70.63,23617600,2026-02-14T03:46:38Z
SLB,2008-10-07,43.56,50.12,43.13,49.14,31894079,65.49,75.36,64.85,73.88,21212900,2026-02-14T03:46:38Z
SLB,2008-10-08,43.99,46.53,40.8,41.91,38105598,66.14,69.96,61.35,63.01,25344200,2026-02-14T03:46:38Z
SLB,2008-10-09,40.27,46.52,40.27,45.11,28471450,60.55,69.95,60.55,67.82,18936500,2026-02-14T03:46:38Z
SLB,2008-10-10,40.24,40.27,34.09,37.78,48365208,60.5,60.55,51.25,56.81,32167900,2026-02-14T03:46:38Z
SLB,2008-10-13,43.6,43.9,40.19,42.23,34596068,65.55,66,60.43,63.5,23010000,2026-02-14T03:46:38Z
SLB,2008-10-14,44.34,45.55,41.43,44.77,37856470,66.67,68.49,62.29,67.31,25178500,2026-02-14T03:46:38Z
SLB,2008-10-15,36.18,43.11,35.52,43,31485864,54.4,64.81,53.4,64.65,20941400,2026-02-14T03:46:38Z
SLB,2008-10-16,35.38,38.11,33.07,37.18,49834973,53.2,57.3,49.72,55.9,33145500,2026-02-14T03:46:38Z
SLB,2008-10-17,33.25,35.18,30.08,33.67,68487680,49.99,52.9,45.22,50.62,45551500,2026-02-14T03:46:38Z
SLB,2008-10-20,37.07,37.22,34.33,34.59,24364911,55.74,55.96,51.62,52,16205200,2026-02-14T03:46:38Z
SLB,2008-10-21,35.77,37.65,35.17,36.24,21926942,53.78,56.61,52.88,54.49,14583700,2026-02-14T03:46:38Z
SLB,2008-10-22,33.08,34.37,32.74,34.25,29074379,49.74,51.68,49.22,51.5,19337500,2026-02-14T03:46:38Z
SLB,2008-10-23,34.61,35.15,31.7,33.71,27335435,52.04,52.85,47.66,50.69,18180900,2026-02-14T03:46:38Z
SLB,2008-10-24,31.61,32.92,30.18,31.59,27518201,47.52,49.49,45.37,47.49,18302500,2026-02-14T03:46:38Z
SLB,2008-10-27,28.79,31.73,28.65,30.77,23841836,43.28,47.71,43.08,46.27,15857300,2026-02-14T03:46:38Z
SLB,2008-10-28,31.93,32.05,27.94,30.19,28288501,48,48.18,42.01,45.39,18814800,2026-02-14T03:46:38Z
SLB,2008-10-29,34.12,36.25,32.34,32.76,28197190,51.3,54.5,48.62,49.25,18754100,2026-02-14T03:46:38Z
SLB,2008-10-30,35.08,36.53,33.67,35.44,26585567,52.75,54.92,50.63,53.28,17682200,2026-02-14T03:46:38Z
SLB,2008-10-31,34.35,35.32,33.55,34.16,28670873,51.65,53.1,50.45,51.36,19069100,2026-02-14T03:46:38Z
SLB,2008-11-03,33.08,35.02,32.72,34.84,25694194,49.73,52.66,49.19,52.38,17089300,2026-02-14T03:46:38Z
SLB,2008-11-04,34.64,34.81,33.42,34.19,37220512,52.08,52.34,50.24,51.4,24755500,2026-02-14T03:46:38Z
SLB,2008-11-05,33.41,34.8,33.17,33.64,27834015,50.24,52.32,49.87,50.58,18512500,2026-02-14T03:46:38Z
SLB,2008-11-06,32.02,33.91,31.55,33,27345162,48.15,50.99,47.43,49.62,18187400,2026-02-14T03:46:38Z
SLB,2008-11-07,34.17,34.37,32.24,32.28,17612255,51.38,51.68,48.48,48.54,11714000,2026-02-14T03:46:38Z
SLB,2008-11-10,34.01,36.65,32.95,35.27,18690470,51.14,55.1,49.54,53.03,12431100,2026-02-14T03:46:38Z
SLB,2008-11-11,32.35,33.65,31.75,33.62,14730759,48.64,50.6,47.73,50.55,9797500,2026-02-14T03:46:38Z
SLB,2008-11-12,29.92,31.84,29.9,31.61,26075045,44.99,47.87,44.96,47.52,17342600,2026-02-14T03:46:38Z
SLB,2008-11-13,34.39,34.56,29.27,30.36,29453420,51.7,51.96,44,45.64,19589600,2026-02-14T03:46:38Z
SLB,2008-11-14,32.43,34.85,31.6,32.88,21881519,48.76,52.4,47.51,49.44,14553500,2026-02-14T03:46:38Z
SLB,2008-11-17,31.89,33.79,31.43,32.2,17791168,47.95,50.8,47.26,48.41,11833000,2026-02-14T03:46:38Z
SLB,2008-11-18,33.41,33.52,31.55,31.95,19894316,50.23,50.4,47.44,48.03,13231800,2026-02-14T03:46:38Z
SLB,2008-11-19,31.46,34.12,31.25,32.92,24129924,47.3,51.3,46.99,49.5,16048900,2026-02-14T03:46:38Z
SLB,2008-11-20,26.34,30.91,25.94,30.6,40787633,39.6,46.47,39,46,27128000,2026-02-14T03:46:38Z
SLB,2008-11-21,29.93,30.06,26.18,27.34,35579071,45,45.2,39.36,41.1,23663800,2026-02-14T03:46:38Z
SLB,2008-11-24,30.85,31.22,29.65,30.46,36378339,46.39,46.94,44.58,45.8,24195400,2026-02-14T03:46:38Z
SLB,2008-11-25,31.06,31.31,29.43,30.91,19766656,46.7,47.07,44.25,46.48,13146900,2026-02-14T03:46:38Z
SLB,2008-11-26,33.35,33.44,30.38,30.66,15123054,50.14,50.28,45.67,46.1,10058400,2026-02-14T03:46:38Z
SLB,2008-11-28,33.75,33.92,32.32,32.82,7322008,50.74,51,48.6,49.35,4869900,2026-02-14T03:46:38Z
SLB,2008-12-01,28.1,31.71,27.96,31.11,26545202,42.08,47.48,41.86,46.58,17728700,2026-02-14T03:46:38Z
SLB,2008-12-02,29.33,29.59,27.82,28.99,21980062,43.92,44.31,41.65,43.4,14679800,2026-02-14T03:46:38Z
SLB,2008-12-03,28.4,28.5,25.8,27.55,29680442,42.53,42.67,38.63,41.25,19822600,2026-02-14T03:46:38Z
SLB,2008-12-04,26.71,28.52,25.89,27.72,23883031,40,42.7,38.77,41.5,15950700,2026-02-14T03:46:38Z
SLB,2008-12-05,26.1,26.84,24.87,26.17,31374742,39.08,40.18,37.24,39.19,20954200,2026-02-14T03:46:38Z
SLB,2008-12-08,27.59,28.28,27.24,27.36,25487248,41.31,42.35,40.78,40.97,17022100,2026-02-14T03:46:38Z
SLB,2008-12-09,28.06,29.37,26.85,27.09,19248967,42.01,43.98,40.2,40.56,12855800,2026-02-14T03:46:38Z
SLB,2008-12-10,29.14,29.61,28.54,28.87,19103015,43.63,44.34,42.73,43.23,12758300,2026-02-14T03:46:38Z
SLB,2008-12-11,28.28,29.71,28.06,29.58,21053117,42.35,44.49,42.01,44.29,14060700,2026-02-14T03:46:38Z
SLB,2008-12-12,27.45,27.58,26.09,26.79,17998450,41.1,41.3,39.07,40.11,12020600,2026-02-14T03:46:38Z
SLB,2008-12-15,28.59,29.36,27.83,28.04,16254277,42.81,43.96,41.67,41.98,10855700,2026-02-14T03:46:38Z
SLB,2008-12-16,28.64,29.32,27.48,29.13,23750933,42.88,43.9,41.15,43.62,15862500,2026-02-14T03:46:38Z
SLB,2008-12-17,28.41,29.17,27.6,28.53,19060207,42.54,43.68,41.32,42.72,12729700,2026-02-14T03:46:38Z
SLB,2008-12-18,26.33,28.39,26.24,28.37,26407697,39.43,42.51,39.29,42.48,17636900,2026-02-14T03:46:38Z
SLB,2008-12-19,27.01,27.98,26.29,26.44,24504076,40.44,41.89,39.36,39.59,16365500,2026-02-14T03:46:38Z
SLB,2008-12-22,25.99,27.85,25.67,27.17,16887282,38.91,41.7,38.44,40.68,11278500,2026-02-14T03:46:38Z
SLB,2008-12-23,25.21,26.72,25.13,26.6,17473320,37.74,40,37.62,39.83,11669900,2026-02-14T03:46:38Z
SLB,2008-12-24,25.53,25.71,24.76,25.18,5602907,38.22,38.5,37.07,37.7,3742000,2026-02-14T03:46:38Z
SLB,2008-12-26,26.36,26.38,25.55,25.71,6555924,39.47,39.5,38.26,38.49,4378500,2026-02-14T03:46:38Z
SLB,2008-12-29,27.32,27.65,26.38,26.98,12857171,40.91,41.4,39.5,40.4,8586900,2026-02-14T03:46:38Z
SLB,2008-12-30,28.13,28.15,26.81,27.44,13215335,42.12,42.15,40.14,41.09,8826100,2026-02-14T03:46:38Z
SLB,2008-12-31,28.27,28.97,27.84,27.98,12783043,42.33,43.37,41.69,41.9,8537400,2026-02-14T03:46:38Z
SLB,2009-01-02,30.47,30.86,28.28,28.55,15156855,45.62,46.2,42.35,42.75,10122800,2026-02-14T03:46:38Z
SLB,2009-01-05,31.27,32.72,29.93,30.13,20462263,46.82,48.99,44.81,45.12,13666100,2026-02-14T03:46:38Z
SLB,2009-01-06,31.79,32.89,31.54,31.99,19833420,47.6,49.25,47.22,47.9,13246100,2026-02-14T03:46:38Z
SLB,2009-01-07,30.46,31.24,29.74,31.02,15158513,45.61,46.78,44.53,46.45,10123900,2026-02-14T03:46:38Z
SLB,2009-01-08,30.61,30.81,29.51,30.22,16694910,45.83,46.13,44.18,45.25,11150000,2026-02-14T03:46:38Z
SLB,2009-01-09,28.72,30.5,28.48,30.5,16829387,43,45.66,42.64,45.66,11239800,2026-02-14T03:46:38Z
SLB,2009-01-12,27.62,28.88,27.28,28.28,17874003,41.35,43.24,40.85,42.34,11937500,2026-02-14T03:46:38Z
SLB,2009-01-13,28.6,28.71,27.2,27.65,18149548,42.82,42.98,40.73,41.4,12121500,2026-02-14T03:46:38Z
SLB,2009-01-14,27,28.3,26.72,28.11,17254759,40.43,42.38,40,42.09,11523900,2026-02-14T03:46:38Z
SLB,2009-01-15,26.84,27.22,25.27,27.03,22864344,40.18,40.76,37.84,40.47,15270400,2026-02-14T03:46:38Z
SLB,2009-01-16,26.65,27.38,25.8,27.28,21321824,39.9,41,38.63,40.84,14240200,2026-02-14T03:46:38Z
SLB,2009-01-20,24.6,27.37,24.5,25.79,19457421,36.83,40.98,36.68,38.62,12995000,2026-02-14T03:46:38Z
SLB,2009-01-21,26.04,26.19,24.3,25.08,21616675,38.99,39.21,36.38,37.55,14437100,2026-02-14T03:46:38Z
SLB,2009-01-22,24.89,26.27,24.28,25.24,21557801,37.27,39.34,36.35,37.79,14397800,2026-02-14T03:46:38Z
SLB,2009-01-23,27.44,27.96,24.12,24.12,32897216,41.09,41.87,36.11,36.11,21971000,2026-02-14T03:46:38Z
SLB,2009-01-26,28.05,28.95,27.12,27.48,18393725,42,43.35,40.61,41.15,12284600,2026-02-14T03:46:38Z
SLB,2009-01-27,28.03,28.49,27.22,28.02,15335826,41.97,42.65,40.75,41.96,10242300,2026-02-14T03:46:38Z
SLB,2009-01-28,29.49,29.75,28.13,28.47,17726377,44.16,44.54,42.12,42.62,11838900,2026-02-14T03:46:38Z
SLB,2009-01-29,28,28.92,27.78,28.79,13561065,41.93,43.3,41.59,43.1,9057000,2026-02-14T03:46:38Z
SLB,2009-01-30,27.26,28.72,27.01,28.71,15085762,40.81,43,40.44,42.99,10075300,2026-02-14T03:46:38Z
SLB,2009-02-02,27.24,27.59,26.31,26.72,16862574,40.79,41.31,39.4,40.01,11262000,2026-02-14T03:46:38Z
SLB,2009-02-03,27.38,27.6,26.72,27.51,15354986,40.99,41.33,40,41.19,10255100,2026-02-14T03:46:38Z
SLB,2009-02-04,28.24,28.91,27.65,27.72,14440706,42.28,43.29,41.4,41.5,9644500,2026-02-14T03:46:38Z
SLB,2009-02-05,29.75,29.93,27.51,28.12,18921565,44.55,44.81,41.19,42.1,12637100,2026-02-14T03:46:38Z
SLB,2009-02-06,30.25,30.55,28.96,29.32,14245152,45.29,45.74,43.36,43.9,9513900,2026-02-14T03:46:38Z
SLB,2009-02-09,30.8,31.98,30.26,31.13,20000041,46.12,47.88,45.31,46.61,13357400,2026-02-14T03:46:38Z
SLB,2009-02-10,28.96,31.46,28.63,30.98,19815712,43.36,47.1,42.87,46.38,13234300,2026-02-14T03:46:38Z
SLB,2009-02-11,28.42,29.51,27.62,29.24,19081903,42.55,44.18,41.36,43.78,12744200,2026-02-14T03:46:38Z
SLB,2009-02-12,28.03,28.08,27.23,27.98,22558815,41.97,42.05,40.77,41.89,15066300,2026-02-14T03:46:38Z
SLB,2009-02-13,27.87,28.83,27.61,27.98,15931148,41.52,42.95,41.14,41.69,10693400,2026-02-14T03:46:38Z
SLB,2009-02-17,25.64,27.07,25.59,26.88,22307780,38.2,40.33,38.13,40.04,14973600,2026-02-14T03:46:38Z
SLB,2009-02-18,25.64,26.15,25.12,25.94,16845847,38.2,38.96,37.42,38.64,11307400,2026-02-14T03:46:38Z
SLB,2009-02-19,25.87,26.69,25.7,26.15,15941693,38.54,39.76,38.29,38.96,10700500,2026-02-14T03:46:38Z
SLB,2009-02-20,24.75,25.79,24.26,25.35,28234804,36.88,38.42,36.14,37.77,18952000,2026-02-14T03:46:38Z
SLB,2009-02-23,23.62,25.29,23.53,25.15,21555875,35.19,37.68,35.05,37.47,14468900,2026-02-14T03:46:38Z
SLB,2009-02-24,25.54,25.67,23.67,23.98,22661919,38.05,38.24,35.26,35.72,15211300,2026-02-14T03:46:38Z
SLB,2009-02-25,24.99,25.92,24.61,25.51,27688376,37.23,38.61,36.66,38.01,18585200,2026-02-14T03:46:38Z
SLB,2009-02-26,25.62,26.74,25.46,25.5,20151628,38.17,39.84,37.93,37.99,13526300,2026-02-14T03:46:38Z
SLB,2009-02-27,25.55,26.47,24.62,24.91,21453547,38.06,39.44,36.68,37.11,14400200,2026-02-14T03:46:38Z
SLB,2009-03-02,24.06,25.21,23.84,24.84,25907303,35.84,37.55,35.52,37,17389700,2026-02-14T03:46:38Z
SLB,2009-03-03,23.94,24.86,23.69,24.47,20760745,35.66,37.04,35.3,36.46,13935200,2026-02-14T03:46:38Z
SLB,2009-03-04,26.06,26.82,24.73,24.87,23107126,38.83,39.96,36.84,37.05,15510100,2026-02-14T03:46:38Z
SLB,2009-03-05,24.27,25.49,23.84,25.21,24238265,36.16,37.98,35.52,37.56,16269400,2026-02-14T03:46:38Z
SLB,2009-03-06,24.65,25.12,23.71,24.55,22115886,36.73,37.42,35.33,36.57,14844800,2026-02-14T03:46:38Z
SLB,2009-03-09,24.61,25.91,24.11,24.29,19956433,36.67,38.6,35.92,36.18,13395300,2026-02-14T03:46:38Z
SLB,2009-03-10,26.53,27.26,25.16,25.17,33124998,39.52,40.61,37.49,37.5,22234400,2026-02-14T03:46:38Z
SLB,2009-03-11,26.04,26.55,25.51,26.36,17968739,38.8,39.55,38.01,39.27,12061100,2026-02-14T03:46:38Z
SLB,2009-03-12,26.82,26.86,25.06,25.96,24738305,39.96,40.01,37.33,38.67,16605000,2026-02-14T03:46:38Z
SLB,2009-03-13,26.38,27.08,25.88,27.08,18202798,39.3,40.35,38.55,40.35,12218200,2026-02-14T03:46:38Z
SLB,2009-03-16,27.82,28.65,26.27,26.27,24627626,41.44,42.68,39.13,39.13,16530700,2026-02-14T03:46:38Z
SLB,2009-03-17,28.27,28.54,27.24,27.82,17542778,42.11,42.52,40.58,41.44,11775200,2026-02-14T03:46:38Z
SLB,2009-03-18,28.8,29.22,26.98,28.04,22031780,42.91,43.53,40.19,41.78,14788300,2026-02-14T03:46:38Z
SLB,2009-03-19,29.74,31.01,29.64,29.7,28944723,44.31,46.2,44.16,44.25,19428500,2026-02-14T03:46:38Z
SLB,2009-03-20,27.87,30.05,27.68,29.93,25897093,41.52,44.77,41.24,44.59,17382800,2026-02-14T03:46:38Z
SLB,2009-03-23,31.38,31.41,28.39,28.84,28185512,46.75,46.8,42.3,42.96,18918900,2026-02-14T03:46:38Z
SLB,2009-03-24,30.98,31.72,30.29,30.48,23089086,46.16,47.26,45.12,45.41,15498000,2026-02-14T03:46:38Z
SLB,2009-03-25,30.43,31.31,29.34,30.84,23262051,45.34,46.64,43.71,45.94,15614100,2026-02-14T03:46:38Z
SLB,2009-03-26,30.57,31.53,30.19,31.11,20452976,45.54,46.97,44.97,46.35,13728600,2026-02-14T03:46:38Z
SLB,2009-03-27,29.21,30.12,28.97,29.92,16419631,43.52,44.87,43.16,44.58,11021300,2026-02-14T03:46:38Z
SLB,2009-03-30,27.6,28.57,27.17,28.33,19269752,41.12,42.57,40.48,42.2,12934400,2026-02-14T03:46:38Z
SLB,2009-03-31,27.27,28.27,26.96,28.27,22663007,40.62,42.11,40.16,42.11,15212000,2026-02-14T03:46:38Z
SLB,2009-04-01,27.59,27.71,26.25,26.73,26193251,41.1,41.28,39.11,39.82,17581600,2026-02-14T03:46:38Z
SLB,2009-04-02,29.39,30.13,28.66,28.76,25126847,43.79,44.88,42.7,42.84,16865800,2026-02-14T03:46:38Z
SLB,2009-04-03,30.25,30.53,29.24,29.36,20118679,45.07,45.48,43.56,43.74,13504200,2026-02-14T03:46:38Z
SLB,2009-04-06,29.5,29.78,28.9,29.56,15764874,43.95,44.36,43.05,44.04,10581800,2026-02-14T03:46:38Z
SLB,2009-04-07,28.86,29.21,28.36,28.81,12416684,42.99,43.51,42.25,42.92,8334400,2026-02-14T03:46:38Z
SLB,2009-04-08,29.23,29.58,28.18,28.67,15865137,43.54,44.07,41.98,42.71,10649100,2026-02-14T03:46:38Z
SLB,2009-04-09,29.64,30.4,29.27,30.21,19023360,44.16,45.29,43.6,45,12769000,2026-02-14T03:46:38Z
SLB,2009-04-13,29.7,30.13,28.39,28.74,15250426,44.25,44.89,42.3,42.82,10236500,2026-02-14T03:46:38Z
SLB,2009-04-14,29.61,30.54,29.02,29.33,13965033,44.11,45.5,43.23,43.7,9373700,2026-02-14T03:46:38Z
SLB,2009-04-15,30.56,30.71,29.47,29.47,15739962,45.53,45.75,43.91,43.91,10565100,2026-02-14T03:46:38Z
SLB,2009-04-16,30.88,31.32,30.08,31.02,16447811,46,46.66,44.81,46.22,11040200,2026-02-14T03:46:38Z
SLB,2009-04-17,31.26,31.39,30.32,30.95,21276585,46.57,46.77,45.17,46.11,14281400,2026-02-14T03:46:38Z
SLB,2009-04-20,29.6,30.59,29.51,30.21,16049270,44.1,45.57,43.97,45.01,10772700,2026-02-14T03:46:38Z
SLB,2009-04-21,31.3,31.43,28.76,28.99,18882444,46.63,46.83,42.84,43.19,12674400,2026-02-14T03:46:38Z
SLB,2009-04-22,31.03,32.38,30.37,30.64,23926499,46.23,48.24,45.24,45.65,16060100,2026-02-14T03:46:38Z
SLB,2009-04-23,31.29,31.45,30.15,31.37,18245536,46.61,46.85,44.91,46.74,12246900,2026-02-14T03:46:38Z
SLB,2009-04-24,33.38,34.18,32.59,33.44,30555252,49.73,50.92,48.55,49.82,20509500,2026-02-14T03:46:38Z
SLB,2009-04-27,32.47,32.88,31.88,32.18,15905331,48.38,48.99,47.5,47.94,10676100,2026-02-14T03:46:38Z
SLB,2009-04-28,32.25,32.85,31.82,31.82,11672669,48.04,48.94,47.41,47.41,7835000,2026-02-14T03:46:38Z
SLB,2009-04-29,33.58,33.87,32.35,32.35,14236310,50.03,50.46,48.2,48.2,9555800,2026-02-14T03:46:38Z
SLB,2009-04-30,32.88,34.09,32.16,34.09,19505926,48.99,50.79,47.91,50.79,13092900,2026-02-14T03:46:38Z
SLB,2009-05-01,34.01,34.33,32.65,33.04,15029626,50.67,51.14,48.64,49.22,10088300,2026-02-14T03:46:38Z
SLB,2009-05-04,36.3,36.39,34.84,35.03,19770039,54.08,54.21,51.91,52.19,13270200,2026-02-14T03:46:38Z
SLB,2009-05-05,36.38,36.53,35.25,36.19,15065246,54.2,54.42,52.51,53.92,10112200,2026-02-14T03:46:38Z
SLB,2009-05-06,37.62,37.86,36.48,36.94,21188496,56.05,56.4,54.35,55.03,14222300,2026-02-14T03:46:38Z
SLB,2009-05-07,36.31,39.36,35.56,39.36,23857937,54.1,58.64,52.97,58.64,16014100,2026-02-14T03:46:38Z
SLB,2009-05-08,37.94,38.25,36.49,36.94,19378520,56.53,56.99,54.36,55.04,13007400,2026-02-14T03:46:38Z
SLB,2009-05-11,36.76,37.37,36.46,37.19,13311146,54.77,55.68,54.32,55.41,8934800,2026-02-14T03:46:38Z
SLB,2009-05-12,37.42,37.72,36.56,36.92,17134295,55.75,56.2,54.46,55.01,11501000,2026-02-14T03:46:38Z
SLB,2009-05-13,35.94,36.94,35.39,36.77,18880346,53.54,55.04,52.73,54.78,12673000,2026-02-14T03:46:38Z
SLB,2009-05-14,36.2,36.45,35.33,35.62,13403652,53.93,54.3,52.63,53.07,8996900,2026-02-14T03:46:38Z
SLB,2009-05-15,34.94,36.47,34.61,36.09,15524686,52.05,54.34,51.56,53.76,10420600,2026-02-14T03:46:38Z
SLB,2009-05-18,36.35,36.41,35.41,35.41,16015614,54.15,54.25,52.75,52.76,10750100,2026-02-14T03:46:38Z
SLB,2009-05-19,36.25,36.72,35.34,36.25,12797002,54.01,54.7,52.65,54.01,8589700,2026-02-14T03:46:38Z
SLB,2009-05-20,36.94,38.33,36.8,36.97,15371713,55.04,57.1,54.82,55.08,10317900,2026-02-14T03:46:38Z
SLB,2009-05-21,34.86,36.05,34.57,35.98,16533318,51.94,53.71,51.5,53.6,11097600,2026-02-14T03:46:38Z
SLB,2009-05-22,34.74,35.8,34.67,35.47,12848111,51.75,53.33,51.65,52.84,8624000,2026-02-14T03:46:38Z
SLB,2009-05-26,36.19,36.3,33.99,34.4,14766820,53.92,54.08,50.64,51.25,9911900,2026-02-14T03:46:38Z
SLB,2009-05-27,35.85,36.86,35.76,36.29,12525729,53.41,54.91,53.27,54.07,8407600,2026-02-14T03:46:38Z
SLB,2009-05-28,37.82,38.18,35.72,36.28,19945136,56.35,56.88,53.22,54.05,13387700,2026-02-14T03:46:38Z
SLB,2009-05-29,38.41,38.72,37.82,38.68,16644750,57.23,57.68,56.35,57.62,11172400,2026-02-14T03:46:38Z
SLB,2009-06-01,39.86,40.08,39.05,39.5,17171750,59.17,59.49,57.96,58.63,11568600,2026-02-14T03:46:38Z
SLB,2009-06-02,39.87,40.19,39.16,39.62,14294071,59.18,59.66,58.12,58.81,9629900,2026-02-14T03:46:38Z
SLB,2009-06-03,38.33,39.34,37.65,39.12,17494774,56.89,58.4,55.88,58.06,11786200,2026-02-14T03:46:38Z
SLB,2009-06-04,39.28,39.6,38.31,38.83,13698398,58.31,58.78,56.86,57.63,9228600,2026-02-14T03:46:38Z
SLB,2009-06-05,38.58,39.94,38.16,39.75,12753781,57.27,59.28,56.64,59,8592200,2026-02-14T03:46:38Z
SLB,2009-06-08,38.62,38.9,37.51,38.27,12051810,57.33,57.74,55.67,56.81,8119300,2026-02-14T03:46:38Z
SLB,2009-06-09,39.65,40.01,38.88,39.12,13470105,58.85,59.39,57.71,58.07,9074800,2026-02-14T03:46:38Z
SLB,2009-06-10,39.93,40.52,38.96,40.33,15795942,59.27,60.15,57.83,59.86,10641700,2026-02-14T03:46:38Z
SLB,2009-06-11,41.89,42.97,39.86,40.29,25440741,62.18,63.78,59.16,59.8,17139400,2026-02-14T03:46:38Z
SLB,2009-06-12,40.6,41.22,39.89,41.07,16385670,60.27,61.19,59.21,60.96,11039000,2026-02-14T03:46:38Z
SLB,2009-06-15,39.47,39.99,38.6,39.92,12353744,58.59,59.36,57.3,59.25,8322700,2026-02-14T03:46:38Z
SLB,2009-06-16,38.38,40.28,38.26,40.09,13434498,56.97,59.79,56.79,59.51,9050800,2026-02-14T03:46:38Z
SLB,2009-06-17,37.71,38.17,37.28,38.02,17266896,55.98,56.66,55.34,56.44,11632700,2026-02-14T03:46:38Z
SLB,2009-06-18,37.56,38.18,37.22,37.63,9889287,55.75,56.67,55.25,55.85,6662400,2026-02-14T03:46:38Z
SLB,2009-06-19,37.29,38.06,36.87,37.98,16736422,55.35,56.5,54.73,56.37,11275300,2026-02-14T03:46:38Z
SLB,2009-06-22,35.25,36.61,34.88,36.61,16367264,52.32,54.34,51.78,54.34,11026600,2026-02-14T03:46:38Z
SLB,2009-06-23,35.91,36.19,35.01,35.6,13571623,53.3,53.72,51.96,52.85,9143200,2026-02-14T03:46:38Z
SLB,2009-06-24,36.02,36.65,35.63,36.13,11911418,53.46,54.4,52.89,53.63,8024700,2026-02-14T03:46:38Z
SLB,2009-06-25,37.29,37.44,35.84,35.87,14506197,55.35,55.57,53.2,53.24,9772800,2026-02-14T03:46:38Z
SLB,2009-06-26,36.7,37.29,36.56,36.99,23432289,54.48,55.35,54.26,54.9,15786300,2026-02-14T03:46:38Z
SLB,2009-06-29,37.03,37.38,36.53,37.2,12559478,54.97,55.48,54.23,55.21,8461300,2026-02-14T03:46:38Z
SLB,2009-06-30,36.45,37.48,35.74,37.05,16059228,54.11,55.63,53.05,55,10819100,2026-02-14T03:46:38Z
SLB,2009-07-01,36.57,37.55,36.49,37.11,11791461,54.28,55.73,54.17,55.09,7943900,2026-02-14T03:46:38Z
SLB,2009-07-02,35.4,35.69,34.48,35.68,13681473,52.55,52.98,51.18,52.96,9217200,2026-02-14T03:46:38Z
SLB,2009-07-06,34.66,34.72,33.92,34.16,17805732,51.45,51.54,50.35,50.7,11995700,2026-02-14T03:46:38Z
SLB,2009-07-07,33.15,34.78,33.03,34.59,17297335,49.2,51.62,49.03,51.35,11653200,2026-02-14T03:46:38Z
SLB,2009-07-08,33.58,33.73,32.42,33.29,19120977,49.84,50.07,48.13,49.42,12881800,2026-02-14T03:46:38Z
SLB,2009-07-09,33.83,34.48,33.2,33.79,16103911,50.22,51.18,49.28,50.16,10849200,2026-02-14T03:46:38Z
SLB,2009-07-10,34.03,34.26,33.23,33.34,13079148,50.51,50.85,49.32,49.48,8811400,2026-02-14T03:46:38Z
SLB,2009-07-13,34.35,34.39,33.13,33.89,13410743,50.99,51.05,49.18,50.31,9034800,2026-02-14T03:46:38Z
SLB,2009-07-14,34.92,35.34,34.57,34.97,10868212,51.83,52.45,51.32,51.9,7321900,2026-02-14T03:46:38Z
SLB,2009-07-15,36.76,36.91,35.56,35.57,17418173,54.56,54.79,52.78,52.8,11734600,2026-02-14T03:46:38Z
SLB,2009-07-16,37.38,37.57,36.31,36.64,11982953,55.48,55.77,53.89,54.39,8072900,2026-02-14T03:46:38Z
SLB,2009-07-17,37.73,37.88,36.96,37.32,14501127,56.01,56.23,54.86,55.4,9769400,2026-02-14T03:46:38Z
SLB,2009-07-20,38.32,38.62,37.33,38.12,15017389,56.88,57.32,55.41,56.58,10117200,2026-02-14T03:46:38Z
SLB,2009-07-21,38.4,39.01,37.73,38.69,14879955,57,57.9,56,57.43,10024600,2026-02-14T03:46:38Z
SLB,2009-07-22,37.26,38.13,37.15,38.05,15332495,55.3,56.6,55.15,56.48,10329500,2026-02-14T03:46:38Z
SLB,2009-07-23,38.92,39.2,37.07,37.3,16028964,57.77,58.19,55.02,55.36,10798700,2026-02-14T03:46:38Z
SLB,2009-07-24,38.63,38.78,37.13,38.74,18596137,57.34,57.57,55.12,57.5,12528200,2026-02-14T03:46:38Z
SLB,2009-07-27,38.06,38.74,37.6,38.65,10610809,56.49,57.5,55.81,57.37,7148500,2026-02-14T03:46:38Z
SLB,2009-07-28,36.78,37.6,35.98,37.6,16327601,54.6,55.81,53.4,55.81,10999900,2026-02-14T03:46:38Z
SLB,2009-07-29,35.36,36.3,35.14,36.13,18391872,52.49,53.88,52.16,53.63,12390600,2026-02-14T03:46:38Z
SLB,2009-07-30,36,36.61,35.4,36.14,17129923,53.43,54.34,52.55,53.64,11540400,2026-02-14T03:46:38Z
SLB,2009-07-31,36.04,36.38,35.38,35.6,14150234,53.5,54,52.51,52.85,9533000,2026-02-14T03:46:38Z
SLB,2009-08-03,37.69,38.02,36.78,36.96,14601015,55.95,56.43,54.6,54.86,9836700,2026-02-14T03:46:38Z
SLB,2009-08-04,37.19,37.93,36.88,37.28,14328202,55.2,56.3,54.74,55.34,9652900,2026-02-14T03:46:38Z
SLB,2009-08-05,36.45,37.2,36.28,37.03,12984735,54.1,55.22,53.86,54.96,8747800,2026-02-14T03:46:38Z
SLB,2009-08-06,36.18,36.69,35.76,36.58,9646008,53.7,54.46,53.08,54.3,6498500,2026-02-14T03:46:38Z
SLB,2009-08-07,35.87,36.89,35.32,36.62,11202174,53.25,54.76,52.42,54.36,7546900,2026-02-14T03:46:38Z
SLB,2009-08-10,36.05,36.27,35.57,35.88,9304312,53.51,53.83,52.79,53.26,6268300,2026-02-14T03:46:38Z
SLB,2009-08-11,35.63,35.98,35.42,35.82,10044249,52.88,53.4,52.58,53.17,6766800,2026-02-14T03:46:38Z
SLB,2009-08-12,36.3,36.71,35.54,35.67,11585738,53.88,54.49,52.75,52.94,7805300,2026-02-14T03:46:38Z
SLB,2009-08-13,37.14,37.22,36.12,36.73,9992006,55.13,55.25,53.61,54.52,6731600,2026-02-14T03:46:38Z
SLB,2009-08-14,35.96,37.15,35.54,37.11,13214637,53.38,55.15,52.75,55.09,8902700,2026-02-14T03:46:38Z
SLB,2009-08-17,34.56,35.13,34.03,35.03,13602497,51.3,52.15,50.52,52,9164000,2026-02-14T03:46:38Z
SLB,2009-08-18,35.05,35.23,34.36,34.68,10022861,52.03,52.3,51,51.48,6752400,2026-02-14T03:46:38Z
SLB,2009-08-19,35.62,35.84,34.37,34.49,12628773,52.87,53.2,51.02,51.2,8508000,2026-02-14T03:46:38Z
SLB,2009-08-20,36.24,36.37,35.68,35.92,12860938,53.8,53.98,52.96,53.32,8664400,2026-02-14T03:46:38Z
SLB,2009-08-21,38.1,38.19,36.39,36.74,19843142,56.56,56.68,54.02,54.53,13368300,2026-02-14T03:46:38Z
SLB,2009-08-24,38.63,39.28,38.32,38.79,13842531,57.34,58.3,56.88,57.58,9325700,2026-02-14T03:46:38Z
SLB,2009-08-25,37.81,39.13,37.59,39.03,14273297,56.13,58.08,55.8,57.93,9615900,2026-02-14T03:46:38Z
SLB,2009-08-26,38.12,38.24,37.34,37.46,11829760,56.58,56.76,55.43,55.61,7969700,2026-02-14T03:46:38Z
SLB,2009-08-27,38.33,38.6,37.22,38.08,13920154,56.9,57.3,55.25,56.52,9378000,2026-02-14T03:46:38Z
SLB,2009-08-28,38.64,39.06,38.27,38.74,15964240,57.36,57.98,56.8,57.51,10755100,2026-02-14T03:46:38Z
SLB,2009-08-31,38,38.24,37.55,38.14,12588173,56.2,56.56,55.53,56.41,8511800,2026-02-14T03:46:38Z
SLB,2009-09-01,37.13,38.39,36.97,37.6,19915590,54.91,56.78,54.67,55.61,13466400,2026-02-14T03:46:38Z
SLB,2009-09-02,36.55,37.14,36.46,36.65,13128265,54.06,54.92,53.92,54.2,8877000,2026-02-14T03:46:38Z
SLB,2009-09-03,36.8,37.18,36.55,37.01,9796291,54.42,54.98,54.05,54.73,6624000,2026-02-14T03:46:38Z
SLB,2009-09-04,37.78,37.89,36.6,36.77,9199540,55.87,56.03,54.13,54.38,6220500,2026-02-14T03:46:38Z
SLB,2009-09-08,39.29,39.5,38.29,38.49,14972184,58.1,58.42,56.63,56.93,10123800,2026-02-14T03:46:38Z
SLB,2009-09-09,38.79,39.42,38.44,39.31,11392021,57.36,58.3,56.85,58.13,7703000,2026-02-14T03:46:38Z
SLB,2009-09-10,39.51,39.56,38.45,38.77,11309499,58.43,58.5,56.86,57.33,7647200,2026-02-14T03:46:38Z
SLB,2009-09-11,40.83,41.77,40.33,40.44,22051395,60.39,61.77,59.65,59.81,14910600,2026-02-14T03:46:38Z
SLB,2009-09-14,40.44,40.75,39.56,39.91,13534966,59.81,60.27,58.5,59.02,9152000,2026-02-14T03:46:38Z
SLB,2009-09-15,40.46,40.9,39.78,40.76,14380170,59.83,60.49,58.83,60.28,9723500,2026-02-14T03:46:38Z
SLB,2009-09-16,42.2,42.32,41.09,41.28,19336997,62.41,62.59,60.77,61.05,13075200,2026-02-14T03:46:38Z
SLB,2009-09-17,41.78,42.6,41.3,41.96,14091339,61.79,63,61.08,62.05,9528200,2026-02-14T03:46:38Z
SLB,2009-09-18,41.82,42.5,41.31,42.15,14156254,61.85,62.86,61.09,62.34,9572100,2026-02-14T03:46:38Z
SLB,2009-09-21,41.1,41.25,40.44,40.88,8407583,60.79,61.01,59.8,60.46,5685000,2026-02-14T03:46:38Z
SLB,2009-09-22,41.63,41.82,41.25,41.75,9392537,61.57,61.85,61,61.74,6351000,2026-02-14T03:46:38Z
SLB,2009-09-23,40.75,41.9,40.49,41.79,11729361,60.26,61.97,59.88,61.8,7931100,2026-02-14T03:46:38Z
SLB,2009-09-24,40,40.9,39.64,40.8,10217032,59.16,60.49,58.63,60.34,6908500,2026-02-14T03:46:38Z
SLB,2009-09-25,40.22,40.83,39.55,39.73,10654635,59.48,60.39,58.49,58.75,7204400,2026-02-14T03:46:38Z
SLB,2009-09-28,40.93,41.11,39.93,40.1,5397280,60.53,60.79,59.05,59.31,3649500,2026-02-14T03:46:38Z
SLB,2009-09-29,40.85,41.35,40.58,40.88,8638146,60.42,61.15,60.02,60.45,5840900,2026-02-14T03:46:38Z
SLB,2009-09-30,40.3,41.28,39.83,41.19,12521620,59.6,61.05,58.91,60.92,8466800,2026-02-14T03:46:38Z
SLB,2009-10-01,38.63,40.39,38.63,40.3,14787286,57.13,59.73,57.13,59.6,9998800,2026-02-14T03:46:38Z
SLB,2009-10-02,38.43,38.63,37.87,38.1,10141613,56.83,57.13,56,56.35,6857500,2026-02-14T03:46:38Z
SLB,2009-10-05,39.19,39.29,38.2,38.38,11924724,57.96,58.1,56.5,56.76,8063200,2026-02-14T03:46:38Z
SLB,2009-10-06,40.06,40.54,39.66,39.7,11201540,59.24,59.96,58.65,58.71,7574200,2026-02-14T03:46:38Z
SLB,2009-10-07,41.26,41.44,40.11,40.19,15405775,61.02,61.28,59.32,59.44,10417000,2026-02-14T03:46:38Z
SLB,2009-10-08,42.36,42.57,41.04,41.25,14835235,62.65,62.96,60.7,61,10031200,2026-02-14T03:46:38Z
SLB,2009-10-09,42.52,42.8,42.12,42.32,10935642,62.89,63.3,62.29,62.59,7394400,2026-02-14T03:46:38Z
SLB,2009-10-12,43.42,43.73,42.88,42.94,12204697,64.22,64.67,63.41,63.51,8252500,2026-02-14T03:46:38Z
SLB,2009-10-13,43.38,43.51,42.61,43.38,11704226,64.15,64.34,63.01,64.15,7914100,2026-02-14T03:46:38Z
SLB,2009-10-14,44.65,44.75,43.89,43.93,13318001,66.04,66.18,64.91,64.97,9005300,2026-02-14T03:46:38Z
SLB,2009-10-15,46.51,46.63,44.43,44.48,20217434,68.79,68.96,65.7,65.78,13670500,2026-02-14T03:46:38Z
SLB,2009-10-16,46.71,47.08,45.93,46.14,19714601,69.08,69.62,67.92,68.23,13330500,2026-02-14T03:46:38Z
SLB,2009-10-19,47.85,48.08,46.19,46.68,14402053,70.76,71.1,68.31,69.03,9738300,2026-02-14T03:46:38Z
SLB,2009-10-20,46.76,47.73,46.19,47.66,14697695,69.16,70.59,68.31,70.48,9938200,2026-02-14T03:46:38Z
SLB,2009-10-21,45.99,47.35,45.84,46.27,20161081,68.01,70.03,67.79,68.43,13632400,2026-02-14T03:46:38Z
SLB,2009-10-22,46.39,46.58,45.21,45.81,16037269,68.6,68.88,66.86,67.75,10844000,2026-02-14T03:46:38Z
SLB,2009-10-23,44.09,46.35,43.28,46.14,27757167,65.2,68.54,64,68.23,18768700,2026-02-14T03:46:38Z
SLB,2009-10-26,43.48,45.51,43.38,44.05,16746573,64.3,67.3,64.15,65.14,11323600,2026-02-14T03:46:38Z
SLB,2009-10-27,43.9,44.32,43.24,43.65,14100210,64.93,65.55,63.95,64.55,9534200,2026-02-14T03:46:38Z
SLB,2009-10-28,42.11,43.51,41.99,43.51,13310760,62.27,64.35,62.1,64.34,9000400,2026-02-14T03:46:38Z
SLB,2009-10-29,43.82,44.01,42.42,42.5,13755771,64.8,65.08,62.73,62.86,9301300,2026-02-14T03:46:38Z
SLB,2009-10-30,42.06,43.61,41.45,43.61,18873657,62.2,64.5,61.3,64.49,12761900,2026-02-14T03:46:38Z
SLB,2009-11-02,42.4,43.38,41.71,42.27,12495443,62.71,64.15,61.69,62.52,8449100,2026-02-14T03:46:38Z
SLB,2009-11-03,43.59,43.81,41.59,42,13836064,64.47,64.79,61.5,62.12,9355600,2026-02-14T03:46:38Z
SLB,2009-11-04,43.48,44.25,43.25,43.78,11662379,64.3,65.44,63.96,64.75,7885800,2026-02-14T03:46:38Z
SLB,2009-11-05,44.02,44.32,43.54,43.87,9390614,65.1,65.55,64.39,64.88,6349700,2026-02-14T03:46:38Z
SLB,2009-11-06,43.55,44.63,43.12,43.51,11341756,64.4,66.01,63.77,64.35,7669000,2026-02-14T03:46:38Z
SLB,2009-11-09,44.04,44.61,43.73,44.46,19801860,65.13,65.97,64.67,65.75,13389500,2026-02-14T03:46:38Z
SLB,2009-11-10,44.21,44.49,43.53,43.87,9239475,65.38,65.8,64.37,64.88,6247500,2026-02-14T03:46:38Z
SLB,2009-11-11,44.72,45.36,44.46,44.51,10194109,66.14,67.09,65.75,65.82,6893000,2026-02-14T03:46:38Z
SLB,2009-11-12,43.68,44.84,43.4,44.4,8925500,64.6,66.32,64.18,65.67,6035200,2026-02-14T03:46:38Z
SLB,2009-11-13,44.3,44.51,43.11,43.43,11799750,65.52,65.82,63.75,64.23,7978700,2026-02-14T03:46:38Z
SLB,2009-11-16,45.91,46.21,44.94,45,12950647,67.89,68.34,66.46,66.55,8756900,2026-02-14T03:46:38Z
SLB,2009-11-17,45.36,45.76,44.87,45.51,13413858,67.09,67.68,66.36,67.3,9070100,2026-02-14T03:46:38Z
SLB,2009-11-18,45.11,45.66,44.64,45.54,9966509,66.71,67.52,66.02,67.35,6739100,2026-02-14T03:46:38Z
SLB,2009-11-19,43.64,44.84,43.32,44.8,11504427,64.54,66.32,64.07,66.25,7779000,2026-02-14T03:46:38Z
SLB,2009-11-20,42.83,43.63,42.5,43.42,12603845,63.34,64.53,62.85,64.22,8522400,2026-02-14T03:46:38Z
SLB,2009-11-23,43.7,44.76,43.51,43.94,12610785,64.63,66.19,64.35,64.98,8527100,2026-02-14T03:46:38Z
SLB,2009-11-24,44.33,44.36,43.18,43.53,10528346,65.56,65.6,63.86,64.37,7119000,2026-02-14T03:46:38Z
SLB,2009-11-25,43.97,44.18,43.3,44.07,10609397,65.03,65.33,64.04,65.17,7173800,2026-02-14T03:46:38Z
SLB,2009-11-27,42.69,42.94,42.02,42.35,6127110,63.14,63.5,62.15,62.63,4143000,2026-02-14T03:46:38Z
