ticker,tradeDate,clsPx,hiPx,loPx,open,stockVolume,unadjClsPx,unadjHiPx,unadjLoPx,unadjOpen,unadjStockVolume,updatedAt
SNPS,2006-01-03,20.46,20.56,19.83,20.22,1282100,20.46,20.56,19.83,20.22,1282100,2020-09-26T01:40:18Z
SNPS,2006-01-04,20.85,20.91,20.44,20.44,1061200,20.85,20.91,20.44,20.44,1061200,2020-09-26T01:40:18Z
SNPS,2006-01-05,20.55,20.93,20.28,20.8,1315400,20.55,20.93,20.28,20.8,1315400,2020-09-26T01:40:18Z
SNPS,2006-01-06,20.61,20.9,20.37,20.63,1583800,20.61,20.9,20.37,20.63,1583800,2020-09-26T01:40:18Z
SNPS,2006-01-09,20.98,21.14,20.62,20.62,1149200,20.98,21.14,20.62,20.62,1149200,2020-09-26T01:40:18Z
SNPS,2006-01-10,20.98,21.04,20.72,20.75,911600,20.98,21.04,20.72,20.75,911600,2020-09-26T01:40:18Z
SNPS,2006-01-11,21.34,21.47,20.84,20.84,2092200,21.34,21.47,20.84,20.84,2092200,2020-09-26T01:40:18Z
SNPS,2006-01-12,21.67,21.92,21.2,21.46,1912700,21.67,21.92,21.2,21.46,1912700,2020-09-26T01:40:18Z
SNPS,2006-01-13,21.4,21.89,21.26,21.58,646500,21.4,21.89,21.26,21.58,646500,2020-09-26T01:40:18Z
SNPS,2006-01-17,21.15,21.31,21.11,21.22,635100,21.15,21.31,21.11,21.22,635100,2020-09-26T01:40:18Z
SNPS,2006-01-18,21,21.13,20.66,20.9,1308800,21,21.13,20.66,20.9,1308800,2020-09-26T01:40:18Z
SNPS,2006-01-19,21.06,21.18,20.9,21,1025000,21.06,21.18,20.9,21,1025000,2020-09-26T01:40:18Z
SNPS,2006-01-20,20.54,21.09,20.41,20.92,808800,20.54,21.09,20.41,20.92,808800,2020-09-26T01:40:18Z
SNPS,2006-01-23,20.82,21.02,20.63,20.65,949000,20.82,21.02,20.63,20.65,949000,2020-09-26T01:40:18Z
SNPS,2006-01-24,21.02,21.02,20.55,20.83,865800,21.02,21.02,20.55,20.83,865800,2020-09-26T01:40:18Z
SNPS,2006-01-25,20.69,21.09,20.59,21.01,1011400,20.69,21.09,20.59,21.01,1011400,2020-09-26T01:40:18Z
SNPS,2006-01-26,21.65,21.82,20.83,20.91,1636000,21.65,21.82,20.83,20.91,1636000,2020-09-26T01:40:18Z
SNPS,2006-01-27,21.83,22.1,21.65,21.73,1451900,21.83,22.1,21.65,21.73,1451900,2020-09-26T01:40:18Z
SNPS,2006-01-30,22.27,22.36,21.81,21.85,1641500,22.27,22.36,21.81,21.85,1641500,2020-09-26T01:40:18Z
SNPS,2006-01-31,22.11,22.25,22.02,22.23,1146300,22.11,22.25,22.02,22.23,1146300,2020-09-26T01:40:18Z
SNPS,2006-02-01,22.96,23.14,21.97,21.97,1746200,22.96,23.14,21.97,21.97,1746200,2020-09-26T01:40:18Z
SNPS,2006-02-02,22.81,22.91,22.43,22.83,2412300,22.81,22.91,22.43,22.83,2412300,2020-09-26T01:40:18Z
SNPS,2006-02-03,22.38,22.73,22.34,22.65,1045300,22.38,22.73,22.34,22.65,1045300,2020-09-26T01:40:18Z
SNPS,2006-02-06,22.22,22.4,22.19,22.4,903500,22.22,22.4,22.19,22.4,903500,2020-09-26T01:40:18Z
SNPS,2006-02-07,21.98,22.29,21.73,22.13,1165900,21.98,22.29,21.73,22.13,1165900,2020-09-26T01:40:18Z
SNPS,2006-02-08,22.11,22.26,21.92,21.99,867400,22.11,22.26,21.92,21.99,867400,2020-09-26T01:40:18Z
SNPS,2006-02-09,22.19,22.35,22,22.04,1591100,22.19,22.35,22,22.04,1591100,2020-09-26T01:40:18Z
SNPS,2006-02-10,22.23,22.31,22.02,22.24,1548200,22.23,22.31,22.02,22.24,1548200,2020-09-26T01:40:18Z
SNPS,2006-02-13,21.97,22.17,21.81,22.17,2018800,21.97,22.17,21.81,22.17,2018800,2020-09-26T01:40:18Z
SNPS,2006-02-14,22.15,22.17,21.88,22.02,994800,22.15,22.17,21.88,22.02,994800,2020-09-26T01:40:18Z
SNPS,2006-02-15,22.22,22.4,21.96,22,1523900,22.22,22.4,21.96,22,1523900,2020-09-26T01:40:18Z
SNPS,2006-02-16,22.83,24.25,22.52,22.72,5696100,22.83,24.25,22.52,22.72,5696100,2020-09-26T01:40:18Z
SNPS,2006-02-17,22.73,22.93,22.32,22.8,1777200,22.73,22.93,22.32,22.8,1777200,2020-09-26T01:40:18Z
SNPS,2006-02-21,22.54,22.82,22.51,22.67,847400,22.54,22.82,22.51,22.67,847400,2020-09-26T01:40:18Z
SNPS,2006-02-22,22.54,22.7,22.38,22.67,953000,22.54,22.7,22.38,22.67,953000,2020-09-26T01:40:18Z
SNPS,2006-02-23,22.25,22.53,22.2,22.47,1120900,22.25,22.53,22.2,22.47,1120900,2020-09-26T01:40:18Z
SNPS,2006-02-24,22.2,22.38,21.91,22.26,1846300,22.2,22.38,21.91,22.26,1846300,2020-09-26T01:40:18Z
SNPS,2006-02-27,22.12,22.35,22.01,22.35,2132200,22.12,22.35,22.01,22.35,2132200,2020-09-26T01:40:18Z
SNPS,2006-02-28,21.87,22.32,21.66,22.14,1188000,21.87,22.32,21.66,22.14,1188000,2020-09-26T01:40:18Z
SNPS,2006-03-01,21.99,22.09,21.49,21.5,1294400,21.99,22.09,21.49,21.5,1294400,2020-09-26T01:40:18Z
SNPS,2006-03-02,22.49,22.56,21.81,21.81,1656200,22.49,22.56,21.81,21.81,1656200,2020-09-26T01:40:18Z
SNPS,2006-03-03,22.1,22.49,22.08,22.28,976600,22.1,22.49,22.08,22.28,976600,2020-09-26T01:40:18Z
SNPS,2006-03-06,22.18,22.3,21.88,22.13,1167200,22.18,22.3,21.88,22.13,1167200,2020-09-26T01:40:18Z
SNPS,2006-03-07,22.03,22.13,21.84,22.05,1160900,22.03,22.13,21.84,22.05,1160900,2020-09-26T01:40:18Z
SNPS,2006-03-08,22,22.1,21.7,21.9,1157300,22,22.1,21.7,21.9,1157300,2020-09-26T01:40:18Z
SNPS,2006-03-09,21.88,22.08,21.7,22,616800,21.88,22.08,21.7,22,616800,2020-09-26T01:40:18Z
SNPS,2006-03-10,21.9,22.01,21.73,21.86,550500,21.9,22.01,21.73,21.86,550500,2020-09-26T01:40:18Z
SNPS,2006-03-13,21.98,22.1,21.92,22,691300,21.98,22.1,21.92,22,691300,2020-09-26T01:40:18Z
SNPS,2006-03-14,22.29,22.33,21.95,21.95,672000,22.29,22.33,21.95,21.95,672000,2020-09-26T01:40:18Z
SNPS,2006-03-15,22.74,22.9,22.32,22.34,1848300,22.74,22.9,22.32,22.34,1848300,2020-09-26T01:40:18Z
SNPS,2006-03-16,22.24,22.86,22.2,22.77,1004200,22.24,22.86,22.2,22.77,1004200,2020-09-26T01:40:18Z
SNPS,2006-03-17,22.11,22.45,22.01,22.3,1145700,22.11,22.45,22.01,22.3,1145700,2020-09-26T01:40:18Z
SNPS,2006-03-20,22.24,22.5,22.04,22.11,850500,22.24,22.5,22.04,22.11,850500,2020-09-26T01:40:18Z
SNPS,2006-03-21,22.03,22.62,21.96,22.17,1085000,22.03,22.62,21.96,22.17,1085000,2020-09-26T01:40:18Z
SNPS,2006-03-22,21.91,22.03,21.7,22,561200,21.91,22.03,21.7,22,561200,2020-09-26T01:40:18Z
SNPS,2006-03-23,21.45,21.9,21.33,21.81,1457600,21.45,21.9,21.33,21.81,1457600,2020-09-26T01:40:18Z
SNPS,2006-03-24,21.42,21.58,21.31,21.47,953300,21.42,21.58,21.31,21.47,953300,2020-09-26T01:40:18Z
SNPS,2006-03-27,21.39,21.72,21.13,21.43,1092000,21.39,21.72,21.13,21.43,1092000,2020-09-26T01:40:18Z
SNPS,2006-03-28,21.42,21.49,21.14,21.4,2650100,21.42,21.49,21.14,21.4,2650100,2020-09-26T01:40:18Z
SNPS,2006-03-29,21.91,22.13,21.45,21.5,1097600,21.91,22.13,21.45,21.5,1097600,2020-09-26T01:40:18Z
SNPS,2006-03-30,21.93,22.1,21.73,22,911500,21.93,22.1,21.73,22,911500,2020-09-26T01:40:18Z
SNPS,2006-03-31,22.35,22.42,21.87,21.89,1363300,22.35,22.42,21.87,21.89,1363300,2020-09-26T01:40:18Z
SNPS,2006-04-03,22.09,22.48,21.99,22.37,916900,22.09,22.48,21.99,22.37,916900,2020-09-26T01:40:18Z
SNPS,2006-04-04,21.79,22.18,21.75,22.08,598400,21.79,22.18,21.75,22.08,598400,2020-09-26T01:40:18Z
SNPS,2006-04-05,22.01,22.07,21.72,21.75,1022700,22.01,22.07,21.72,21.75,1022700,2020-09-26T01:40:18Z
SNPS,2006-04-06,21.86,22,21.69,21.95,541200,21.86,22,21.69,21.95,541200,2020-09-26T01:40:18Z
SNPS,2006-04-07,21.64,22.02,21.6,21.85,462200,21.64,22.02,21.6,21.85,462200,2020-09-26T01:40:18Z
SNPS,2006-04-10,21.35,21.78,21.32,21.6,997400,21.35,21.78,21.32,21.6,997400,2020-09-26T01:40:18Z
SNPS,2006-04-11,21.4,21.71,21.29,21.37,1211900,21.4,21.71,21.29,21.37,1211900,2020-09-26T01:40:18Z
SNPS,2006-04-12,21.37,21.55,21.35,21.37,490400,21.37,21.55,21.35,21.37,490400,2020-09-26T01:40:18Z
SNPS,2006-04-13,21.46,21.55,21.29,21.32,581000,21.46,21.55,21.29,21.32,581000,2020-09-26T01:40:18Z
SNPS,2006-04-17,21.04,21.45,21,21.41,691400,21.04,21.45,21,21.41,691400,2020-09-26T01:40:18Z
SNPS,2006-04-18,21.4,21.51,21.04,21.09,817700,21.4,21.51,21.04,21.09,817700,2020-09-26T01:40:18Z
SNPS,2006-04-19,21.74,21.75,21.21,21.3,732000,21.74,21.75,21.21,21.3,732000,2020-09-26T01:40:18Z
SNPS,2006-04-20,21.87,21.92,21.58,21.6,635400,21.87,21.92,21.58,21.6,635400,2020-09-26T01:40:18Z
SNPS,2006-04-21,21.98,22.11,21.86,21.93,843000,21.98,22.11,21.86,21.93,843000,2020-09-26T01:40:18Z
SNPS,2006-04-24,21.91,22.1,21.71,22.05,639200,21.91,22.1,21.71,22.05,639200,2020-09-26T01:40:18Z
SNPS,2006-04-25,21.73,21.95,21.58,21.92,544700,21.73,21.95,21.58,21.92,544700,2020-09-26T01:40:18Z
SNPS,2006-04-26,21.64,21.88,21.42,21.8,474600,21.64,21.88,21.42,21.8,474600,2020-09-26T01:40:18Z
SNPS,2006-04-27,21.74,21.85,21.4,21.5,781800,21.74,21.85,21.4,21.5,781800,2020-09-26T01:40:18Z
SNPS,2006-04-28,21.83,21.99,21.65,21.74,813600,21.83,21.99,21.65,21.74,813600,2020-09-26T01:40:18Z
SNPS,2006-05-01,21.78,22.06,21.74,21.9,688400,21.78,22.06,21.74,21.9,688400,2020-09-26T01:40:18Z
SNPS,2006-05-02,21.84,22,21.71,21.77,450400,21.84,22,21.71,21.77,450400,2020-09-26T01:40:18Z
SNPS,2006-05-03,21.66,21.85,21.53,21.83,1175600,21.66,21.85,21.53,21.83,1175600,2020-09-26T01:40:18Z
SNPS,2006-05-04,21.88,22,21.69,21.75,752200,21.88,22,21.69,21.75,752200,2020-09-26T01:40:18Z
SNPS,2006-05-05,21.9,22,21.66,22,572000,21.9,22,21.66,22,572000,2020-09-26T01:40:18Z
SNPS,2006-05-08,21.66,21.91,21.5,21.9,726700,21.66,21.91,21.5,21.9,726700,2020-09-26T01:40:18Z
SNPS,2006-05-09,21.51,21.65,21.4,21.64,561500,21.51,21.65,21.4,21.64,561500,2020-09-26T01:40:18Z
SNPS,2006-05-10,21.14,21.5,21.03,21.47,776600,21.14,21.5,21.03,21.47,776600,2020-09-26T01:40:18Z
SNPS,2006-05-11,20.84,21.22,20.82,21.22,1000600,20.84,21.22,20.82,21.22,1000600,2020-09-26T01:40:18Z
SNPS,2006-05-12,20.66,20.95,20.64,20.74,897300,20.66,20.95,20.64,20.74,897300,2020-09-26T01:40:18Z
SNPS,2006-05-15,20.48,20.78,20.47,20.59,757600,20.48,20.78,20.47,20.59,757600,2020-09-26T01:40:18Z
SNPS,2006-05-16,20.41,20.51,20.35,20.42,1388600,20.41,20.51,20.35,20.42,1388600,2020-09-26T01:40:18Z
SNPS,2006-05-17,20.44,20.67,20.26,20.35,1481000,20.44,20.67,20.26,20.35,1481000,2020-09-26T01:40:18Z
SNPS,2006-05-18,20.75,21.47,20.57,21.38,2391700,20.75,21.47,20.57,21.38,2391700,2020-09-26T01:40:18Z
SNPS,2006-05-19,20.62,20.75,20.48,20.69,1193500,20.62,20.75,20.48,20.69,1193500,2020-09-26T01:40:18Z
SNPS,2006-05-22,20.4,20.6,20.24,20.4,1253000,20.4,20.6,20.24,20.4,1253000,2020-09-26T01:40:18Z
SNPS,2006-05-23,20.2,20.62,20.2,20.44,797100,20.2,20.62,20.2,20.44,797100,2020-09-26T01:40:18Z
SNPS,2006-05-24,20.46,20.51,20.18,20.2,1257700,20.46,20.51,20.18,20.2,1257700,2020-09-26T01:40:18Z
SNPS,2006-05-25,20.53,20.56,20.35,20.53,641200,20.53,20.56,20.35,20.53,641200,2020-09-26T01:40:18Z
SNPS,2006-05-26,20.69,20.69,20.45,20.61,742100,20.69,20.69,20.45,20.61,742100,2020-09-26T01:40:18Z
SNPS,2006-05-30,20.33,20.67,20.3,20.58,998800,20.33,20.67,20.3,20.58,998800,2020-09-26T01:40:18Z
SNPS,2006-05-31,20.43,20.47,20.15,20.3,1070200,20.43,20.47,20.15,20.3,1070200,2020-09-26T01:40:18Z
SNPS,2006-06-01,19.93,20.69,19.89,20.49,1571900,19.93,20.69,19.89,20.49,1571900,2020-09-26T01:40:18Z
SNPS,2006-06-02,19.85,20.22,19.68,19.98,1249200,19.85,20.22,19.68,19.98,1249200,2020-09-26T01:40:18Z
SNPS,2006-06-05,19.61,20,19.56,19.74,992500,19.61,20,19.56,19.74,992500,2020-09-26T01:40:18Z
SNPS,2006-06-06,19.8,19.94,19.58,19.7,995800,19.8,19.94,19.58,19.7,995800,2020-09-26T01:40:18Z
SNPS,2006-06-07,19.76,20.15,19.64,19.76,771800,19.76,20.15,19.64,19.76,771800,2020-09-26T01:40:18Z
SNPS,2006-06-08,19.3,19.83,18.97,19.73,1285500,19.3,19.83,18.97,19.73,1285500,2020-09-26T01:40:18Z
SNPS,2006-06-09,19.26,19.53,19.13,19.29,642400,19.26,19.53,19.13,19.29,642400,2020-09-26T01:40:18Z
SNPS,2006-06-12,19.31,19.5,19.19,19.34,963900,19.31,19.5,19.19,19.34,963900,2020-09-26T01:40:18Z
SNPS,2006-06-13,18.77,19.42,18.73,19.26,1021000,18.77,19.42,18.73,19.26,1021000,2020-09-26T01:40:18Z
SNPS,2006-06-14,18.98,19.14,18.59,18.8,902400,18.98,19.14,18.59,18.8,902400,2020-09-26T01:40:18Z
SNPS,2006-06-15,19.1,19.12,18.61,18.97,1728900,19.1,19.12,18.61,18.97,1728900,2020-09-26T01:40:18Z
SNPS,2006-06-16,19.08,19.35,19.05,19.13,910400,19.08,19.35,19.05,19.13,910400,2020-09-26T01:40:18Z
SNPS,2006-06-19,18.94,19.21,18.76,19.04,1249300,18.94,19.21,18.76,19.04,1249300,2020-09-26T01:40:18Z
SNPS,2006-06-20,18.71,19,18.68,18.85,960000,18.71,19,18.68,18.85,960000,2020-09-26T01:40:18Z
SNPS,2006-06-21,18.79,18.98,18.66,18.66,965200,18.79,18.98,18.66,18.66,965200,2020-09-26T01:40:18Z
SNPS,2006-06-22,18.47,18.82,18.42,18.69,1276900,18.47,18.82,18.42,18.69,1276900,2020-09-26T01:40:18Z
SNPS,2006-06-23,18.82,18.88,18.24,18.41,814800,18.82,18.88,18.24,18.41,814800,2020-09-26T01:40:18Z
SNPS,2006-06-26,18.8,18.95,18.74,18.86,870900,18.8,18.95,18.74,18.86,870900,2020-09-26T01:40:18Z
SNPS,2006-06-27,18.57,18.88,18.43,18.75,934800,18.57,18.88,18.43,18.75,934800,2020-09-26T01:40:18Z
SNPS,2006-06-28,18.52,18.64,18.3,18.64,1006300,18.52,18.64,18.3,18.64,1006300,2020-09-26T01:40:18Z
SNPS,2006-06-29,19.01,19.01,18.63,18.68,898500,19.01,19.01,18.63,18.68,898500,2020-09-26T01:40:18Z
SNPS,2006-06-30,18.77,19.08,18.76,19.02,940000,18.77,19.08,18.76,19.02,940000,2020-09-26T01:40:18Z
SNPS,2006-07-03,19.22,19.34,18.74,18.76,564900,19.22,19.34,18.74,18.76,564900,2020-09-26T01:40:18Z
SNPS,2006-07-05,18.83,19.35,18.61,19.2,2056100,18.83,19.35,18.61,19.2,2056100,2020-09-26T01:40:18Z
SNPS,2006-07-06,18.9,18.99,18.8,18.8,867600,18.9,18.99,18.8,18.8,867600,2020-09-26T01:40:18Z
SNPS,2006-07-07,18.59,18.98,18.5,18.9,1072100,18.59,18.98,18.5,18.9,1072100,2020-09-26T01:40:18Z
SNPS,2006-07-10,18.19,18.69,18.16,18.66,1144500,18.19,18.69,18.16,18.66,1144500,2020-09-26T01:40:18Z
SNPS,2006-07-11,18.36,18.41,17.95,18.14,1042900,18.36,18.41,17.95,18.14,1042900,2020-09-26T01:40:18Z
SNPS,2006-07-12,18.22,18.48,18.11,18.29,888800,18.22,18.48,18.11,18.29,888800,2020-09-26T01:40:18Z
SNPS,2006-07-13,17.88,18.16,17.78,18.15,1208700,17.88,18.16,17.78,18.15,1208700,2020-09-26T01:40:18Z
SNPS,2006-07-14,17.82,17.92,17.7,17.84,1014300,17.82,17.92,17.7,17.84,1014300,2020-09-26T01:40:18Z
SNPS,2006-07-17,17.65,17.96,17.54,17.73,957500,17.65,17.96,17.54,17.73,957500,2020-09-26T01:40:18Z
SNPS,2006-07-18,17.44,17.77,17.23,17.65,1267100,17.44,17.77,17.23,17.65,1267100,2020-09-26T01:40:18Z
SNPS,2006-07-19,17.61,17.72,17.37,17.4,889100,17.61,17.72,17.37,17.4,889100,2020-09-26T01:40:18Z
SNPS,2006-07-20,17.37,17.65,17.29,17.64,1154900,17.37,17.65,17.29,17.64,1154900,2020-09-26T01:40:18Z
SNPS,2006-07-21,17.18,17.31,17.07,17.31,739600,17.18,17.31,17.07,17.31,739600,2020-09-26T01:40:18Z
SNPS,2006-07-24,17.26,17.33,17.19,17.28,797700,17.26,17.33,17.19,17.28,797700,2020-09-26T01:40:18Z
SNPS,2006-07-25,17.38,17.41,17.21,17.21,1094400,17.38,17.41,17.21,17.21,1094400,2020-09-26T01:40:18Z
SNPS,2006-07-26,17.57,17.72,17.25,17.3,1417500,17.57,17.72,17.25,17.3,1417500,2020-09-26T01:40:18Z
SNPS,2006-07-27,17.55,17.91,17.52,17.67,806700,17.55,17.91,17.52,17.67,806700,2020-09-26T01:40:18Z
SNPS,2006-07-28,17.78,17.89,17.52,17.56,802700,17.78,17.89,17.52,17.56,802700,2020-09-26T01:40:18Z
SNPS,2006-07-31,17.9,17.94,17.64,17.75,1009300,17.9,17.94,17.64,17.75,1009300,2020-09-26T01:40:18Z
SNPS,2006-08-01,17.53,17.71,17.45,17.71,507900,17.53,17.71,17.45,17.71,507900,2020-09-26T01:40:18Z
SNPS,2006-08-02,17.89,17.96,17.48,17.5,572000,17.89,17.96,17.48,17.5,572000,2020-09-26T01:40:18Z
SNPS,2006-08-03,17.99,18.08,17.65,17.85,414800,17.99,18.08,17.65,17.85,414800,2020-09-26T01:40:18Z
SNPS,2006-08-04,17.86,18.16,17.67,18.1,588500,17.86,18.16,17.67,18.1,588500,2020-09-26T01:40:18Z
SNPS,2006-08-07,17.72,17.94,17.65,17.81,408200,17.72,17.94,17.65,17.81,408200,2020-09-26T01:40:18Z
SNPS,2006-08-08,17.54,17.91,17.49,17.78,391000,17.54,17.91,17.49,17.78,391000,2020-09-26T01:40:18Z
SNPS,2006-08-09,17.59,17.89,17.59,17.71,382100,17.59,17.89,17.59,17.71,382100,2020-09-26T01:40:18Z
SNPS,2006-08-10,17.81,18,17.49,17.49,638900,17.81,18,17.49,17.49,638900,2020-09-26T01:40:18Z
SNPS,2006-08-11,17.65,17.84,17.64,17.73,366700,17.65,17.84,17.64,17.73,366700,2020-09-26T01:40:18Z
SNPS,2006-08-14,17.9,18.12,17.52,17.71,853900,17.9,18.12,17.52,17.71,853900,2020-09-26T01:40:18Z
SNPS,2006-08-15,18.24,18.37,17.96,18.17,764500,18.24,18.37,17.96,18.17,764500,2020-09-26T01:40:18Z
SNPS,2006-08-16,18.6,18.64,17.95,18.4,1201900,18.6,18.64,17.95,18.4,1201900,2020-09-26T01:40:18Z
SNPS,2006-08-17,18.11,18.36,17.54,17.89,3340700,18.11,18.36,17.54,17.89,3340700,2020-09-26T01:40:18Z
SNPS,2006-08-18,18.02,18.16,17.69,18.14,1024100,18.02,18.16,17.69,18.14,1024100,2020-09-26T01:40:18Z
SNPS,2006-08-21,18.05,18.1,17.89,18.01,781700,18.05,18.1,17.89,18.01,781700,2020-09-26T01:40:18Z
SNPS,2006-08-22,18,18.06,17.87,17.97,855100,18,18.06,17.87,17.97,855100,2020-09-26T01:40:18Z
SNPS,2006-08-23,18.48,18.52,17.9,18.06,1941000,18.48,18.52,17.9,18.06,1941000,2020-09-26T01:40:18Z
SNPS,2006-08-24,18.54,18.75,18.35,18.5,1307400,18.54,18.75,18.35,18.5,1307400,2020-09-26T01:40:18Z
SNPS,2006-08-25,18.45,18.63,18.35,18.55,1074300,18.45,18.63,18.35,18.55,1074300,2020-09-26T01:40:18Z
SNPS,2006-08-28,18.73,18.74,18.3,18.39,527700,18.73,18.74,18.3,18.39,527700,2020-09-26T01:40:18Z
SNPS,2006-08-29,19.03,19.03,18.66,18.7,1080600,19.03,19.03,18.66,18.7,1080600,2020-09-26T01:40:18Z
SNPS,2006-08-30,18.99,19.09,18.93,19.05,548200,18.99,19.09,18.93,19.05,548200,2020-09-26T01:40:18Z
SNPS,2006-08-31,18.96,19.15,18.9,19.06,540800,18.96,19.15,18.9,19.06,540800,2020-09-26T01:40:18Z
SNPS,2006-09-01,18.7,18.89,18.63,18.75,754900,18.7,18.89,18.63,18.75,754900,2020-09-26T01:40:18Z
SNPS,2006-09-05,18.9,18.99,18.61,18.61,606400,18.9,18.99,18.61,18.61,606400,2020-09-26T01:40:18Z
SNPS,2006-09-06,18.51,18.89,18.49,18.74,465000,18.51,18.89,18.49,18.74,465000,2020-09-26T01:40:18Z
SNPS,2006-09-07,18.38,18.66,18.35,18.44,792200,18.38,18.66,18.35,18.44,792200,2020-09-26T01:40:18Z
SNPS,2006-09-08,18.81,18.84,18.32,18.32,478600,18.81,18.84,18.32,18.32,478600,2020-09-26T01:40:18Z
SNPS,2006-09-11,18.87,18.97,18.62,18.67,440900,18.87,18.97,18.62,18.67,440900,2020-09-26T01:40:18Z
SNPS,2006-09-12,19.29,19.3,18.69,18.81,596200,19.29,19.3,18.69,18.81,596200,2020-09-26T01:40:18Z
SNPS,2006-09-13,19.34,19.36,19.15,19.25,660800,19.34,19.36,19.15,19.25,660800,2020-09-26T01:40:18Z
SNPS,2006-09-14,19.61,19.76,19.29,19.34,858200,19.61,19.76,19.29,19.34,858200,2020-09-26T01:40:18Z
SNPS,2006-09-15,19.47,19.8,19.46,19.66,831500,19.47,19.8,19.46,19.66,831500,2020-09-26T01:40:18Z
SNPS,2006-09-18,19.42,19.66,19.34,19.43,554000,19.42,19.66,19.34,19.43,554000,2020-09-26T01:40:18Z
SNPS,2006-09-19,19.38,19.48,19.11,19.3,467200,19.38,19.48,19.11,19.3,467200,2020-09-26T01:40:18Z
SNPS,2006-09-20,19.8,19.85,19.46,19.46,546000,19.8,19.85,19.46,19.46,546000,2020-09-26T01:40:18Z
SNPS,2006-09-21,19.61,19.83,19.57,19.79,464200,19.61,19.83,19.57,19.79,464200,2020-09-26T01:40:18Z
SNPS,2006-09-22,19.65,19.73,19.34,19.5,553300,19.65,19.73,19.34,19.5,553300,2020-09-26T01:40:18Z
SNPS,2006-09-25,19.8,19.83,19.47,19.72,392300,19.8,19.83,19.47,19.72,392300,2020-09-26T01:40:18Z
SNPS,2006-09-26,19.94,19.95,19.61,19.74,477700,19.94,19.95,19.61,19.74,477700,2020-09-26T01:40:18Z
SNPS,2006-09-27,20,20,19.88,19.95,478700,20,20,19.88,19.95,478700,2020-09-26T01:40:18Z
SNPS,2006-09-28,19.87,19.99,19.84,19.98,512200,19.87,19.99,19.84,19.98,512200,2020-09-26T01:40:18Z
SNPS,2006-09-29,19.72,19.96,19.69,19.92,527300,19.72,19.96,19.69,19.92,527300,2020-09-26T01:40:18Z
SNPS,2006-10-02,19.5,19.79,19.43,19.65,394300,19.5,19.79,19.43,19.65,394300,2020-09-26T01:40:18Z
SNPS,2006-10-03,19.4,19.51,19.32,19.42,309300,19.4,19.51,19.32,19.42,309300,2020-09-26T01:40:18Z
SNPS,2006-10-04,19.84,19.91,19.25,19.44,474300,19.84,19.91,19.25,19.44,474300,2020-09-26T01:40:18Z
SNPS,2006-10-05,20,20.01,19.69,19.75,502600,20,20.01,19.69,19.75,502600,2020-09-26T01:40:18Z
SNPS,2006-10-06,19.97,20.11,19.8,19.88,353600,19.97,20.11,19.8,19.88,353600,2020-09-26T01:40:18Z
SNPS,2006-10-09,20.15,20.25,19.75,19.88,501100,20.15,20.25,19.75,19.88,501100,2020-09-26T01:40:18Z
SNPS,2006-10-10,20.17,20.27,20.01,20.1,609800,20.17,20.27,20.01,20.1,609800,2020-09-26T01:40:18Z
SNPS,2006-10-11,20.16,20.45,20.06,20.1,553600,20.16,20.45,20.06,20.1,553600,2020-09-26T01:40:18Z
SNPS,2006-10-12,20.62,20.78,20.15,20.15,1712900,20.62,20.78,20.15,20.15,1712900,2020-09-26T01:40:18Z
SNPS,2006-10-13,21.3,21.32,20.54,20.56,1278100,21.3,21.32,20.54,20.56,1278100,2020-09-26T01:40:18Z
SNPS,2006-10-16,21.36,21.49,21.15,21.24,812600,21.36,21.49,21.15,21.24,812600,2020-09-26T01:40:18Z
SNPS,2006-10-17,21.99,22.49,21.62,21.62,2908600,21.99,22.49,21.62,21.62,2908600,2020-09-26T01:40:18Z
SNPS,2006-10-18,22.19,22.31,21.92,22,981400,22.19,22.31,21.92,22,981400,2020-09-26T01:40:18Z
SNPS,2006-10-19,22.3,22.32,22.07,22.07,805600,22.3,22.32,22.07,22.07,805600,2020-09-26T01:40:18Z
SNPS,2006-10-20,22.32,22.33,22.11,22.25,806300,22.32,22.33,22.11,22.25,806300,2020-09-26T01:40:18Z
SNPS,2006-10-23,22.5,22.53,22.17,22.17,752500,22.5,22.53,22.17,22.17,752500,2020-09-26T01:40:18Z
SNPS,2006-10-24,22.23,22.43,21.99,22.38,751200,22.23,22.43,21.99,22.38,751200,2020-09-26T01:40:18Z
SNPS,2006-10-25,22.3,22.37,22.01,22.15,392700,22.3,22.37,22.01,22.15,392700,2020-09-26T01:40:18Z
SNPS,2006-10-26,22.46,22.51,22.25,22.4,625200,22.46,22.51,22.25,22.4,625200,2020-09-26T01:40:18Z
SNPS,2006-10-27,22.32,22.72,22.28,22.4,684400,22.32,22.72,22.28,22.4,684400,2020-09-26T01:40:18Z
SNPS,2006-10-30,22.58,22.63,22.1,22.26,1032300,22.58,22.63,22.1,22.26,1032300,2020-09-26T01:40:18Z
SNPS,2006-10-31,22.51,22.77,22.38,22.74,853300,22.51,22.77,22.38,22.74,853300,2020-09-26T01:40:18Z
SNPS,2006-11-01,22.14,22.66,22.13,22.65,578900,22.14,22.66,22.13,22.65,578900,2020-09-26T01:40:18Z
SNPS,2006-11-02,22.48,22.5,22.01,22.08,582500,22.48,22.5,22.01,22.08,582500,2020-09-26T01:40:18Z
SNPS,2006-11-03,22.31,22.61,22.1,22.61,917700,22.31,22.61,22.1,22.61,917700,2020-09-26T01:40:18Z
SNPS,2006-11-06,22.44,22.49,22.15,22.43,655900,22.44,22.49,22.15,22.43,655900,2020-09-26T01:40:18Z
SNPS,2006-11-07,22.44,22.59,22.27,22.28,1300900,22.44,22.59,22.27,22.28,1300900,2020-09-26T01:40:18Z
SNPS,2006-11-08,22.26,22.36,22.1,22.32,1164000,22.26,22.36,22.1,22.32,1164000,2020-09-26T01:40:18Z
SNPS,2006-11-09,22.42,22.45,22.3,22.37,926600,22.42,22.45,22.3,22.37,926600,2020-09-26T01:40:18Z
SNPS,2006-11-10,22.75,22.75,22.36,22.36,716000,22.75,22.75,22.36,22.36,716000,2020-09-26T01:40:18Z
SNPS,2006-11-13,22.8,22.87,22.61,22.65,743900,22.8,22.87,22.61,22.65,743900,2020-09-26T01:40:18Z
SNPS,2006-11-14,23,23,22.61,22.72,866900,23,23,22.61,22.72,866900,2020-09-26T01:40:18Z
SNPS,2006-11-15,23.01,23.11,22.77,22.93,1131700,23.01,23.11,22.77,22.93,1131700,2020-09-26T01:40:18Z
SNPS,2006-11-16,22.98,23.17,22.79,23.12,697900,22.98,23.17,22.79,23.12,697900,2020-09-26T01:40:18Z
SNPS,2006-11-17,22.78,22.97,22.7,22.96,733200,22.78,22.97,22.7,22.96,733200,2020-09-26T01:40:18Z
SNPS,2006-11-20,22.99,23.18,22.68,22.87,624000,22.99,23.18,22.68,22.87,624000,2020-09-26T01:40:18Z
SNPS,2006-11-21,22.96,22.99,22.81,22.92,462800,22.96,22.99,22.81,22.92,462800,2020-09-26T01:40:18Z
SNPS,2006-11-22,22.76,22.95,22.63,22.91,1192400,22.76,22.95,22.63,22.91,1192400,2020-09-26T01:40:18Z
SNPS,2006-11-24,22.58,22.7,22.53,22.6,323900,22.58,22.7,22.53,22.6,323900,2020-09-26T01:40:18Z
SNPS,2006-11-27,22.2,22.67,22.19,22.53,1031300,22.2,22.67,22.19,22.53,1031300,2020-09-26T01:40:18Z
SNPS,2006-11-28,22.12,22.2,21.84,22.16,1464100,22.12,22.2,21.84,22.16,1464100,2020-09-26T01:40:18Z
SNPS,2006-11-29,23.24,23.24,22.35,22.35,2826500,23.24,23.24,22.35,22.35,2826500,2020-09-26T01:40:18Z
SNPS,2006-11-30,25.55,26,24.74,25.46,9158700,25.55,26,24.74,25.46,9158700,2020-09-26T01:40:18Z
SNPS,2006-12-01,25.47,25.77,25.01,25.44,3722400,25.47,25.77,25.01,25.44,3722400,2020-09-26T01:40:18Z
SNPS,2006-12-04,25.99,26,25.36,25.36,2155500,25.99,26,25.36,25.36,2155500,2020-09-26T01:40:18Z
SNPS,2006-12-05,26.09,26.14,25.65,25.65,1323200,26.09,26.14,25.65,25.65,1323200,2020-09-26T01:40:18Z
SNPS,2006-12-06,26.17,26.44,25.92,25.97,2135800,26.17,26.44,25.92,25.97,2135800,2020-09-26T01:40:18Z
SNPS,2006-12-07,26.21,26.58,26.02,26.49,1146000,26.21,26.58,26.02,26.49,1146000,2020-09-26T01:40:18Z
SNPS,2006-12-08,26.28,26.5,25.9,26.09,1330700,26.28,26.5,25.9,26.09,1330700,2020-09-26T01:40:18Z
SNPS,2006-12-11,26.65,26.75,26.16,26.16,1319700,26.65,26.75,26.16,26.16,1319700,2020-09-26T01:40:18Z
SNPS,2006-12-12,26.51,26.73,26.2,26.51,1279600,26.51,26.73,26.2,26.51,1279600,2020-09-26T01:40:18Z
SNPS,2006-12-13,26.84,26.94,26.51,26.51,1723700,26.84,26.94,26.51,26.51,1723700,2020-09-26T01:40:18Z
SNPS,2006-12-14,26.73,27.14,26.65,26.75,1657400,26.73,27.14,26.65,26.75,1657400,2020-09-26T01:40:18Z
SNPS,2006-12-15,26.7,26.92,26.64,26.75,1122500,26.7,26.92,26.64,26.75,1122500,2020-09-26T01:40:18Z
SNPS,2006-12-18,26.24,26.81,26.17,26.66,1113200,26.24,26.81,26.17,26.66,1113200,2020-09-26T01:40:18Z
SNPS,2006-12-19,26.53,26.56,25.93,26,1284900,26.53,26.56,25.93,26,1284900,2020-09-26T01:40:18Z
SNPS,2006-12-20,26.86,27.16,26.41,26.5,1287400,26.86,27.16,26.41,26.5,1287400,2020-09-26T01:40:18Z
SNPS,2006-12-21,26.74,27.03,26.59,26.8,974200,26.74,27.03,26.59,26.8,974200,2020-09-26T01:40:18Z
SNPS,2006-12-22,26.48,26.86,26.39,26.8,720200,26.48,26.86,26.39,26.8,720200,2020-09-26T01:40:18Z
SNPS,2006-12-26,26.69,26.76,26.38,26.39,759000,26.69,26.76,26.38,26.39,759000,2020-09-26T01:40:18Z
SNPS,2006-12-27,26.76,26.97,26.59,26.62,893900,26.76,26.97,26.59,26.62,893900,2020-09-26T01:40:18Z
SNPS,2006-12-28,26.58,26.81,26.55,26.76,738800,26.58,26.81,26.55,26.76,738800,2020-09-26T01:40:18Z
SNPS,2006-12-29,26.73,27.02,26.58,26.66,887100,26.73,27.02,26.58,26.66,887100,2020-09-26T01:40:18Z
SNPS,2007-01-03,26.49,27.13,26.25,26.7,1481000,26.49,27.13,26.25,26.7,1481000,2020-09-26T01:40:18Z
SNPS,2007-01-04,26.9,26.96,26.08,26.46,1299500,26.9,26.96,26.08,26.46,1299500,2020-09-26T01:40:18Z
SNPS,2007-01-05,26.54,26.78,26.16,26.78,1278900,26.54,26.78,26.16,26.78,1278900,2020-09-26T01:40:18Z
SNPS,2007-01-08,26.79,26.95,26.39,26.39,1086400,26.79,26.95,26.39,26.39,1086400,2020-09-26T01:40:18Z
SNPS,2007-01-09,26.63,26.9,26.17,26.75,1353100,26.63,26.9,26.17,26.75,1353100,2020-09-26T01:40:18Z
SNPS,2007-01-10,26.91,26.93,26.18,26.43,841300,26.91,26.93,26.18,26.43,841300,2020-09-26T01:40:18Z
SNPS,2007-01-11,26.95,27.03,26.86,26.91,1118100,26.95,27.03,26.86,26.91,1118100,2020-09-26T01:40:18Z
SNPS,2007-01-12,26.97,27.03,26.73,27,854700,26.97,27.03,26.73,27,854700,2020-09-26T01:40:18Z
SNPS,2007-01-16,27.14,27.37,26.81,26.95,1412600,27.14,27.37,26.81,26.95,1412600,2020-09-26T01:40:18Z
SNPS,2007-01-17,27.45,27.49,27.05,27.14,847900,27.45,27.49,27.05,27.14,847900,2020-09-26T01:40:18Z
SNPS,2007-01-18,26.55,27.37,26.44,27.36,872200,26.55,27.37,26.44,27.36,872200,2020-09-26T01:40:18Z
SNPS,2007-01-19,26.39,26.58,26.05,26.49,866700,26.39,26.58,26.05,26.49,866700,2020-09-26T01:40:18Z
SNPS,2007-01-22,26.26,26.6,26.09,26.46,1091700,26.26,26.6,26.09,26.46,1091700,2020-09-26T01:40:18Z
SNPS,2007-01-23,26.14,26.3,26.01,26.19,1281100,26.14,26.3,26.01,26.19,1281100,2020-09-26T01:40:18Z
SNPS,2007-01-24,26.75,26.85,26.04,26.04,787400,26.75,26.85,26.04,26.04,787400,2020-09-26T01:40:18Z
SNPS,2007-01-25,26.51,26.86,26.39,26.86,923700,26.51,26.86,26.39,26.86,923700,2020-09-26T01:40:18Z
SNPS,2007-01-26,26.34,26.64,26.11,26.51,608200,26.34,26.64,26.11,26.51,608200,2020-09-26T01:40:18Z
SNPS,2007-01-29,26.19,26.48,26.08,26.38,712600,26.19,26.48,26.08,26.38,712600,2020-09-26T01:40:18Z
SNPS,2007-01-30,27,27.1,26.29,26.37,1437900,27,27.1,26.29,26.37,1437900,2020-09-26T01:40:18Z
SNPS,2007-01-31,26.6,26.81,26.05,26.8,1633900,26.6,26.81,26.05,26.8,1633900,2020-09-26T01:40:18Z
SNPS,2007-02-01,26.57,26.9,26.19,26.73,1443500,26.57,26.9,26.19,26.73,1443500,2020-09-26T01:40:18Z
SNPS,2007-02-02,26.39,26.7,26.16,26.57,1301000,26.39,26.7,26.16,26.57,1301000,2020-09-26T01:40:18Z
SNPS,2007-02-05,26.41,26.49,26.16,26.23,716100,26.41,26.49,26.16,26.23,716100,2020-09-26T01:40:18Z
SNPS,2007-02-06,26.26,26.62,26.05,26.62,765700,26.26,26.62,26.05,26.62,765700,2020-09-26T01:40:18Z
SNPS,2007-02-07,26.74,26.84,26.22,26.26,1202600,26.74,26.84,26.22,26.26,1202600,2020-09-26T01:40:18Z
SNPS,2007-02-08,26.72,26.76,26.57,26.61,1302000,26.72,26.76,26.57,26.61,1302000,2020-09-26T01:40:18Z
SNPS,2007-02-09,26.09,26.8,25.94,26.74,1185300,26.09,26.8,25.94,26.74,1185300,2020-09-26T01:40:18Z
SNPS,2007-02-12,25.84,26.1,25.79,26.07,749700,25.84,26.1,25.79,26.07,749700,2020-09-26T01:40:18Z
SNPS,2007-02-13,25.86,25.98,25.65,25.94,931700,25.86,25.98,25.65,25.94,931700,2020-09-26T01:40:18Z
SNPS,2007-02-14,26.07,26.19,25.75,25.88,755900,26.07,26.19,25.75,25.88,755900,2020-09-26T01:40:18Z
SNPS,2007-02-15,26.32,26.45,25.94,26.11,1058100,26.32,26.45,25.94,26.11,1058100,2020-09-26T01:40:18Z
SNPS,2007-02-16,26.16,26.34,26.02,26.34,564800,26.16,26.34,26.02,26.34,564800,2020-09-26T01:40:18Z
SNPS,2007-02-20,26.66,26.71,25.86,26.12,1289200,26.66,26.71,25.86,26.12,1289200,2020-09-26T01:40:18Z
SNPS,2007-02-21,26.82,26.9,26.39,26.69,1390400,26.82,26.9,26.39,26.69,1390400,2020-09-26T01:40:18Z
SNPS,2007-02-22,26.13,26.89,25.39,25.76,2601000,26.13,26.89,25.39,25.76,2601000,2020-09-26T01:40:18Z
SNPS,2007-02-23,26.37,26.49,25.98,26.11,1146100,26.37,26.49,25.98,26.11,1146100,2020-09-26T01:40:18Z
SNPS,2007-02-26,26.29,26.44,26.01,26.37,1346600,26.29,26.44,26.01,26.37,1346600,2020-09-26T01:40:18Z
SNPS,2007-02-27,25.58,26.14,25.24,25.88,1747400,25.58,26.14,25.24,25.88,1747400,2020-09-26T01:40:18Z
SNPS,2007-02-28,25.58,26.01,25.25,25.57,1482400,25.58,26.01,25.25,25.57,1482400,2020-09-26T01:40:18Z
SNPS,2007-03-01,24.88,25.06,24.02,24.6,1616100,24.88,25.06,24.02,24.6,1616100,2020-09-26T01:40:18Z
SNPS,2007-03-02,24.6,25.08,24.56,24.78,977500,24.6,25.08,24.56,24.78,977500,2020-09-26T01:40:18Z
SNPS,2007-03-05,24.33,24.74,24.19,24.28,1292100,24.33,24.74,24.19,24.28,1292100,2020-09-26T01:40:18Z
SNPS,2007-03-06,25.45,25.65,24.36,24.43,1565300,25.45,25.65,24.36,24.43,1565300,2020-09-26T01:40:18Z
SNPS,2007-03-07,25.35,25.61,25.15,25.39,1513400,25.35,25.61,25.15,25.39,1513400,2020-09-26T01:40:18Z
SNPS,2007-03-08,25.15,25.59,25.07,25.59,641500,25.15,25.59,25.07,25.59,641500,2020-09-26T01:40:18Z
SNPS,2007-03-09,25.68,25.88,25.42,25.42,1201700,25.68,25.88,25.42,25.42,1201700,2020-09-26T01:40:18Z
SNPS,2007-03-12,26.16,26.31,25.9,25.94,1362800,26.16,26.31,25.9,25.94,1362800,2020-09-26T01:40:18Z
SNPS,2007-03-13,26.03,26.41,25.91,25.95,1816000,26.03,26.41,25.91,25.95,1816000,2020-09-26T01:40:18Z
SNPS,2007-03-14,26.17,26.25,25.94,26.02,1758400,26.17,26.25,25.94,26.02,1758400,2020-09-26T01:40:18Z
SNPS,2007-03-15,26.49,26.57,26.17,26.2,1473700,26.49,26.57,26.17,26.2,1473700,2020-09-26T01:40:18Z
SNPS,2007-03-16,26.51,26.65,26.32,26.39,1108400,26.51,26.65,26.32,26.39,1108400,2020-09-26T01:40:18Z
SNPS,2007-03-19,26.36,26.65,26.32,26.52,1269500,26.36,26.65,26.32,26.52,1269500,2020-09-26T01:40:18Z
SNPS,2007-03-20,26.75,26.75,26.14,26.32,1146200,26.75,26.75,26.14,26.32,1146200,2020-09-26T01:40:18Z
SNPS,2007-03-21,26.94,27,26.53,26.65,705200,26.94,27,26.53,26.65,705200,2020-09-26T01:40:18Z
SNPS,2007-03-22,27.01,27.01,26.8,26.89,1003900,27.01,27.01,26.8,26.89,1003900,2020-09-26T01:40:18Z
SNPS,2007-03-23,26.65,26.97,26.54,26.87,876200,26.65,26.97,26.54,26.87,876200,2020-09-26T01:40:18Z
SNPS,2007-03-26,26.49,26.81,26.49,26.54,977500,26.49,26.81,26.49,26.54,977500,2020-09-26T01:40:18Z
SNPS,2007-03-27,26.49,26.77,26.16,26.58,976700,26.49,26.77,26.16,26.58,976700,2020-09-26T01:40:18Z
SNPS,2007-03-28,26.29,26.43,26,26.43,1056000,26.29,26.43,26,26.43,1056000,2020-09-26T01:40:18Z
SNPS,2007-03-29,26.11,26.35,25.83,26.26,656500,26.11,26.35,25.83,26.26,656500,2020-09-26T01:40:18Z
SNPS,2007-03-30,26.23,26.49,26.06,26.16,667200,26.23,26.49,26.06,26.16,667200,2020-09-26T01:40:18Z
SNPS,2007-04-02,26.25,26.25,25.6,26.11,620500,26.25,26.25,25.6,26.11,620500,2020-09-26T01:40:18Z
SNPS,2007-04-03,26.65,26.73,26.25,26.35,695100,26.65,26.73,26.25,26.35,695100,2020-09-26T01:40:18Z
SNPS,2007-04-04,26.68,26.72,26.49,26.59,626400,26.68,26.72,26.49,26.59,626400,2020-09-26T01:40:18Z
SNPS,2007-04-05,26.9,26.95,26.6,26.6,375900,26.9,26.95,26.6,26.6,375900,2020-09-26T01:40:18Z
SNPS,2007-04-09,26.94,27.04,26.84,26.93,670200,26.94,27.04,26.84,26.93,670200,2020-09-26T01:40:18Z
SNPS,2007-04-10,26.46,26.91,26.3,26.91,863100,26.46,26.91,26.3,26.91,863100,2020-09-26T01:40:18Z
SNPS,2007-04-11,26.65,26.67,26.1,26.47,710100,26.65,26.67,26.1,26.47,710100,2020-09-26T01:40:18Z
SNPS,2007-04-12,26.95,26.95,26.34,26.53,700100,26.95,26.95,26.34,26.53,700100,2020-09-26T01:40:18Z
SNPS,2007-04-13,26.75,26.94,26.6,26.94,475700,26.75,26.94,26.6,26.94,475700,2020-09-26T01:40:18Z
SNPS,2007-04-16,27.12,27.18,26.75,26.79,752200,27.12,27.18,26.75,26.79,752200,2020-09-26T01:40:18Z
SNPS,2007-04-17,27.49,27.86,26.97,27.12,1432000,27.49,27.86,26.97,27.12,1432000,2020-09-26T01:40:18Z
SNPS,2007-04-18,27.43,27.5,26.85,27.38,980700,27.43,27.5,26.85,27.38,980700,2020-09-26T01:40:18Z
SNPS,2007-04-19,27.34,27.49,26.85,27.35,646900,27.34,27.49,26.85,27.35,646900,2020-09-26T01:40:18Z
SNPS,2007-04-20,27.7,27.73,27.29,27.48,797700,27.7,27.73,27.29,27.48,797700,2020-09-26T01:40:18Z
SNPS,2007-04-23,27.7,27.77,27.52,27.52,931400,27.7,27.77,27.52,27.52,931400,2020-09-26T01:40:18Z
SNPS,2007-04-24,28.08,28.13,27.63,27.72,1173900,28.08,28.13,27.63,27.72,1173900,2020-09-26T01:40:18Z
SNPS,2007-04-25,28.08,28.26,27.84,28.08,1011700,28.08,28.26,27.84,28.08,1011700,2020-09-26T01:40:18Z
SNPS,2007-04-26,27.95,28.19,27.91,28.14,921400,27.95,28.19,27.91,28.14,921400,2020-09-26T01:40:18Z
SNPS,2007-04-27,28.02,28.1,27.8,27.95,501200,28.02,28.1,27.8,27.95,501200,2020-09-26T01:40:18Z
SNPS,2007-04-30,27.66,28.08,27.65,28,733800,27.66,28.08,27.65,28,733800,2020-09-26T01:40:18Z
SNPS,2007-05-01,27.68,27.84,27.24,27.67,478600,27.68,27.84,27.24,27.67,478600,2020-09-26T01:40:18Z
SNPS,2007-05-02,27.87,28,27.55,27.55,491500,27.87,28,27.55,27.55,491500,2020-09-26T01:40:18Z
SNPS,2007-05-03,27.99,28.09,27.66,27.66,954200,27.99,28.09,27.66,27.66,954200,2020-09-26T01:40:18Z
SNPS,2007-05-04,28.25,28.27,27.91,28.1,595800,28.25,28.27,27.91,28.1,595800,2020-09-26T01:40:18Z
SNPS,2007-05-07,28.15,28.42,28.12,28.41,752900,28.15,28.42,28.12,28.41,752900,2020-09-26T01:40:18Z
SNPS,2007-05-08,28.14,28.24,27.83,28.1,538300,28.14,28.24,27.83,28.1,538300,2020-09-26T01:40:18Z
SNPS,2007-05-09,28.42,28.5,27.81,28.01,730100,28.42,28.5,27.81,28.01,730100,2020-09-26T01:40:18Z
SNPS,2007-05-10,28.03,28.47,28,28.25,735900,28.03,28.47,28,28.25,735900,2020-09-26T01:40:18Z
SNPS,2007-05-11,28.38,28.48,28,28.11,526100,28.38,28.48,28,28.11,526100,2020-09-26T01:40:18Z
SNPS,2007-05-14,28.21,28.67,28.1,28.29,642600,28.21,28.67,28.1,28.29,642600,2020-09-26T01:40:18Z
SNPS,2007-05-15,28.07,28.64,27.97,28.24,785900,28.07,28.64,27.97,28.24,785900,2020-09-26T01:40:18Z
SNPS,2007-05-16,27.78,28.1,27.45,28.01,965200,27.78,28.1,27.45,28.01,965200,2020-09-26T01:40:18Z
SNPS,2007-05-17,27.48,27.79,27.44,27.76,999900,27.48,27.79,27.44,27.76,999900,2020-09-26T01:40:18Z
SNPS,2007-05-18,27.83,27.96,27.34,27.42,785000,27.83,27.96,27.34,27.42,785000,2020-09-26T01:40:18Z
SNPS,2007-05-21,28.31,28.41,27.68,27.76,720100,28.31,28.41,27.68,27.76,720100,2020-09-26T01:40:18Z
SNPS,2007-05-22,28.29,28.34,27.92,28.07,932000,28.29,28.34,27.92,28.07,932000,2020-09-26T01:40:18Z
SNPS,2007-05-23,28.3,28.58,28.05,28.22,1515200,28.3,28.58,28.05,28.22,1515200,2020-09-26T01:40:18Z
SNPS,2007-05-24,25.39,26.5,24.96,26.07,5612000,25.39,26.5,24.96,26.07,5612000,2020-09-26T01:40:18Z
SNPS,2007-05-25,26.66,26.69,25.31,25.38,2859800,26.66,26.69,25.31,25.38,2859800,2020-09-26T01:40:18Z
SNPS,2007-05-29,26.35,26.69,26.07,26.66,1781200,26.35,26.69,26.07,26.66,1781200,2020-09-26T01:40:18Z
SNPS,2007-05-30,26.73,26.73,26.04,26.18,1753800,26.73,26.73,26.04,26.18,1753800,2020-09-26T01:40:18Z
SNPS,2007-05-31,26.52,26.91,26.48,26.75,2149100,26.52,26.91,26.48,26.75,2149100,2020-09-26T01:40:18Z
SNPS,2007-06-01,27.26,27.49,26.48,26.99,1547100,27.26,27.49,26.48,26.99,1547100,2020-09-26T01:40:18Z
SNPS,2007-06-04,27.78,28.08,27.39,27.6,2409900,27.78,28.08,27.39,27.6,2409900,2020-09-26T01:40:18Z
SNPS,2007-06-05,27.54,27.8,27.45,27.58,973600,27.54,27.8,27.45,27.58,973600,2020-09-26T01:40:18Z
SNPS,2007-06-06,27.5,27.66,27.2,27.5,1200700,27.5,27.66,27.2,27.5,1200700,2020-09-26T01:40:18Z
SNPS,2007-06-07,27.37,27.85,27.26,27.37,1231800,27.37,27.85,27.26,27.37,1231800,2020-09-26T01:40:18Z
SNPS,2007-06-08,27.48,27.48,27,27.22,929900,27.48,27.48,27,27.22,929900,2020-09-26T01:40:18Z
SNPS,2007-06-11,27.01,27.54,26.99,27.47,1897300,27.01,27.54,26.99,27.47,1897300,2020-09-26T01:40:18Z
SNPS,2007-06-12,26.69,27.12,26.65,26.78,1733800,26.69,27.12,26.65,26.78,1733800,2020-09-26T01:40:18Z
SNPS,2007-06-13,26.85,26.98,26.65,26.83,1851400,26.85,26.98,26.65,26.83,1851400,2020-09-26T01:40:18Z
SNPS,2007-06-14,26.99,27.29,26.81,26.82,1314000,26.99,27.29,26.81,26.82,1314000,2020-09-26T01:40:18Z
SNPS,2007-06-15,27.03,27.3,26.96,27.25,999700,27.03,27.3,26.96,27.25,999700,2020-09-26T01:40:18Z
SNPS,2007-06-18,26.88,27.14,26.56,27.09,1493500,26.88,27.14,26.56,27.09,1493500,2020-09-26T01:40:18Z
SNPS,2007-06-19,27.12,27.24,26.64,26.86,973900,27.12,27.24,26.64,26.86,973900,2020-09-26T01:40:18Z
SNPS,2007-06-20,26.66,27.12,26.66,27.12,1009100,26.66,27.12,26.66,27.12,1009100,2020-09-26T01:40:18Z
SNPS,2007-06-21,26.87,26.92,26.31,26.6,961300,26.87,26.92,26.31,26.6,961300,2020-09-26T01:40:18Z
SNPS,2007-06-22,26.59,26.9,26.41,26.69,2546500,26.59,26.9,26.41,26.69,2546500,2020-09-26T01:40:18Z
SNPS,2007-06-25,26.32,26.85,26.27,26.57,883700,26.32,26.85,26.27,26.57,883700,2020-09-26T01:40:18Z
SNPS,2007-06-26,26.36,26.55,26.17,26.29,1326800,26.36,26.55,26.17,26.29,1326800,2020-09-26T01:40:18Z
SNPS,2007-06-27,26.86,26.86,26.31,26.31,926500,26.86,26.86,26.31,26.31,926500,2020-09-26T01:40:18Z
SNPS,2007-06-28,26.8,27.3,26.7,26.7,1102500,26.8,27.3,26.7,26.7,1102500,2020-09-26T01:40:18Z
SNPS,2007-06-29,26.43,26.95,26.15,26.95,1382400,26.43,26.95,26.15,26.95,1382400,2020-09-26T01:40:18Z
SNPS,2007-07-02,26.88,26.89,26.43,26.61,1012100,26.88,26.89,26.43,26.61,1012100,2020-09-26T01:40:18Z
SNPS,2007-07-03,26.87,26.89,26.67,26.88,324700,26.87,26.89,26.67,26.88,324700,2020-09-26T01:40:18Z
SNPS,2007-07-05,26.57,26.88,26.34,26.87,823600,26.57,26.88,26.34,26.87,823600,2020-09-26T01:40:18Z
SNPS,2007-07-06,26.8,26.8,26.51,26.65,1390300,26.8,26.8,26.51,26.65,1390300,2020-09-26T01:40:18Z
SNPS,2007-07-09,26.57,26.71,26.26,26.71,1177100,26.57,26.71,26.26,26.71,1177100,2020-09-26T01:40:18Z
SNPS,2007-07-10,26.29,26.46,26.1,26.35,1331700,26.29,26.46,26.1,26.35,1331700,2020-09-26T01:40:18Z
SNPS,2007-07-11,26.45,26.45,26.09,26.34,819100,26.45,26.45,26.09,26.34,819100,2020-09-26T01:40:18Z
SNPS,2007-07-12,27.14,27.14,26.53,26.55,1460300,27.14,27.14,26.53,26.55,1460300,2020-09-26T01:40:18Z
SNPS,2007-07-13,26.86,27.01,26.67,26.95,1276400,26.86,27.01,26.67,26.95,1276400,2020-09-26T01:40:18Z
SNPS,2007-07-16,26.87,27.08,26.46,26.73,1084300,26.87,27.08,26.46,26.73,1084300,2020-09-26T01:40:18Z
SNPS,2007-07-17,27.2,27.22,26.73,26.93,659000,27.2,27.22,26.73,26.93,659000,2020-09-26T01:40:18Z
SNPS,2007-07-18,26.83,27,26.41,27,777700,26.83,27,26.41,27,777700,2020-09-26T01:40:18Z
SNPS,2007-07-19,27.45,27.5,26.87,27.04,1287300,27.45,27.5,26.87,27.04,1287300,2020-09-26T01:40:18Z
SNPS,2007-07-20,26.9,27.45,26.77,27.37,575600,26.9,27.45,26.77,27.37,575600,2020-09-26T01:40:18Z
SNPS,2007-07-23,27.09,27.34,26.81,27,795000,27.09,27.34,26.81,27,795000,2020-09-26T01:40:18Z
SNPS,2007-07-24,26.41,27.02,26.33,26.83,711300,26.41,27.02,26.33,26.83,711300,2020-09-26T01:40:18Z
SNPS,2007-07-25,26.55,26.93,26.31,26.7,796600,26.55,26.93,26.31,26.7,796600,2020-09-26T01:40:18Z
SNPS,2007-07-26,25.6,26.51,25.45,26.48,1071000,25.6,26.51,25.45,26.48,1071000,2020-09-26T01:40:18Z
SNPS,2007-07-27,25.42,25.87,25.25,25.65,1307100,25.42,25.87,25.25,25.65,1307100,2020-09-26T01:40:18Z
SNPS,2007-07-30,25.03,25.48,24.86,25.44,1298500,25.03,25.48,24.86,25.44,1298500,2020-09-26T01:40:18Z
SNPS,2007-07-31,24.46,25.34,24.44,25.28,1532500,24.46,25.34,24.44,25.28,1532500,2020-09-26T01:40:18Z
SNPS,2007-08-01,24.22,24.45,23.6,24.35,2552700,24.22,24.45,23.6,24.35,2552700,2020-09-26T01:40:18Z
SNPS,2007-08-02,25.13,25.25,24.33,24.39,2099500,25.13,25.25,24.33,24.39,2099500,2020-09-26T01:40:18Z
SNPS,2007-08-03,24,25.27,23.93,25.08,1527700,24,25.27,23.93,25.08,1527700,2020-09-26T01:40:18Z
SNPS,2007-08-06,23.95,24.09,23.7,24.09,1973000,23.95,24.09,23.7,24.09,1973000,2020-09-26T01:40:18Z
SNPS,2007-08-07,23.4,24.28,22.8,24,2976100,23.4,24.28,22.8,24,2976100,2020-09-26T01:40:18Z
SNPS,2007-08-08,23.64,23.68,22.01,23.52,3382900,23.64,23.68,22.01,23.52,3382900,2020-09-26T01:40:18Z
SNPS,2007-08-09,23.66,23.78,22.34,23.6,4935600,23.66,23.78,22.34,23.6,4935600,2020-09-26T01:40:18Z
SNPS,2007-08-10,24.92,25.27,22.95,23.58,3195200,24.92,25.27,22.95,23.58,3195200,2020-09-26T01:40:18Z
SNPS,2007-08-13,24.95,25.51,24.92,25.1,1723500,24.95,25.51,24.92,25.1,1723500,2020-09-26T01:40:18Z
SNPS,2007-08-14,24.82,25.41,24.79,25.07,1035800,24.82,25.41,24.79,25.07,1035800,2020-09-26T01:40:18Z
SNPS,2007-08-15,24.76,25.4,24.64,24.64,1428800,24.76,25.4,24.64,24.64,1428800,2020-09-26T01:40:18Z
SNPS,2007-08-16,23.62,25.01,23.25,24.68,1810600,23.62,25.01,23.25,24.68,1810600,2020-09-26T01:40:18Z
SNPS,2007-08-17,24.03,24.58,23.6,24.11,1092800,24.03,24.58,23.6,24.11,1092800,2020-09-26T01:40:18Z
SNPS,2007-08-20,24.31,24.45,23.7,24.04,933300,24.31,24.45,23.7,24.04,933300,2020-09-26T01:40:18Z
SNPS,2007-08-21,25.02,25.15,24.53,24.53,1367500,25.02,25.15,24.53,24.53,1367500,2020-09-26T01:40:18Z
SNPS,2007-08-22,25.76,25.76,24.82,25.32,1317000,25.76,25.76,24.82,25.32,1317000,2020-09-26T01:40:18Z
SNPS,2007-08-23,26.98,27.33,25.1,25.82,3279600,26.98,27.33,25.1,25.82,3279600,2020-09-26T01:40:18Z
SNPS,2007-08-24,27.04,27.1,26.67,26.67,1951000,27.04,27.1,26.67,26.67,1951000,2020-09-26T01:40:18Z
SNPS,2007-08-27,27.05,27.16,26.77,26.95,1396600,27.05,27.16,26.77,26.95,1396600,2020-09-26T01:40:18Z
SNPS,2007-08-28,26.8,27.29,26.72,26.86,1819400,26.8,27.29,26.72,26.86,1819400,2020-09-26T01:40:18Z
SNPS,2007-08-29,27.15,27.2,26.65,27.04,1120500,27.15,27.2,26.65,27.04,1120500,2020-09-26T01:40:18Z
SNPS,2007-08-30,27,27.27,26.85,26.92,919700,27,27.27,26.85,26.92,919700,2020-09-26T01:40:18Z
SNPS,2007-08-31,27.32,27.35,27,27.08,735000,27.32,27.35,27,27.08,735000,2020-09-26T01:40:18Z
SNPS,2007-09-04,26.91,27.1,26.52,26.67,1429300,26.91,27.1,26.52,26.67,1429300,2020-09-26T01:40:18Z
SNPS,2007-09-05,26.76,27.1,26.34,26.65,1825300,26.76,27.1,26.34,26.65,1825300,2020-09-26T01:40:18Z
SNPS,2007-09-06,27.07,27.15,26.73,26.8,971900,27.07,27.15,26.73,26.8,971900,2020-09-26T01:40:18Z
SNPS,2007-09-07,26.71,26.95,26.6,26.93,926700,26.71,26.95,26.6,26.93,926700,2020-09-26T01:40:18Z
SNPS,2007-09-10,26.4,26.89,26.26,26.77,739200,26.4,26.89,26.26,26.77,739200,2020-09-26T01:40:18Z
SNPS,2007-09-11,26.49,26.56,26.22,26.46,824100,26.49,26.56,26.22,26.46,824100,2020-09-26T01:40:18Z
SNPS,2007-09-12,26.65,26.84,26.34,26.58,646300,26.65,26.84,26.34,26.58,646300,2020-09-26T01:40:18Z
SNPS,2007-09-13,26.44,26.84,26.24,26.7,772200,26.44,26.84,26.24,26.7,772200,2020-09-26T01:40:18Z
SNPS,2007-09-14,25.89,26.31,25.71,26.17,1097500,25.89,26.31,25.71,26.17,1097500,2020-09-26T01:40:18Z
SNPS,2007-09-17,25.91,26.05,25.63,25.87,1167100,25.91,26.05,25.63,25.87,1167100,2020-09-26T01:40:18Z
SNPS,2007-09-18,26.43,26.46,25.61,26.04,1000200,26.43,26.46,25.61,26.04,1000200,2020-09-26T01:40:18Z
SNPS,2007-09-19,26.51,26.9,26.31,26.49,911100,26.51,26.9,26.31,26.49,911100,2020-09-26T01:40:18Z
SNPS,2007-09-20,26.38,26.52,26.21,26.42,452200,26.38,26.52,26.21,26.42,452200,2020-09-26T01:40:18Z
SNPS,2007-09-21,26.43,26.58,26.12,26.58,774800,26.43,26.58,26.12,26.58,774800,2020-09-26T01:40:18Z
SNPS,2007-09-24,26.2,26.4,26.13,26.39,1109200,26.2,26.4,26.13,26.39,1109200,2020-09-26T01:40:18Z
SNPS,2007-09-25,26.36,26.48,25.99,26.03,782100,26.36,26.48,25.99,26.03,782100,2020-09-26T01:40:18Z
SNPS,2007-09-26,26.44,26.69,26.26,26.44,751200,26.44,26.69,26.26,26.44,751200,2020-09-26T01:40:18Z
SNPS,2007-09-27,26.99,26.99,26.25,26.4,576700,26.99,26.99,26.25,26.4,576700,2020-09-26T01:40:18Z
SNPS,2007-09-28,27.08,27.1,26.83,26.97,1050100,27.08,27.1,26.83,26.97,1050100,2020-09-26T01:40:18Z
SNPS,2007-10-01,27.47,27.51,26.97,27.01,1200600,27.47,27.51,26.97,27.01,1200600,2020-09-26T01:40:18Z
SNPS,2007-10-02,27.22,27.72,27.15,27.35,929700,27.22,27.72,27.15,27.35,929700,2020-09-26T01:40:18Z
SNPS,2007-10-03,27.31,27.37,26.65,27.14,1251400,27.31,27.37,26.65,27.14,1251400,2020-09-26T01:40:18Z
SNPS,2007-10-04,26.94,27.3,26.88,27.23,713800,26.94,27.3,26.88,27.23,713800,2020-09-26T01:40:18Z
SNPS,2007-10-05,26.89,27.17,26.8,27.08,851600,26.89,27.17,26.8,27.08,851600,2020-09-26T01:40:18Z
SNPS,2007-10-08,26.83,27.16,26.69,26.9,706600,26.83,27.16,26.69,26.9,706600,2020-09-26T01:40:18Z
SNPS,2007-10-09,27.78,27.78,26.84,26.96,1227100,27.78,27.78,26.84,26.96,1227100,2020-09-26T01:40:18Z
SNPS,2007-10-10,28,28,27.65,27.66,1582500,28,28,27.65,27.66,1582500,2020-09-26T01:40:18Z
SNPS,2007-10-11,28.34,28.53,27.9,27.97,1993800,28.34,28.53,27.9,27.97,1993800,2020-09-26T01:40:18Z
SNPS,2007-10-12,28.6,29.11,28.17,28.4,1867400,28.6,29.11,28.17,28.4,1867400,2020-09-26T01:40:18Z
SNPS,2007-10-15,28.48,28.68,28.22,28.55,906600,28.48,28.68,28.22,28.55,906600,2020-09-26T01:40:18Z
SNPS,2007-10-16,28.34,28.52,28.12,28.47,1009200,28.34,28.52,28.12,28.47,1009200,2020-09-26T01:40:18Z
SNPS,2007-10-17,28.64,28.69,28.15,28.38,766800,28.64,28.69,28.15,28.38,766800,2020-09-26T01:40:18Z
SNPS,2007-10-18,28.59,28.79,28.4,28.5,604000,28.59,28.79,28.4,28.5,604000,2020-09-26T01:40:18Z
SNPS,2007-10-19,27.48,28.65,27.47,28.59,881200,27.48,28.65,27.47,28.59,881200,2020-09-26T01:40:18Z
SNPS,2007-10-22,28.03,28.09,27.31,27.34,775400,28.03,28.09,27.31,27.34,775400,2020-09-26T01:40:18Z
SNPS,2007-10-23,27.86,28.1,27.59,28.1,599300,27.86,28.1,27.59,28.1,599300,2020-09-26T01:40:18Z
SNPS,2007-10-24,27.86,27.86,27.12,27.71,654900,27.86,27.86,27.12,27.71,654900,2020-09-26T01:40:18Z
SNPS,2007-10-25,27.39,28.06,27.36,27.82,1004900,27.39,28.06,27.36,27.82,1004900,2020-09-26T01:40:18Z
SNPS,2007-10-26,27.59,27.97,27.37,27.75,503300,27.59,27.97,27.37,27.75,503300,2020-09-26T01:40:18Z
SNPS,2007-10-29,27.4,27.79,27.2,27.65,541800,27.4,27.79,27.2,27.65,541800,2020-09-26T01:40:18Z
SNPS,2007-10-30,27.44,27.73,27.13,27.27,682300,27.44,27.73,27.13,27.27,682300,2020-09-26T01:40:18Z
SNPS,2007-10-31,28.26,28.4,27.43,27.44,852900,28.26,28.4,27.43,27.44,852900,2020-09-26T01:40:18Z
SNPS,2007-11-01,27.85,28.13,27.69,28.1,987000,27.85,28.13,27.69,28.1,987000,2020-09-26T01:40:18Z
SNPS,2007-11-02,28.02,28.08,27.13,27.94,1173100,28.02,28.08,27.13,27.94,1173100,2020-09-26T01:40:18Z
SNPS,2007-11-05,27.7,27.98,27.3,27.67,773300,27.7,27.98,27.3,27.67,773300,2020-09-26T01:40:18Z
SNPS,2007-11-06,26.6,27.7,26.16,27.7,1498400,26.6,27.7,26.16,27.7,1498400,2020-09-26T01:40:18Z
SNPS,2007-11-07,25.77,26.5,25.44,26.29,1806100,25.77,26.5,25.44,26.29,1806100,2020-09-26T01:40:18Z
SNPS,2007-11-08,25.33,25.93,24.72,25.75,1337300,25.33,25.93,24.72,25.75,1337300,2020-09-26T01:40:18Z
SNPS,2007-11-09,24.35,25.12,24.18,25.07,1602100,24.35,25.12,24.18,25.07,1602100,2020-09-26T01:40:18Z
SNPS,2007-11-12,24.09,24.64,24.07,24.38,750200,24.09,24.64,24.07,24.38,750200,2020-09-26T01:40:18Z
SNPS,2007-11-13,24.34,24.44,23.89,24.14,1938300,24.34,24.44,23.89,24.14,1938300,2020-09-26T01:40:18Z
SNPS,2007-11-14,24.52,24.85,24.42,24.51,855700,24.52,24.85,24.42,24.51,855700,2020-09-26T01:40:18Z
SNPS,2007-11-15,24.22,24.58,24.09,24.56,592300,24.22,24.58,24.09,24.56,592300,2020-09-26T01:40:18Z
SNPS,2007-11-16,24.33,24.53,23.9,24.32,728300,24.33,24.53,23.9,24.32,728300,2020-09-26T01:40:18Z
SNPS,2007-11-19,23.97,24.39,23.86,24.2,932700,23.97,24.39,23.86,24.2,932700,2020-09-26T01:40:18Z
SNPS,2007-11-20,23.49,24.09,23.25,24.02,1001800,23.49,24.09,23.25,24.02,1001800,2020-09-26T01:40:18Z
SNPS,2007-11-21,23.3,23.42,22.88,23.28,1178000,23.3,23.42,22.88,23.28,1178000,2020-09-26T01:40:18Z
SNPS,2007-11-23,23.39,23.43,23.05,23.4,272500,23.39,23.43,23.05,23.4,272500,2020-09-26T01:40:18Z
SNPS,2007-11-26,23.67,24.4,23.25,23.42,1423600,23.67,24.4,23.25,23.42,1423600,2020-09-26T01:40:18Z
SNPS,2007-11-27,24.04,24.52,23.61,23.75,2052300,24.04,24.52,23.61,23.75,2052300,2020-09-26T01:40:18Z
SNPS,2007-11-28,24.54,24.59,24.11,24.19,1384700,24.54,24.59,24.11,24.19,1384700,2020-09-26T01:40:18Z
SNPS,2007-11-29,24.58,24.86,24.32,24.48,861400,24.58,24.86,24.32,24.48,861400,2020-09-26T01:40:18Z
SNPS,2007-11-30,24.61,24.78,24.14,24.78,1207900,24.61,24.78,24.14,24.78,1207900,2020-09-26T01:40:18Z
SNPS,2007-12-03,23.6,24.5,23.6,24.41,1667000,23.6,24.5,23.6,24.41,1667000,2020-09-26T01:40:18Z
SNPS,2007-12-04,23.99,24.11,23.61,23.61,2102100,23.99,24.11,23.61,23.61,2102100,2020-09-26T01:40:18Z
SNPS,2007-12-05,24.3,24.34,23.99,24.34,1552500,24.3,24.34,23.99,24.34,1552500,2020-09-26T01:40:18Z
SNPS,2007-12-06,25.06,25.11,24.47,24.54,1949500,25.06,25.11,24.47,24.54,1949500,2020-09-26T01:40:18Z
SNPS,2007-12-07,27.38,27.89,26.7,27.25,3993000,27.38,27.89,26.7,27.25,3993000,2020-09-26T01:40:18Z
SNPS,2007-12-10,27.14,27.48,27.06,27.37,1747500,27.14,27.48,27.06,27.37,1747500,2020-09-26T01:40:18Z
SNPS,2007-12-11,26.19,27.45,26.01,27.03,2466800,26.19,27.45,26.01,27.03,2466800,2020-09-26T01:40:18Z
SNPS,2007-12-12,26.62,26.98,26.4,26.62,1793700,26.62,26.98,26.4,26.62,1793700,2020-09-26T01:40:18Z
SNPS,2007-12-13,26.78,26.86,26.42,26.42,1333000,26.78,26.86,26.42,26.42,1333000,2020-09-26T01:40:18Z
SNPS,2007-12-14,26.03,26.84,25.91,26.84,1361100,26.03,26.84,25.91,26.84,1361100,2020-09-26T01:40:18Z
SNPS,2007-12-17,25.63,26.24,25.6,25.91,1334600,25.63,26.24,25.6,25.91,1334600,2020-09-26T01:40:18Z
SNPS,2007-12-18,25.71,26,25.52,25.81,899500,25.71,26,25.52,25.81,899500,2020-09-26T01:40:18Z
SNPS,2007-12-19,25.71,25.85,25.51,25.61,672100,25.71,25.85,25.51,25.61,672100,2020-09-26T01:40:18Z
SNPS,2007-12-20,25.88,25.95,25.44,25.79,1066900,25.88,25.95,25.44,25.79,1066900,2020-09-26T01:40:18Z
SNPS,2007-12-21,26.11,26.6,25.68,26.6,1809300,26.11,26.6,25.68,26.6,1809300,2020-09-26T01:40:18Z
SNPS,2007-12-24,26.26,26.42,25.94,26.16,399200,26.26,26.42,25.94,26.16,399200,2020-09-26T01:40:18Z
SNPS,2007-12-26,26.46,26.46,26.1,26.1,705700,26.46,26.46,26.1,26.1,705700,2020-09-26T01:40:18Z
SNPS,2007-12-27,26.01,26.43,25.93,26.32,931500,26.01,26.43,25.93,26.32,931500,2020-09-26T01:40:18Z
SNPS,2007-12-28,25.88,26.25,25.73,26.02,430200,25.88,26.25,25.73,26.02,430200,2020-09-26T01:40:18Z
SNPS,2007-12-31,25.93,26.05,25.48,25.79,802500,25.93,26.05,25.48,25.79,802500,2020-09-26T01:40:18Z
SNPS,2008-01-02,25.2,25.91,24.8,25.88,859800,25.2,25.91,24.8,25.88,859800,2020-09-26T01:40:18Z
SNPS,2008-01-03,24.9,25.34,24.85,25.19,1108600,24.9,25.34,24.85,25.19,1108600,2020-09-26T01:40:18Z
SNPS,2008-01-04,24.73,24.94,24.34,24.67,1440100,24.73,24.94,24.34,24.67,1440100,2020-09-26T01:40:18Z
SNPS,2008-01-07,24.4,24.89,24.23,24.81,1196500,24.4,24.89,24.23,24.81,1196500,2020-09-26T01:40:18Z
SNPS,2008-01-08,23.59,24.46,23.59,24.44,1465600,23.59,24.46,23.59,24.44,1465600,2020-09-26T01:40:18Z
SNPS,2008-01-09,23.21,23.6,22.7,23.52,1876400,23.21,23.6,22.7,23.52,1876400,2020-09-26T01:40:18Z
SNPS,2008-01-10,23.4,23.61,23,23,1112500,23.4,23.61,23,23,1112500,2020-09-26T01:40:18Z
SNPS,2008-01-11,23.17,23.4,23.01,23.19,708500,23.17,23.4,23.01,23.19,708500,2020-09-26T01:40:18Z
SNPS,2008-01-14,23.7,23.97,23.12,23.29,1168100,23.7,23.97,23.12,23.29,1168100,2020-09-26T01:40:18Z
SNPS,2008-01-15,23.7,23.85,23.54,23.54,1586300,23.7,23.85,23.54,23.54,1586300,2020-09-26T01:40:18Z
SNPS,2008-01-16,23.81,24.22,23.48,23.48,1240400,23.81,24.22,23.48,23.48,1240400,2020-09-26T01:40:18Z
SNPS,2008-01-17,23.44,24.14,23.41,23.86,727600,23.44,24.14,23.41,23.86,727600,2020-09-26T01:40:18Z
SNPS,2008-01-18,23.85,24.23,23.46,23.47,1249500,23.85,24.23,23.46,23.47,1249500,2020-09-26T01:40:18Z
SNPS,2008-01-22,23.21,23.58,21.61,23,1645600,23.21,23.58,21.61,23,1645600,2020-09-26T01:40:18Z
SNPS,2008-01-23,22.62,23,21.75,22.47,2329500,22.62,23,21.75,22.47,2329500,2020-09-26T01:40:18Z
SNPS,2008-01-24,23.03,23.08,22.14,22.8,1456200,23.03,23.08,22.14,22.8,1456200,2020-09-26T01:40:18Z
SNPS,2008-01-25,23.05,23.36,22.9,23.2,861400,23.05,23.36,22.9,23.2,861400,2020-09-26T01:40:18Z
SNPS,2008-01-28,23.47,23.47,23.01,23.01,804200,23.47,23.47,23.01,23.01,804200,2020-09-26T01:40:18Z
SNPS,2008-01-29,24.13,24.26,23.5,23.54,1059700,24.13,24.26,23.5,23.54,1059700,2020-09-26T01:40:18Z
SNPS,2008-01-30,24.04,24.45,23.99,24.04,768200,24.04,24.45,23.99,24.04,768200,2020-09-26T01:40:18Z
SNPS,2008-01-31,22.02,22.68,21.69,22.24,4345000,22.02,22.68,21.69,22.24,4345000,2020-09-26T01:40:18Z
SNPS,2008-02-01,22.78,22.8,21.61,22.07,1526900,22.78,22.8,21.61,22.07,1526900,2020-09-26T01:40:18Z
SNPS,2008-02-04,23.21,23.22,22.73,22.8,1544200,23.21,23.22,22.73,22.8,1544200,2020-09-26T01:40:18Z
SNPS,2008-02-05,22.78,23.17,22.7,23.04,1264300,22.78,23.17,22.7,23.04,1264300,2020-09-26T01:40:18Z
SNPS,2008-02-06,22.33,22.98,22.24,22.86,1455500,22.33,22.98,22.24,22.86,1455500,2020-09-26T01:40:18Z
SNPS,2008-02-07,22.05,22.49,21.97,22.21,1586700,22.05,22.49,21.97,22.21,1586700,2020-09-26T01:40:18Z
SNPS,2008-02-08,22.29,22.56,21.77,21.77,1253900,22.29,22.56,21.77,21.77,1253900,2020-09-26T01:40:18Z
SNPS,2008-02-11,22.39,22.74,22.15,22.27,1365800,22.39,22.74,22.15,22.27,1365800,2020-09-26T01:40:18Z
SNPS,2008-02-12,22.41,22.72,22.26,22.48,1365500,22.41,22.72,22.26,22.48,1365500,2020-09-26T01:40:18Z
SNPS,2008-02-13,23.14,23.27,22.33,22.63,1973600,23.14,23.27,22.33,22.63,1973600,2020-09-26T01:40:18Z
SNPS,2008-02-14,23.49,23.6,23.21,23.31,1242800,23.49,23.6,23.21,23.31,1242800,2020-09-26T01:40:18Z
SNPS,2008-02-15,23.03,23.6,22.94,23.35,1019500,23.03,23.6,22.94,23.35,1019500,2020-09-26T01:40:18Z
SNPS,2008-02-19,23.47,23.56,23.19,23.26,1888500,23.47,23.56,23.19,23.26,1888500,2020-09-26T01:40:18Z
SNPS,2008-02-20,23.03,23.33,22.6,23.1,2307900,23.03,23.33,22.6,23.1,2307900,2020-09-26T01:40:18Z
SNPS,2008-02-21,23.52,24.82,23.14,24.5,4065000,23.52,24.82,23.14,24.5,4065000,2020-09-26T01:40:18Z
SNPS,2008-02-22,23.59,23.65,22.65,23.56,1567700,23.59,23.65,22.65,23.56,1567700,2020-09-26T01:40:18Z
SNPS,2008-02-25,23.86,23.94,23.43,23.52,1349000,23.86,23.94,23.43,23.52,1349000,2020-09-26T01:40:18Z
SNPS,2008-02-26,24.33,24.49,23.73,23.73,1146200,24.33,24.49,23.73,23.73,1146200,2020-09-26T01:40:18Z
SNPS,2008-02-27,24.22,24.6,24.03,24.18,812500,24.22,24.6,24.03,24.18,812500,2020-09-26T01:40:18Z
SNPS,2008-02-28,23.71,24.27,23.55,24.05,1354700,23.71,24.27,23.55,24.05,1354700,2020-09-26T01:40:18Z
SNPS,2008-02-29,23.21,23.71,23.08,23.41,1392100,23.21,23.71,23.08,23.41,1392100,2020-09-26T01:40:18Z
SNPS,2008-03-03,22.97,23.15,22.78,23.03,1135500,22.97,23.15,22.78,23.03,1135500,2020-09-26T01:40:18Z
SNPS,2008-03-04,22.9,22.98,22.37,22.65,1964000,22.9,22.98,22.37,22.65,1964000,2020-09-26T01:40:18Z
SNPS,2008-03-05,23.13,23.63,22.86,22.93,1692500,23.13,23.63,22.86,22.93,1692500,2020-09-26T01:40:18Z
SNPS,2008-03-06,22.75,23.38,22.71,23.02,1072800,22.75,23.38,22.71,23.02,1072800,2020-09-26T01:40:18Z
SNPS,2008-03-07,22.55,22.88,22.27,22.59,1617800,22.55,22.88,22.27,22.59,1617800,2020-09-26T01:40:18Z
SNPS,2008-03-10,22.82,23.06,22.51,22.54,1500800,22.82,23.06,22.51,22.54,1500800,2020-09-26T01:40:18Z
SNPS,2008-03-11,23.04,23.44,22.67,23.1,1819700,23.04,23.44,22.67,23.1,1819700,2020-09-26T01:40:18Z
SNPS,2008-03-12,22.42,23.2,22.39,23.2,1277900,22.42,23.2,22.39,23.2,1277900,2020-09-26T01:40:18Z
SNPS,2008-03-13,22.7,22.78,21.95,22.24,1303300,22.7,22.78,21.95,22.24,1303300,2020-09-26T01:40:18Z
SNPS,2008-03-14,22.21,22.94,22,22.84,953200,22.21,22.94,22,22.84,953200,2020-09-26T01:40:18Z
SNPS,2008-03-17,21.33,21.99,21.13,21.66,1497500,21.33,21.99,21.13,21.66,1497500,2020-09-26T01:40:18Z
SNPS,2008-03-18,22.01,22.03,21.54,21.64,1241100,22.01,22.03,21.54,21.64,1241100,2020-09-26T01:40:18Z
SNPS,2008-03-19,21.99,22.33,21.94,21.96,1570300,21.99,22.33,21.94,21.96,1570300,2020-09-26T01:40:18Z
SNPS,2008-03-20,21.78,22.17,21.59,21.91,1475000,21.78,22.17,21.59,21.91,1475000,2020-09-26T01:40:18Z
SNPS,2008-03-24,22.56,22.73,21.65,21.78,1008800,22.56,22.73,21.65,21.78,1008800,2020-09-26T01:40:18Z
SNPS,2008-03-25,22.56,22.75,22.3,22.56,975000,22.56,22.75,22.3,22.56,975000,2020-09-26T01:40:18Z
SNPS,2008-03-26,23.08,23.08,22.45,22.51,1549900,23.08,23.08,22.45,22.51,1549900,2020-09-26T01:40:18Z
SNPS,2008-03-27,22.67,23.15,22.4,23.14,1364700,22.67,23.15,22.4,23.14,1364700,2020-09-26T01:40:18Z
SNPS,2008-03-28,22.78,23.34,22.68,22.78,1691900,22.78,23.34,22.68,22.78,1691900,2020-09-26T01:40:18Z
SNPS,2008-03-31,22.71,23.03,22.54,22.8,955900,22.71,23.03,22.54,22.8,955900,2020-09-26T01:40:18Z
SNPS,2008-04-01,23.21,23.21,22.62,22.8,883700,23.21,23.21,22.62,22.8,883700,2020-09-26T01:40:18Z
SNPS,2008-04-02,23.23,23.49,23.08,23.17,636500,23.23,23.49,23.08,23.17,636500,2020-09-26T01:40:18Z
SNPS,2008-04-03,23.08,23.26,22.81,23.11,653300,23.08,23.26,22.81,23.11,653300,2020-09-26T01:40:18Z
SNPS,2008-04-04,23.53,23.59,23.05,23.13,1057000,23.53,23.59,23.05,23.13,1057000,2020-09-26T01:40:18Z
SNPS,2008-04-07,23.62,24,23.51,23.65,943700,23.62,24,23.51,23.65,943700,2020-09-26T01:40:18Z
SNPS,2008-04-08,23.45,23.53,23.21,23.45,576300,23.45,23.53,23.21,23.45,576300,2020-09-26T01:40:18Z
SNPS,2008-04-09,22.58,23.53,22.42,23.52,1244600,22.58,23.53,22.42,23.52,1244600,2020-09-26T01:40:18Z
SNPS,2008-04-10,22.99,23.09,22.41,22.63,1383500,22.99,23.09,22.41,22.63,1383500,2020-09-26T01:40:18Z
SNPS,2008-04-11,22.24,22.99,22.15,22.8,1158800,22.24,22.99,22.15,22.8,1158800,2020-09-26T01:40:18Z
SNPS,2008-04-14,22.19,22.48,22.07,22.19,992700,22.19,22.48,22.07,22.19,992700,2020-09-26T01:40:18Z
SNPS,2008-04-15,21.94,22.39,21.8,22.36,1385800,21.94,22.39,21.8,22.36,1385800,2020-09-26T01:40:18Z
SNPS,2008-04-16,22.91,22.97,21.98,22.12,966300,22.91,22.97,21.98,22.12,966300,2020-09-26T01:40:18Z
SNPS,2008-04-17,22.73,22.99,22.41,22.9,694200,22.73,22.99,22.41,22.9,694200,2020-09-26T01:40:18Z
SNPS,2008-04-18,23.13,23.44,22.97,22.97,731400,23.13,23.44,22.97,22.97,731400,2020-09-26T01:40:18Z
SNPS,2008-04-21,22.71,23,22.56,22.98,738900,22.71,23,22.56,22.98,738900,2020-09-26T01:40:18Z
SNPS,2008-04-22,22.03,22.61,21.86,22.56,1022800,22.03,22.61,21.86,22.56,1022800,2020-09-26T01:40:18Z
SNPS,2008-04-23,22.55,22.65,21.87,22.08,1087200,22.55,22.65,21.87,22.08,1087200,2020-09-26T01:40:18Z
SNPS,2008-04-24,23.28,23.47,22.56,22.68,928900,23.28,23.47,22.56,22.68,928900,2020-09-26T01:40:18Z
SNPS,2008-04-25,23.02,23.3,22.54,23.28,634200,23.02,23.3,22.54,23.28,634200,2020-09-26T01:40:18Z
SNPS,2008-04-28,22.66,23.05,22.63,23.03,461900,22.66,23.05,22.63,23.03,461900,2020-09-26T01:40:18Z
SNPS,2008-04-29,23.28,23.28,22.58,22.58,838000,23.28,23.28,22.58,22.58,838000,2020-09-26T01:40:18Z
SNPS,2008-04-30,23.11,23.61,23.07,23.28,963400,23.11,23.61,23.07,23.28,963400,2020-09-26T01:40:18Z
SNPS,2008-05-01,23.7,23.71,23.05,23.05,941600,23.7,23.71,23.05,23.05,941600,2020-09-26T01:40:18Z
SNPS,2008-05-02,23.57,24,23.37,23.78,1045900,23.57,24,23.37,23.78,1045900,2020-09-26T01:40:18Z
SNPS,2008-05-05,23.61,23.8,23.16,23.56,938800,23.61,23.8,23.16,23.56,938800,2020-09-26T01:40:18Z
SNPS,2008-05-06,23.76,23.82,23.32,23.38,862200,23.76,23.82,23.32,23.38,862200,2020-09-26T01:40:18Z
SNPS,2008-05-07,23.64,24.1,23.51,23.75,932800,23.64,24.1,23.51,23.75,932800,2020-09-26T01:40:18Z
SNPS,2008-05-08,23.76,23.85,23.51,23.7,714400,23.76,23.85,23.51,23.7,714400,2020-09-26T01:40:18Z
SNPS,2008-05-09,23.56,23.79,23.31,23.56,367800,23.56,23.79,23.31,23.56,367800,2020-09-26T01:40:18Z
SNPS,2008-05-12,23.87,24,23.53,23.63,402300,23.87,24,23.53,23.63,402300,2020-09-26T01:40:18Z
SNPS,2008-05-13,24.44,24.47,23.5,23.73,1236700,24.44,24.47,23.5,23.73,1236700,2020-09-26T01:40:18Z
SNPS,2008-05-14,24.96,25.03,24.17,24.38,1338300,24.96,25.03,24.17,24.38,1338300,2020-09-26T01:40:18Z
SNPS,2008-05-15,24.94,25.14,24.62,24.93,1312500,24.94,25.14,24.62,24.93,1312500,2020-09-26T01:40:18Z
SNPS,2008-05-16,24.98,25.1,24.56,25.1,712000,24.98,25.1,24.56,25.1,712000,2020-09-26T01:40:18Z
SNPS,2008-05-19,25.08,25.29,24.85,25,736800,25.08,25.29,24.85,25,736800,2020-09-26T01:40:18Z
SNPS,2008-05-20,24.71,25.04,24.34,25,1544000,24.71,25.04,24.34,25,1544000,2020-09-26T01:40:18Z
SNPS,2008-05-21,24.69,25.08,24.55,24.62,1656500,24.69,25.08,24.55,24.62,1656500,2020-09-26T01:40:18Z
SNPS,2008-05-22,25.86,26.16,24.62,24.86,2300200,25.86,26.16,24.62,24.86,2300200,2020-09-26T01:40:18Z
SNPS,2008-05-23,25.26,25.9,24.99,25.69,1417800,25.26,25.9,24.99,25.69,1417800,2020-09-26T01:40:18Z
SNPS,2008-05-27,25.55,25.75,25.16,25.26,1007700,25.55,25.75,25.16,25.26,1007700,2020-09-26T01:40:18Z
SNPS,2008-05-28,25.86,25.9,25.4,25.63,1402600,25.86,25.9,25.4,25.63,1402600,2020-09-26T01:40:18Z
SNPS,2008-05-29,26.1,26.2,25.62,25.72,1102100,26.1,26.2,25.62,25.72,1102100,2020-09-26T01:40:18Z
SNPS,2008-05-30,26.35,26.61,26.03,26.08,4266800,26.35,26.61,26.03,26.08,4266800,2020-09-26T01:40:18Z
SNPS,2008-06-02,26.01,26.28,25.77,26.28,1443300,26.01,26.28,25.77,26.28,1443300,2020-09-26T01:40:18Z
SNPS,2008-06-03,25.9,26.18,25.56,26.1,1854100,25.9,26.18,25.56,26.1,1854100,2020-09-26T01:40:18Z
SNPS,2008-06-04,26,26.19,25.76,25.76,1129100,26,26.19,25.76,25.76,1129100,2020-09-26T01:40:18Z
SNPS,2008-06-05,26.26,26.27,25.92,26.06,969000,26.26,26.27,25.92,26.06,969000,2020-09-26T01:40:18Z
SNPS,2008-06-06,25.4,26.1,25.4,26.05,1006000,25.4,26.1,25.4,26.05,1006000,2020-09-26T01:40:18Z
SNPS,2008-06-09,25.13,25.42,24.91,25.34,896600,25.13,25.42,24.91,25.34,896600,2020-09-26T01:40:18Z
SNPS,2008-06-10,24.98,25.24,24.81,25.06,985200,24.98,25.24,24.81,25.06,985200,2020-09-26T01:40:18Z
SNPS,2008-06-11,24.82,25.21,24.72,24.87,1621300,24.82,25.21,24.72,24.87,1621300,2020-09-26T01:40:18Z
SNPS,2008-06-12,24.91,25.18,24.71,25,1221700,24.91,25.18,24.71,25,1221700,2020-09-26T01:40:18Z
SNPS,2008-06-13,24.99,25.36,24.8,25.05,1553700,24.99,25.36,24.8,25.05,1553700,2020-09-26T01:40:18Z
SNPS,2008-06-16,25.12,25.25,24.81,24.84,1158800,25.12,25.25,24.81,24.84,1158800,2020-09-26T01:40:18Z
SNPS,2008-06-17,25.06,25.28,24.82,25.16,2285800,25.06,25.28,24.82,25.16,2285800,2020-09-26T01:40:18Z
SNPS,2008-06-18,24.97,25.24,24.68,24.81,1977800,24.97,25.24,24.68,24.81,1977800,2020-09-26T01:40:18Z
SNPS,2008-06-19,24.76,25.04,24.48,24.98,2539900,24.76,25.04,24.48,24.98,2539900,2020-09-26T01:40:18Z
SNPS,2008-06-20,24.55,24.71,24.44,24.6,2485600,24.55,24.71,24.44,24.6,2485600,2020-09-26T01:40:18Z
SNPS,2008-06-23,24.45,24.65,24.33,24.62,1728300,24.45,24.65,24.33,24.62,1728300,2020-09-26T01:40:18Z
SNPS,2008-06-24,24.13,24.44,24.09,24.34,1444500,24.13,24.44,24.09,24.34,1444500,2020-09-26T01:40:18Z
SNPS,2008-06-25,24.85,25.06,24.09,24.1,1057400,24.85,25.06,24.09,24.1,1057400,2020-09-26T01:40:18Z
SNPS,2008-06-26,24.15,24.65,24.02,24.65,1137200,24.15,24.65,24.02,24.65,1137200,2020-09-26T01:40:18Z
SNPS,2008-06-27,23.86,24.35,23.83,24.11,3419000,23.86,24.35,23.83,24.11,3419000,2020-09-26T01:40:18Z
SNPS,2008-06-30,23.9,24.28,23.69,23.83,1522900,23.9,24.28,23.69,23.83,1522900,2020-09-26T01:40:18Z
SNPS,2008-07-01,23.83,23.94,23.51,23.71,1202400,23.83,23.94,23.51,23.71,1202400,2020-09-26T01:40:18Z
SNPS,2008-07-02,23.75,24.1,23.67,23.88,1570600,23.75,24.1,23.67,23.88,1570600,2020-09-26T01:40:18Z
SNPS,2008-07-03,23.48,23.88,23.43,23.84,1126500,23.48,23.88,23.43,23.84,1126500,2020-09-26T01:40:18Z
SNPS,2008-07-07,23.68,23.99,23.42,23.52,1851700,23.68,23.99,23.42,23.52,1851700,2020-09-26T01:40:18Z
SNPS,2008-07-08,24.14,24.19,23.43,23.71,1565400,24.14,24.19,23.43,23.71,1565400,2020-09-26T01:40:18Z
SNPS,2008-07-09,24,24.2,23.87,24.09,2583400,24,24.2,23.87,24.09,2583400,2020-09-26T01:40:18Z
SNPS,2008-07-10,24.18,24.48,24.04,24.06,3235300,24.18,24.48,24.04,24.06,3235300,2020-09-26T01:40:18Z
SNPS,2008-07-11,24.25,24.48,23.95,24.15,2625200,24.25,24.48,23.95,24.15,2625200,2020-09-26T01:40:18Z
SNPS,2008-07-14,23.89,24.39,23.77,24.39,4717000,23.89,24.39,23.77,24.39,4717000,2020-09-26T01:40:18Z
SNPS,2008-07-15,23.93,24.13,23.56,23.76,1433800,23.93,24.13,23.56,23.76,1433800,2020-09-26T01:40:18Z
SNPS,2008-07-16,24.22,24.29,23.24,23.96,1557300,24.22,24.29,23.24,23.96,1557300,2020-09-26T01:40:18Z
SNPS,2008-07-17,24.54,24.68,23.87,24.17,659200,24.54,24.68,23.87,24.17,659200,2020-09-26T01:40:18Z
SNPS,2008-07-18,24.51,24.76,24.3,24.58,1138500,24.51,24.76,24.3,24.58,1138500,2020-09-26T01:40:18Z
SNPS,2008-07-21,24.24,24.59,24.08,24.54,572600,24.24,24.59,24.08,24.54,572600,2020-09-26T01:40:18Z
SNPS,2008-07-22,24.08,24.27,23.82,24.05,1702900,24.08,24.27,23.82,24.05,1702900,2020-09-26T01:40:18Z
SNPS,2008-07-23,24.44,24.74,24.08,24.18,1013400,24.44,24.74,24.08,24.18,1013400,2020-09-26T01:40:18Z
SNPS,2008-07-24,23.79,24.22,23.46,24.22,1371200,23.79,24.22,23.46,24.22,1371200,2020-09-26T01:40:18Z
SNPS,2008-07-25,24.01,24.16,23.76,23.86,887200,24.01,24.16,23.76,23.86,887200,2020-09-26T01:40:18Z
SNPS,2008-07-28,23.81,24.3,23.76,24.02,653900,23.81,24.3,23.76,24.02,653900,2020-09-26T01:40:18Z
SNPS,2008-07-29,24.01,24.18,23.83,23.89,653400,24.01,24.18,23.83,23.89,653400,2020-09-26T01:40:18Z
SNPS,2008-07-30,24.31,24.37,23.89,23.99,641700,24.31,24.37,23.89,23.99,641700,2020-09-26T01:40:18Z
SNPS,2008-07-31,24.02,24.5,24.02,24.1,891600,24.02,24.5,24.02,24.1,891600,2020-09-26T01:40:18Z
SNPS,2008-08-01,23.63,24.17,23.42,24.17,1215900,23.63,24.17,23.42,24.17,1215900,2020-09-26T01:40:18Z
SNPS,2008-08-04,23.83,23.94,23.26,23.58,823100,23.83,23.94,23.26,23.58,823100,2020-09-26T01:40:18Z
SNPS,2008-08-05,24.45,24.46,23.83,24,806100,24.45,24.46,23.83,24,806100,2020-09-26T01:40:18Z
SNPS,2008-08-06,24.89,24.95,24.29,24.49,895900,24.89,24.95,24.29,24.49,895900,2020-09-26T01:40:18Z
SNPS,2008-08-07,24.4,24.94,24.33,24.76,1138200,24.4,24.94,24.33,24.76,1138200,2020-09-26T01:40:18Z
SNPS,2008-08-08,24.5,24.95,24.26,24.36,1291700,24.5,24.95,24.26,24.36,1291700,2020-09-26T01:40:18Z
SNPS,2008-08-11,24.44,24.71,24.25,24.68,1897600,24.44,24.71,24.25,24.68,1897600,2020-09-26T01:40:18Z
SNPS,2008-08-12,24.75,24.78,24.4,24.44,798600,24.75,24.78,24.4,24.44,798600,2020-09-26T01:40:18Z
SNPS,2008-08-13,24.65,24.99,24.44,24.68,986400,24.65,24.99,24.44,24.68,986400,2020-09-26T01:40:18Z
SNPS,2008-08-14,24.55,24.7,24.31,24.6,1360800,24.55,24.7,24.31,24.6,1360800,2020-09-26T01:40:18Z
SNPS,2008-08-15,24.09,24.9,23.98,24.69,1583700,24.09,24.9,23.98,24.69,1583700,2020-09-26T01:40:18Z
SNPS,2008-08-18,23.88,24.47,23.54,24.3,1282800,23.88,24.47,23.54,24.3,1282800,2020-09-26T01:40:18Z
SNPS,2008-08-19,23.3,23.73,23.28,23.7,1198000,23.3,23.73,23.28,23.7,1198000,2020-09-26T01:40:18Z
SNPS,2008-08-20,24.14,24.27,23.52,23.6,2284000,24.14,24.27,23.52,23.6,2284000,2020-09-26T01:40:18Z
SNPS,2008-08-21,21.32,22.1,19.59,20.5,7180600,21.32,22.1,19.59,20.5,7180600,2020-09-26T01:40:18Z
SNPS,2008-08-22,21.83,21.99,21.14,21.35,2837900,21.83,21.99,21.14,21.35,2837900,2020-09-26T01:40:18Z
SNPS,2008-08-25,21.18,21.78,21.15,21.7,1737800,21.18,21.78,21.15,21.7,1737800,2020-09-26T01:40:18Z
SNPS,2008-08-26,21.25,21.46,21.1,21.25,1438600,21.25,21.46,21.1,21.25,1438600,2020-09-26T01:40:18Z
SNPS,2008-08-27,21.56,21.64,21.19,21.24,1437900,21.56,21.64,21.19,21.24,1437900,2020-09-26T01:40:18Z
SNPS,2008-08-28,21.71,21.77,21.49,21.57,1773500,21.71,21.77,21.49,21.57,1773500,2020-09-26T01:40:18Z
SNPS,2008-08-29,21.53,21.78,21.3,21.72,1613600,21.53,21.78,21.3,21.72,1613600,2020-09-26T01:40:18Z
SNPS,2008-09-02,21.19,21.98,21.13,21.53,1289100,21.19,21.98,21.13,21.53,1289100,2020-09-26T01:40:18Z
SNPS,2008-09-03,21.2,21.42,21.07,21.11,1793800,21.2,21.42,21.07,21.11,1793800,2020-09-26T01:40:18Z
SNPS,2008-09-04,20.55,21.11,20.53,21.06,1369000,20.55,21.11,20.53,21.06,1369000,2020-09-26T01:40:18Z
SNPS,2008-09-05,20.67,20.84,20.26,20.4,1355200,20.67,20.84,20.26,20.4,1355200,2020-09-26T01:40:18Z
SNPS,2008-09-08,20.79,21.1,20.33,20.84,2225800,20.79,21.1,20.33,20.84,2225800,2020-09-26T01:40:18Z
SNPS,2008-09-09,20.24,20.91,20.23,20.74,1919900,20.24,20.91,20.23,20.74,1919900,2020-09-26T01:40:18Z
SNPS,2008-09-10,20.81,20.94,20.28,20.36,1637700,20.81,20.94,20.28,20.36,1637700,2020-09-26T01:40:18Z
SNPS,2008-09-11,20.73,20.96,20.37,20.8,1884600,20.73,20.96,20.37,20.8,1884600,2020-09-26T01:40:18Z
SNPS,2008-09-12,20.62,20.83,20.41,20.68,1854600,20.62,20.83,20.41,20.68,1854600,2020-09-26T01:40:18Z
SNPS,2008-09-15,20.06,20.71,20.03,20.43,1634200,20.06,20.71,20.03,20.43,1634200,2020-09-26T01:40:18Z
SNPS,2008-09-16,20.27,20.48,19.97,20,1783400,20.27,20.48,19.97,20,1783400,2020-09-26T01:40:18Z
SNPS,2008-09-17,19.65,20.25,19.64,20.05,2073800,19.65,20.25,19.64,20.05,2073800,2020-09-26T01:40:18Z
SNPS,2008-09-18,20.1,20.23,19.41,19.85,2365200,20.1,20.23,19.41,19.85,2365200,2020-09-26T01:40:18Z
SNPS,2008-09-19,21.2,21.37,20.43,20.43,2173500,21.2,21.37,20.43,20.43,2173500,2020-09-26T01:40:18Z
SNPS,2008-09-22,20.25,21.37,20.25,21.12,1335600,20.25,21.37,20.25,21.12,1335600,2020-09-26T01:40:18Z
SNPS,2008-09-23,20.25,20.79,20.11,20.29,1765500,20.25,20.79,20.11,20.29,1765500,2020-09-26T01:40:18Z
SNPS,2008-09-24,20.28,20.67,20.11,20.37,1318600,20.28,20.67,20.11,20.37,1318600,2020-09-26T01:40:18Z
SNPS,2008-09-25,20.76,21.07,20.1,20.37,1898800,20.76,21.07,20.1,20.37,1898800,2020-09-26T01:40:18Z
SNPS,2008-09-26,20.87,20.97,20.4,20.4,1218900,20.87,20.97,20.4,20.4,1218900,2020-09-26T01:40:18Z
SNPS,2008-09-29,19.61,20.97,19.43,20.66,1475600,19.61,20.97,19.43,20.66,1475600,2020-09-26T01:40:18Z
SNPS,2008-09-30,19.95,20.11,19.51,19.78,1596200,19.95,20.11,19.51,19.78,1596200,2020-09-26T01:40:18Z
SNPS,2008-10-01,19.87,20.17,19.55,19.88,1204100,19.87,20.17,19.55,19.88,1204100,2020-09-26T01:40:18Z
SNPS,2008-10-02,19.1,19.85,18.9,19.78,1299100,19.1,19.85,18.9,19.78,1299100,2020-09-26T01:40:18Z
SNPS,2008-10-03,18.42,19.52,18.37,19.17,1137300,18.42,19.52,18.37,19.17,1137300,2020-09-26T01:40:18Z
SNPS,2008-10-06,17.9,18.28,16.99,18.2,1777400,17.9,18.28,16.99,18.2,1777400,2020-09-26T01:40:18Z
SNPS,2008-10-07,17.26,18.2,17.24,18,1386500,17.26,18.2,17.24,18,1386500,2020-09-26T01:40:18Z
SNPS,2008-10-08,17.02,17.7,16.75,16.96,1452500,17.02,17.7,16.75,16.96,1452500,2020-09-26T01:40:18Z
SNPS,2008-10-09,16.7,17.64,16.64,17.11,2086300,16.7,17.64,16.64,17.11,2086300,2020-09-26T01:40:18Z
SNPS,2008-10-10,16.6,17.21,15.24,16.42,2070400,16.6,17.21,15.24,16.42,2070400,2020-09-26T01:40:18Z
SNPS,2008-10-13,18.5,18.61,17.41,17.49,1953300,18.5,18.61,17.41,17.49,1953300,2020-09-26T01:40:18Z
SNPS,2008-10-14,18.27,18.99,17.91,18.62,1992600,18.27,18.99,17.91,18.62,1992600,2020-09-26T01:40:18Z
SNPS,2008-10-15,17.34,18.18,17.28,18.1,1305100,17.34,18.18,17.28,18.1,1305100,2020-09-26T01:40:18Z
SNPS,2008-10-16,17.61,17.64,16.19,17.3,1489000,17.61,17.64,16.19,17.3,1489000,2020-09-26T01:40:18Z
SNPS,2008-10-17,18.26,18.68,17.25,17.41,1695000,18.26,18.68,17.25,17.41,1695000,2020-09-26T01:40:18Z
SNPS,2008-10-20,18.67,18.72,18.04,18.47,914500,18.67,18.72,18.04,18.47,914500,2020-09-26T01:40:18Z
SNPS,2008-10-21,17.66,18.6,17.61,18.57,1200400,17.66,18.6,17.61,18.57,1200400,2020-09-26T01:40:18Z
SNPS,2008-10-22,17.04,17.67,16.73,17.54,891700,17.04,17.67,16.73,17.54,891700,2020-09-26T01:40:18Z
SNPS,2008-10-23,16.21,17.27,15.5,17.22,2873300,16.21,17.27,15.5,17.22,2873300,2020-09-26T01:40:18Z
SNPS,2008-10-24,16.17,16.6,15.22,15.51,1204700,16.17,16.6,15.22,15.51,1204700,2020-09-26T01:40:18Z
SNPS,2008-10-27,16.8,17.1,15.8,15.95,1741700,16.8,17.1,15.8,15.95,1741700,2020-09-26T01:40:18Z
SNPS,2008-10-28,17.42,17.43,16.12,16.52,1294100,17.42,17.43,16.12,16.52,1294100,2020-09-26T01:40:18Z
SNPS,2008-10-29,17.5,17.97,16.74,17.4,1344700,17.5,17.97,16.74,17.4,1344700,2020-09-26T01:40:18Z
SNPS,2008-10-30,17.82,18.03,17.41,17.52,1065300,17.82,18.03,17.41,17.52,1065300,2020-09-26T01:40:18Z
SNPS,2008-10-31,18.28,18.8,17.34,17.64,1238600,18.28,18.8,17.34,17.64,1238600,2020-09-26T01:40:18Z
SNPS,2008-11-03,18.48,18.69,17.45,18.26,650900,18.48,18.69,17.45,18.26,650900,2020-09-26T01:40:18Z
SNPS,2008-11-04,18.48,18.76,18.02,18.65,1392700,18.48,18.76,18.02,18.65,1392700,2020-09-26T01:40:18Z
SNPS,2008-11-05,17.63,18.59,17.48,18.22,983600,17.63,18.59,17.48,18.22,983600,2020-09-26T01:40:18Z
SNPS,2008-11-06,17.5,18.07,17.4,17.58,1192300,17.5,18.07,17.4,17.58,1192300,2020-09-26T01:40:18Z
SNPS,2008-11-07,17.88,18.29,17.5,17.64,1089000,17.88,18.29,17.5,17.64,1089000,2020-09-26T01:40:18Z
SNPS,2008-11-10,17.82,18.42,17.77,18.08,1064600,17.82,18.42,17.77,18.08,1064600,2020-09-26T01:40:18Z
SNPS,2008-11-11,17.17,17.68,16.84,17.47,1561900,17.17,17.68,16.84,17.47,1561900,2020-09-26T01:40:18Z
SNPS,2008-11-12,16.4,17.02,16.38,16.98,1008400,16.4,17.02,16.38,16.98,1008400,2020-09-26T01:40:18Z
SNPS,2008-11-13,16.9,16.9,15.34,16.42,2658700,16.9,16.9,15.34,16.42,2658700,2020-09-26T01:40:18Z
SNPS,2008-11-14,16.19,16.9,16.11,16.75,1856500,16.19,16.9,16.11,16.75,1856500,2020-09-26T01:40:18Z
SNPS,2008-11-17,16.13,16.48,15.85,16.12,1223800,16.13,16.48,15.85,16.12,1223800,2020-09-26T01:40:18Z
SNPS,2008-11-18,16.31,16.57,15.76,16.19,1255400,16.31,16.57,15.76,16.19,1255400,2020-09-26T01:40:18Z
SNPS,2008-11-19,15.18,16.83,15.15,16.45,1619500,15.18,16.83,15.15,16.45,1619500,2020-09-26T01:40:18Z
SNPS,2008-11-20,14.59,15.59,14.53,15,2020300,14.59,15.59,14.53,15,2020300,2020-09-26T01:40:18Z
SNPS,2008-11-21,15.18,15.18,13.94,14.61,1710500,15.18,15.18,13.94,14.61,1710500,2020-09-26T01:40:18Z
SNPS,2008-11-24,16.04,16.27,15.04,15.34,1893800,16.04,16.27,15.04,15.34,1893800,2020-09-26T01:40:18Z
SNPS,2008-11-25,15.44,16.23,15.3,16.08,2215100,15.44,16.23,15.3,16.08,2215100,2020-09-26T01:40:18Z
SNPS,2008-11-26,15.94,16.08,14.85,15.22,1627100,15.94,16.08,14.85,15.22,1627100,2020-09-26T01:40:18Z
SNPS,2008-11-28,16.03,16.03,15.36,15.74,479200,16.03,16.03,15.36,15.74,479200,2020-09-26T01:40:18Z
SNPS,2008-12-01,14.88,15.92,14.83,15.8,1177600,14.88,15.92,14.83,15.8,1177600,2020-09-26T01:40:18Z
SNPS,2008-12-02,15.52,15.54,14.72,15.17,1656100,15.52,15.54,14.72,15.17,1656100,2020-09-26T01:40:18Z
SNPS,2008-12-03,15.09,15.39,14.45,15.25,2604900,15.09,15.39,14.45,15.25,2604900,2020-09-26T01:40:18Z
SNPS,2008-12-04,16.83,18.18,16.46,16.54,5397100,16.83,18.18,16.46,16.54,5397100,2020-09-26T01:40:18Z
SNPS,2008-12-05,17,17.18,16.07,16.53,3398300,17,17.18,16.07,16.53,3398300,2020-09-26T01:40:18Z
SNPS,2008-12-08,17.16,17.55,16.95,17.18,2218200,17.16,17.55,16.95,17.18,2218200,2020-09-26T01:40:18Z
SNPS,2008-12-09,17.64,17.89,16.88,16.97,2597100,17.64,17.89,16.88,16.97,2597100,2020-09-26T01:40:18Z
SNPS,2008-12-10,17.64,17.89,17.31,17.66,890300,17.64,17.89,17.31,17.66,890300,2020-09-26T01:40:18Z
SNPS,2008-12-11,17.18,17.71,17.03,17.49,1886900,17.18,17.71,17.03,17.49,1886900,2020-09-26T01:40:18Z
SNPS,2008-12-12,17.81,17.94,16.75,16.91,2041900,17.81,17.94,16.75,16.91,2041900,2020-09-26T01:40:18Z
SNPS,2008-12-15,17.23,17.83,16.88,17.83,1482100,17.23,17.83,16.88,17.83,1482100,2020-09-26T01:40:18Z
SNPS,2008-12-16,17.78,17.85,17.14,17.4,1306700,17.78,17.85,17.14,17.4,1306700,2020-09-26T01:40:18Z
SNPS,2008-12-17,18.12,18.36,17.52,17.61,1946000,18.12,18.36,17.52,17.61,1946000,2020-09-26T01:40:18Z
SNPS,2008-12-18,17.93,18.38,17.65,18.29,1493000,17.93,18.38,17.65,18.29,1493000,2020-09-26T01:40:18Z
SNPS,2008-12-19,18.53,18.68,17.77,18.03,2856600,18.53,18.68,17.77,18.03,2856600,2020-09-26T01:40:18Z
SNPS,2008-12-22,18.13,18.4,17.56,18.37,1785300,18.13,18.4,17.56,18.37,1785300,2020-09-26T01:40:18Z
SNPS,2008-12-23,18,18.51,17.84,17.96,947000,18,18.51,17.84,17.96,947000,2020-09-26T01:40:18Z
SNPS,2008-12-24,17.85,17.99,17.79,17.96,390300,17.85,17.99,17.79,17.96,390300,2020-09-26T01:40:18Z
SNPS,2008-12-26,18.01,18.01,17.75,17.94,318400,18.01,18.01,17.75,17.94,318400,2020-09-26T01:40:18Z
SNPS,2008-12-29,17.78,18.06,17.46,18,1001200,17.78,18.06,17.46,18,1001200,2020-09-26T01:40:18Z
SNPS,2008-12-30,18.19,18.23,17.65,17.84,1007300,18.19,18.23,17.65,17.84,1007300,2020-09-26T01:40:18Z
SNPS,2008-12-31,18.52,18.7,18.15,18.24,1193300,18.52,18.7,18.15,18.24,1193300,2020-09-26T01:40:18Z
SNPS,2009-01-02,18.93,18.98,18.17,18.31,890300,18.93,18.98,18.17,18.31,890300,2020-09-26T01:40:18Z
SNPS,2009-01-05,18.84,19.12,18.62,18.9,1338300,18.84,19.12,18.62,18.9,1338300,2020-09-26T01:40:18Z
SNPS,2009-01-06,19.18,19.35,18.74,18.9,1133500,19.18,19.35,18.74,18.9,1133500,2020-09-26T01:40:18Z
SNPS,2009-01-07,19.22,19.26,18.8,18.98,1606300,19.22,19.26,18.8,18.98,1606300,2020-09-26T01:40:18Z
SNPS,2009-01-08,19.54,19.68,19.07,19.19,1999000,19.54,19.68,19.07,19.19,1999000,2020-09-26T01:40:18Z
SNPS,2009-01-09,19.32,19.66,19.2,19.65,1402600,19.32,19.66,19.2,19.65,1402600,2020-09-26T01:40:18Z
SNPS,2009-01-12,19.37,19.4,19.15,19.38,1614000,19.37,19.4,19.15,19.38,1614000,2020-09-26T01:40:18Z
SNPS,2009-01-13,19.43,19.52,19.25,19.32,1646800,19.43,19.52,19.25,19.32,1646800,2020-09-26T01:40:18Z
SNPS,2009-01-14,18.71,19.29,18.53,19.25,1977600,18.71,19.29,18.53,19.25,1977600,2020-09-26T01:40:18Z
SNPS,2009-01-15,18.52,18.82,18.14,18.68,2273800,18.52,18.82,18.14,18.68,2273800,2020-09-26T01:40:18Z
SNPS,2009-01-16,18.89,19.1,18.43,18.82,1819700,18.89,19.1,18.43,18.82,1819700,2020-09-26T01:40:18Z
SNPS,2009-01-20,18.5,18.91,18.48,18.8,1827600,18.5,18.91,18.48,18.8,1827600,2020-09-26T01:40:18Z
SNPS,2009-01-21,18.74,18.84,18.33,18.59,2037400,18.74,18.84,18.33,18.59,2037400,2020-09-26T01:40:18Z
SNPS,2009-01-22,18.44,18.58,17.99,18.55,2081600,18.44,18.58,17.99,18.55,2081600,2020-09-26T01:40:18Z
SNPS,2009-01-23,18.69,18.81,18.03,18.28,1411800,18.69,18.81,18.03,18.28,1411800,2020-09-26T01:40:18Z
SNPS,2009-01-26,18.76,19.1,18.48,18.72,1178400,18.76,19.1,18.48,18.72,1178400,2020-09-26T01:40:18Z
SNPS,2009-01-27,18.92,19.07,18.72,18.79,887400,18.92,19.07,18.72,18.79,887400,2020-09-26T01:40:18Z
SNPS,2009-01-28,19.39,19.42,19.08,19.11,845600,19.39,19.42,19.08,19.11,845600,2020-09-26T01:40:18Z
SNPS,2009-01-29,18.92,19.38,18.7,19.24,883300,18.92,19.38,18.7,19.24,883300,2020-09-26T01:40:18Z
SNPS,2009-01-30,18.5,19.17,18.42,19,1054800,18.5,19.17,18.42,19,1054800,2020-09-26T01:40:18Z
SNPS,2009-02-02,18.7,18.79,18.01,18.35,1054900,18.7,18.79,18.01,18.35,1054900,2020-09-26T01:40:18Z
SNPS,2009-02-03,19.08,19.18,18.4,18.86,1003700,19.08,19.18,18.4,18.86,1003700,2020-09-26T01:40:18Z
SNPS,2009-02-04,19.33,19.56,18.99,19.08,1755100,19.33,19.56,18.99,19.08,1755100,2020-09-26T01:40:18Z
SNPS,2009-02-05,19.72,19.84,18.95,19.14,1971600,19.72,19.84,18.95,19.14,1971600,2020-09-26T01:40:18Z
SNPS,2009-02-06,20.1,20.1,19.72,19.83,1188500,20.1,20.1,19.72,19.83,1188500,2020-09-26T01:40:18Z
SNPS,2009-02-09,19.95,20.03,19.7,20,1027200,19.95,20.03,19.7,20,1027200,2020-09-26T01:40:18Z
SNPS,2009-02-10,19.16,19.98,19.1,19.76,1269100,19.16,19.98,19.1,19.76,1269100,2020-09-26T01:40:18Z
SNPS,2009-02-11,19.34,19.52,19.19,19.31,885900,19.34,19.52,19.19,19.31,885900,2020-09-26T01:40:18Z
SNPS,2009-02-12,19.56,19.61,18.98,19.26,1217500,19.56,19.61,18.98,19.26,1217500,2020-09-26T01:40:18Z
SNPS,2009-02-13,19.49,19.81,19.29,19.55,1087000,19.49,19.81,19.29,19.55,1087000,2020-09-26T01:40:18Z
SNPS,2009-02-17,18.54,19.12,18.46,19.12,1614600,18.54,19.12,18.46,19.12,1614600,2020-09-26T01:40:18Z
SNPS,2009-02-18,18.4,18.8,18.24,18.73,1897700,18.4,18.8,18.24,18.73,1897700,2020-09-26T01:40:18Z
SNPS,2009-02-19,19.77,20.14,19.05,19.49,3690900,19.77,20.14,19.05,19.49,3690900,2020-09-26T01:40:18Z
SNPS,2009-02-20,19.48,19.75,19.19,19.47,2045500,19.48,19.75,19.19,19.47,2045500,2020-09-26T01:40:18Z
SNPS,2009-02-23,18.96,19.59,18.92,19.51,1851500,18.96,19.59,18.92,19.51,1851500,2020-09-26T01:40:18Z
SNPS,2009-02-24,19.22,19.28,18.69,19.05,1882000,19.22,19.28,18.69,19.05,1882000,2020-09-26T01:40:18Z
SNPS,2009-02-25,19.03,19.28,18.64,19.07,1312200,19.03,19.28,18.64,19.07,1312200,2020-09-26T01:40:18Z
SNPS,2009-02-26,18.43,19.18,18.33,19.11,1591800,18.43,19.18,18.33,19.11,1591800,2020-09-26T01:40:18Z
SNPS,2009-02-27,18.63,18.88,18.25,18.32,1827200,18.63,18.88,18.25,18.32,1827200,2020-09-26T01:40:18Z
SNPS,2009-03-02,17.94,18.17,17.3,17.34,2129400,17.94,18.17,17.3,17.34,2129400,2020-09-26T01:40:18Z
SNPS,2009-03-03,18.03,18.27,17.75,17.75,1982600,18.03,18.27,17.75,17.75,1982600,2020-09-26T01:40:18Z
SNPS,2009-03-04,18.11,18.31,17.88,18.18,1319300,18.11,18.31,17.88,18.18,1319300,2020-09-26T01:40:18Z
SNPS,2009-03-05,17.79,18.24,17.75,17.85,1686000,17.79,18.24,17.75,17.85,1686000,2020-09-26T01:40:18Z
SNPS,2009-03-06,17.53,17.95,17.22,17.87,1273000,17.53,17.95,17.22,17.87,1273000,2020-09-26T01:40:18Z
SNPS,2009-03-09,17.37,17.83,17.29,17.35,1331900,17.37,17.83,17.29,17.35,1331900,2020-09-26T01:40:18Z
SNPS,2009-03-10,18.28,18.28,17.47,17.52,1262900,18.28,18.28,17.47,17.52,1262900,2020-09-26T01:40:18Z
SNPS,2009-03-11,18.47,18.5,18.04,18.29,1199300,18.47,18.5,18.04,18.29,1199300,2020-09-26T01:40:18Z
SNPS,2009-03-12,19.01,19.06,18.27,18.39,1268300,19.01,19.06,18.27,18.39,1268300,2020-09-26T01:40:18Z
SNPS,2009-03-13,19.09,19.11,18.81,19.03,945800,19.09,19.11,18.81,19.03,945800,2020-09-26T01:40:18Z
SNPS,2009-03-16,18.53,19,18.45,18.46,803000,18.53,19,18.45,18.46,803000,2020-09-26T01:40:18Z
SNPS,2009-03-17,19.12,19.12,18.4,18.4,879600,19.12,19.12,18.4,18.4,879600,2020-09-26T01:40:18Z
SNPS,2009-03-18,19.35,19.46,18.97,19.01,1257600,19.35,19.46,18.97,19.01,1257600,2020-09-26T01:40:18Z
SNPS,2009-03-19,19.17,19.49,19.08,19.49,1300800,19.17,19.49,19.08,19.49,1300800,2020-09-26T01:40:18Z
SNPS,2009-03-20,19.44,19.6,19.28,19.29,1802700,19.44,19.6,19.28,19.29,1802700,2020-09-26T01:40:18Z
SNPS,2009-03-23,20.51,20.51,19.51,19.66,2226700,20.51,20.51,19.51,19.66,2226700,2020-09-26T01:40:18Z
SNPS,2009-03-24,20.16,20.46,20.15,20.2,1465100,20.16,20.46,20.15,20.2,1465100,2020-09-26T01:40:18Z
SNPS,2009-03-25,20.44,20.7,20,20.23,1169900,20.44,20.7,20,20.23,1169900,2020-09-26T01:40:18Z
SNPS,2009-03-26,21.21,21.21,20.56,20.58,1632900,21.21,21.21,20.56,20.58,1632900,2020-09-26T01:40:18Z
SNPS,2009-03-27,20.67,21.18,20.65,21.18,1022400,20.67,21.18,20.65,21.18,1022400,2020-09-26T01:40:18Z
SNPS,2009-03-30,20.65,20.81,20.15,20.81,1163600,20.65,20.81,20.15,20.81,1163600,2020-09-26T01:40:18Z
SNPS,2009-03-31,20.73,21.01,20.57,20.7,1266600,20.73,21.01,20.57,20.7,1266600,2020-09-26T01:40:18Z
SNPS,2009-04-01,21.05,21.16,20.47,20.84,1421700,21.05,21.16,20.47,20.84,1421700,2020-09-26T01:40:18Z
SNPS,2009-04-02,21.3,21.68,21.25,21.39,1330300,21.3,21.68,21.25,21.39,1330300,2020-09-26T01:40:18Z
SNPS,2009-04-03,21.33,21.44,21.11,21.31,860200,21.33,21.44,21.11,21.31,860200,2020-09-26T01:40:18Z
SNPS,2009-04-06,21.31,21.34,20.97,21.17,742100,21.31,21.34,20.97,21.17,742100,2020-09-26T01:40:18Z
SNPS,2009-04-07,20.91,21.25,20.8,21.25,816000,20.91,21.25,20.8,21.25,816000,2020-09-26T01:40:18Z
SNPS,2009-04-08,21.34,21.45,20.92,21.08,884900,21.34,21.45,20.92,21.08,884900,2020-09-26T01:40:18Z
SNPS,2009-04-09,21.83,22.04,21.44,21.5,1500000,21.83,22.04,21.44,21.5,1500000,2020-09-26T01:40:18Z
SNPS,2009-04-13,21.35,21.65,21.12,21.63,799500,21.35,21.65,21.12,21.63,799500,2020-09-26T01:40:18Z
SNPS,2009-04-14,20.97,21.37,20.89,21.31,1713000,20.97,21.37,20.89,21.31,1713000,2020-09-26T01:40:18Z
SNPS,2009-04-15,20.74,20.91,20.51,20.87,1040400,20.74,20.91,20.51,20.87,1040400,2020-09-26T01:40:18Z
SNPS,2009-04-16,21.4,21.44,20.9,21.01,1424800,21.4,21.44,20.9,21.01,1424800,2020-09-26T01:40:18Z
SNPS,2009-04-17,21.09,21.43,20.74,21.4,1133700,21.09,21.43,20.74,21.4,1133700,2020-09-26T01:40:18Z
SNPS,2009-04-20,20.53,20.99,20.44,20.94,995900,20.53,20.99,20.44,20.94,995900,2020-09-26T01:40:18Z
SNPS,2009-04-21,20.9,20.94,20.52,20.52,865900,20.9,20.94,20.52,20.52,865900,2020-09-26T01:40:18Z
SNPS,2009-04-22,20.86,21.2,20.58,20.75,795200,20.86,21.2,20.58,20.75,795200,2020-09-26T01:40:18Z
SNPS,2009-04-23,20.92,21.5,20.5,20.76,781100,20.92,21.5,20.5,20.76,781100,2020-09-26T01:40:18Z
SNPS,2009-04-24,21.22,21.34,20.79,21.06,682000,21.22,21.34,20.79,21.06,682000,2020-09-26T01:40:18Z
SNPS,2009-04-27,21.49,21.69,20.97,20.99,991500,21.49,21.69,20.97,20.99,991500,2020-09-26T01:40:18Z
SNPS,2009-04-28,21.19,21.47,21.15,21.37,873900,21.19,21.47,21.15,21.37,873900,2020-09-26T01:40:18Z
SNPS,2009-04-29,21.81,21.94,21.12,21.54,1390500,21.81,21.94,21.12,21.54,1390500,2020-09-26T01:40:18Z
SNPS,2009-04-30,21.78,22.01,21.62,21.89,1695700,21.78,22.01,21.62,21.89,1695700,2020-09-26T01:40:18Z
SNPS,2009-05-01,21.88,21.95,21.47,21.95,1047300,21.88,21.95,21.47,21.95,1047300,2020-09-26T01:40:18Z
SNPS,2009-05-04,21.93,22.29,21.84,22.09,1304700,21.93,22.29,21.84,22.09,1304700,2020-09-26T01:40:18Z
SNPS,2009-05-05,21.56,21.98,21.31,21.98,1353500,21.56,21.98,21.31,21.98,1353500,2020-09-26T01:40:18Z
SNPS,2009-05-06,21.6,21.93,21.25,21.82,788000,21.6,21.93,21.25,21.82,788000,2020-09-26T01:40:18Z
SNPS,2009-05-07,20.88,21.7,20.74,21.7,1097800,20.88,21.7,20.74,21.7,1097800,2020-09-26T01:40:18Z
SNPS,2009-05-08,20.82,21.53,20.66,21.05,1544000,20.82,21.53,20.66,21.05,1544000,2020-09-26T01:40:18Z
SNPS,2009-05-11,20.81,20.9,20.51,20.56,1186900,20.81,20.9,20.51,20.56,1186900,2020-09-26T01:40:18Z
SNPS,2009-05-12,20.72,21.07,20.55,21.07,875500,20.72,21.07,20.55,21.07,875500,2020-09-26T01:40:18Z
SNPS,2009-05-13,20.24,20.57,20.05,20.55,1117600,20.24,20.57,20.05,20.55,1117600,2020-09-26T01:40:18Z
SNPS,2009-05-14,20.56,20.69,20.15,20.31,995400,20.56,20.69,20.15,20.31,995400,2020-09-26T01:40:18Z
SNPS,2009-05-15,20.63,20.86,20.51,20.63,903400,20.63,20.86,20.51,20.63,903400,2020-09-26T01:40:18Z
SNPS,2009-05-18,21.26,21.26,20.76,20.76,953200,21.26,21.26,20.76,20.76,953200,2020-09-26T01:40:18Z
SNPS,2009-05-19,21.37,21.5,20.81,21.01,1208800,21.37,21.5,20.81,21.01,1208800,2020-09-26T01:40:18Z
SNPS,2009-05-20,21.62,21.96,21.38,21.49,1507800,21.62,21.96,21.38,21.49,1507800,2020-09-26T01:40:18Z
SNPS,2009-05-21,19.41,20.4,18.85,20.4,6537400,19.41,20.4,18.85,20.4,6537400,2020-09-26T01:40:18Z
SNPS,2009-05-22,19.28,19.58,19.05,19.41,2034700,19.28,19.58,19.05,19.41,2034700,2020-09-26T01:40:18Z
SNPS,2009-05-26,19.79,19.96,18.95,19.15,1477800,19.79,19.96,18.95,19.15,1477800,2020-09-26T01:40:18Z
SNPS,2009-05-27,19.4,19.88,19.38,19.8,1323000,19.4,19.88,19.38,19.8,1323000,2020-09-26T01:40:18Z
SNPS,2009-05-28,19.39,19.59,19.09,19.52,1762500,19.39,19.59,19.09,19.52,1762500,2020-09-26T01:40:18Z
SNPS,2009-05-29,19.48,19.52,19.1,19.33,1799700,19.48,19.52,19.1,19.33,1799700,2020-09-26T01:40:18Z
SNPS,2009-06-01,19.86,20.01,19.46,19.67,1395800,19.86,20.01,19.46,19.67,1395800,2020-09-26T01:40:18Z
SNPS,2009-06-02,19.85,19.97,19.54,19.55,912900,19.85,19.97,19.54,19.55,912900,2020-09-26T01:40:18Z
SNPS,2009-06-03,19.33,19.67,19.3,19.49,1242700,19.33,19.67,19.3,19.49,1242700,2020-09-26T01:40:18Z
SNPS,2009-06-04,19.38,19.63,19.27,19.52,1134000,19.38,19.63,19.27,19.52,1134000,2020-09-26T01:40:18Z
SNPS,2009-06-05,19.43,19.69,19.28,19.64,929100,19.43,19.69,19.28,19.64,929100,2020-09-26T01:40:18Z
SNPS,2009-06-08,19.41,19.5,18.95,18.97,1613400,19.41,19.5,18.95,18.97,1613400,2020-09-26T01:40:18Z
SNPS,2009-06-09,19.97,20.11,19.33,19.45,1615900,19.97,20.11,19.33,19.45,1615900,2020-09-26T01:40:18Z
SNPS,2009-06-10,19.83,20.07,19.62,19.96,1539300,19.83,20.07,19.62,19.96,1539300,2020-09-26T01:40:18Z
SNPS,2009-06-11,19.83,20.17,19.63,19.78,1511000,19.83,20.17,19.63,19.78,1511000,2020-09-26T01:40:18Z
SNPS,2009-06-12,19.72,19.97,19.36,19.82,905700,19.72,19.97,19.36,19.82,905700,2020-09-26T01:40:18Z
SNPS,2009-06-15,19.37,19.66,19,19.57,1382000,19.37,19.66,19,19.57,1382000,2020-09-26T01:40:18Z
SNPS,2009-06-16,18.95,19.5,18.92,19.43,1151700,18.95,19.5,18.92,19.43,1151700,2020-09-26T01:40:18Z
SNPS,2009-06-17,19.21,19.36,19.03,19.04,940400,19.21,19.36,19.03,19.04,940400,2020-09-26T01:40:18Z
SNPS,2009-06-18,19.36,19.45,19.14,19.25,998600,19.36,19.45,19.14,19.25,998600,2020-09-26T01:40:18Z
SNPS,2009-06-19,19.16,19.59,19.11,19.49,1083900,19.16,19.59,19.11,19.49,1083900,2020-09-26T01:40:18Z
SNPS,2009-06-22,18.75,19.1,18.72,18.95,1107900,18.75,19.1,18.72,18.95,1107900,2020-09-26T01:40:18Z
SNPS,2009-06-23,18.88,19.01,18.67,18.87,1025700,18.88,19.01,18.67,18.87,1025700,2020-09-26T01:40:18Z
SNPS,2009-06-24,18.92,19.13,18.83,18.92,679500,18.92,19.13,18.83,18.92,679500,2020-09-26T01:40:18Z
SNPS,2009-06-25,18.88,18.97,18.68,18.92,1491800,18.88,18.97,18.68,18.92,1491800,2020-09-26T01:40:18Z
SNPS,2009-06-26,18.78,19.05,18.61,19,4159500,18.78,19.05,18.61,19,4159500,2020-09-26T01:40:18Z
SNPS,2009-06-29,19.4,19.45,18.74,18.93,1723500,19.4,19.45,18.74,18.93,1723500,2020-09-26T01:40:18Z
SNPS,2009-06-30,19.51,19.56,19.11,19.4,2074400,19.51,19.56,19.11,19.4,2074400,2020-09-26T01:40:18Z
SNPS,2009-07-01,19.66,19.69,19.29,19.53,1830400,19.66,19.69,19.29,19.53,1830400,2020-09-26T01:40:18Z
SNPS,2009-07-02,19.04,19.46,18.81,19.46,2276700,19.04,19.46,18.81,19.46,2276700,2020-09-26T01:40:18Z
SNPS,2009-07-06,18.77,19,18.62,18.84,1599000,18.77,19,18.62,18.84,1599000,2020-09-26T01:40:18Z
SNPS,2009-07-07,18.2,18.75,18.2,18.7,1928200,18.2,18.75,18.2,18.7,1928200,2020-09-26T01:40:18Z
SNPS,2009-07-08,18.24,18.31,17.83,18.27,2755600,18.24,18.31,17.83,18.27,2755600,2020-09-26T01:40:18Z
SNPS,2009-07-09,18.52,18.58,18.26,18.27,1264000,18.52,18.58,18.26,18.27,1264000,2020-09-26T01:40:18Z
SNPS,2009-07-10,18.53,18.69,18.34,18.47,842800,18.53,18.69,18.34,18.47,842800,2020-09-26T01:40:18Z
SNPS,2009-07-13,18.66,18.7,18.21,18.51,1315300,18.66,18.7,18.21,18.51,1315300,2020-09-26T01:40:18Z
SNPS,2009-07-14,18.75,18.78,18.49,18.67,1401500,18.75,18.78,18.49,18.67,1401500,2020-09-26T01:40:18Z
SNPS,2009-07-15,19.46,19.49,19.02,19.12,1567200,19.46,19.49,19.02,19.12,1567200,2020-09-26T01:40:18Z
SNPS,2009-07-16,19.61,19.64,19.33,19.38,760700,19.61,19.64,19.33,19.38,760700,2020-09-26T01:40:18Z
SNPS,2009-07-17,19.53,19.65,19.32,19.65,924000,19.53,19.65,19.32,19.65,924000,2020-09-26T01:40:18Z
SNPS,2009-07-20,19.44,19.68,19.37,19.61,964600,19.44,19.68,19.37,19.61,964600,2020-09-26T01:40:18Z
SNPS,2009-07-21,19.59,19.75,19.3,19.5,867200,19.59,19.75,19.3,19.5,867200,2020-09-26T01:40:18Z
SNPS,2009-07-22,19.72,19.84,19.42,19.46,1223600,19.72,19.84,19.42,19.46,1223600,2020-09-26T01:40:18Z
SNPS,2009-07-23,19.84,20.07,19.56,19.76,1180500,19.84,20.07,19.56,19.76,1180500,2020-09-26T01:40:18Z
SNPS,2009-07-24,19.66,20.65,19.51,20.07,1105400,19.66,20.65,19.51,20.07,1105400,2020-09-26T01:40:18Z
SNPS,2009-07-27,19.62,19.73,19.38,19.73,1193200,19.62,19.73,19.38,19.73,1193200,2020-09-26T01:40:18Z
SNPS,2009-07-28,19.84,19.85,19.44,19.48,1242700,19.84,19.85,19.44,19.48,1242700,2020-09-26T01:40:18Z
SNPS,2009-07-29,19.85,19.88,19.66,19.73,1039800,19.85,19.88,19.66,19.73,1039800,2020-09-26T01:40:18Z
SNPS,2009-07-30,19.94,20.28,19.94,20.04,1356100,19.94,20.28,19.94,20.04,1356100,2020-09-26T01:40:18Z
SNPS,2009-07-31,19.98,20.15,19.9,20,1172500,19.98,20.15,19.9,20,1172500,2020-09-26T01:40:18Z
SNPS,2009-08-03,20.07,20.09,19.53,19.92,1399100,20.07,20.09,19.53,19.92,1399100,2020-09-26T01:40:18Z
SNPS,2009-08-04,20.22,20.3,19.93,19.93,626000,20.22,20.3,19.93,19.93,626000,2020-09-26T01:40:18Z
SNPS,2009-08-05,19.7,20.21,19.59,20.16,1069400,19.7,20.21,19.59,20.16,1069400,2020-09-26T01:40:18Z
SNPS,2009-08-06,19.65,19.83,19.49,19.81,1127400,19.65,19.83,19.49,19.81,1127400,2020-09-26T01:40:18Z
SNPS,2009-08-07,20.07,20.09,19.71,19.83,761700,20.07,20.09,19.71,19.83,761700,2020-09-26T01:40:18Z
SNPS,2009-08-10,19.93,20.08,19.77,19.88,665400,19.93,20.08,19.77,19.88,665400,2020-09-26T01:40:18Z
SNPS,2009-08-11,19.8,20,19.71,19.9,779000,19.8,20,19.71,19.9,779000,2020-09-26T01:40:18Z
SNPS,2009-08-12,20.26,20.48,19.71,19.86,998800,20.26,20.48,19.71,19.86,998800,2020-09-26T01:40:18Z
SNPS,2009-08-13,20.38,20.48,20.15,20.28,945500,20.38,20.48,20.15,20.28,945500,2020-09-26T01:40:18Z
SNPS,2009-08-14,20.1,20.34,19.96,20.16,1025400,20.1,20.34,19.96,20.16,1025400,2020-09-26T01:40:18Z
SNPS,2009-08-17,19.7,20,19.7,19.83,1018200,19.7,20,19.7,19.83,1018200,2020-09-26T01:40:18Z
SNPS,2009-08-18,19.97,20.01,19.73,19.74,933800,19.97,20.01,19.73,19.74,933800,2020-09-26T01:40:18Z
SNPS,2009-08-19,20.52,20.58,19.7,19.78,2521900,20.52,20.58,19.7,19.78,2521900,2020-09-26T01:40:18Z
SNPS,2009-08-20,20.81,20.83,19.91,19.94,2517700,20.81,20.83,19.91,19.94,2517700,2020-09-26T01:40:18Z
SNPS,2009-08-21,21.24,21.36,20.81,20.83,1621300,21.24,21.36,20.81,20.83,1621300,2020-09-26T01:40:18Z
SNPS,2009-08-24,21.16,21.56,21.14,21.22,1067000,21.16,21.56,21.14,21.22,1067000,2020-09-26T01:40:18Z
SNPS,2009-08-25,21.48,21.6,21.2,21.2,1502900,21.48,21.6,21.2,21.2,1502900,2020-09-26T01:40:18Z
SNPS,2009-08-26,21.49,21.56,21.35,21.48,1431400,21.49,21.56,21.35,21.48,1431400,2020-09-26T01:40:18Z
SNPS,2009-08-27,21.52,21.6,21.2,21.6,986800,21.52,21.6,21.2,21.6,986800,2020-09-26T01:40:18Z
SNPS,2009-08-28,21.48,21.78,21.36,21.69,864600,21.48,21.78,21.36,21.69,864600,2020-09-26T01:40:18Z
SNPS,2009-08-31,21.23,21.48,21.04,21.41,1112700,21.23,21.48,21.04,21.41,1112700,2020-09-26T01:40:18Z
SNPS,2009-09-01,20.8,21.28,20.63,20.81,1935900,20.8,21.28,20.63,20.81,1935900,2020-09-26T01:40:18Z
SNPS,2009-09-02,20.76,20.89,20.65,20.71,1310200,20.76,20.89,20.65,20.71,1310200,2020-09-26T01:40:18Z
SNPS,2009-09-03,20.94,21.06,20.56,20.8,1405100,20.94,21.06,20.56,20.8,1405100,2020-09-26T01:40:18Z
SNPS,2009-09-04,21.48,21.49,20.88,20.99,1095300,21.48,21.49,20.88,20.99,1095300,2020-09-26T01:40:18Z
SNPS,2009-09-08,21.74,21.75,21.37,21.42,1792100,21.74,21.75,21.37,21.42,1792100,2020-09-26T01:40:18Z
SNPS,2009-09-09,22.05,22.05,21.63,21.67,1391600,22.05,22.05,21.63,21.67,1391600,2020-09-26T01:40:18Z
SNPS,2009-09-10,22.32,22.34,21.92,22.02,1511900,22.32,22.34,21.92,22.02,1511900,2020-09-26T01:40:18Z
SNPS,2009-09-11,22.38,22.45,22.15,22.3,1416500,22.38,22.45,22.15,22.3,1416500,2020-09-26T01:40:18Z
SNPS,2009-09-14,22.39,22.48,22.1,22.17,1494800,22.39,22.48,22.1,22.17,1494800,2020-09-26T01:40:18Z
SNPS,2009-09-15,22.39,22.49,22.13,22.4,1650600,22.39,22.49,22.13,22.4,1650600,2020-09-26T01:40:18Z
SNPS,2009-09-16,22.64,22.65,22.25,22.33,1808200,22.64,22.65,22.25,22.33,1808200,2020-09-26T01:40:18Z
SNPS,2009-09-17,22.63,22.72,22.31,22.6,1432400,22.63,22.72,22.31,22.6,1432400,2020-09-26T01:40:18Z
SNPS,2009-09-18,22.47,22.65,22.45,22.65,2112800,22.47,22.65,22.45,22.65,2112800,2020-09-26T01:40:18Z
SNPS,2009-09-21,22.61,22.67,22.18,22.3,1748800,22.61,22.67,22.18,22.3,1748800,2020-09-26T01:40:18Z
SNPS,2009-09-22,22.82,22.85,22.49,22.6,1554400,22.82,22.85,22.49,22.6,1554400,2020-09-26T01:40:18Z
SNPS,2009-09-23,22.61,22.94,22.61,22.86,1641300,22.61,22.94,22.61,22.86,1641300,2020-09-26T01:40:18Z
SNPS,2009-09-24,22.49,22.77,22.39,22.6,1327600,22.49,22.77,22.39,22.6,1327600,2020-09-26T01:40:18Z
SNPS,2009-09-25,22.57,22.68,22.39,22.48,969300,22.57,22.68,22.39,22.48,969300,2020-09-26T01:40:18Z
SNPS,2009-09-28,22.79,23,22.54,22.68,1295400,22.79,23,22.54,22.68,1295400,2020-09-26T01:40:18Z
SNPS,2009-09-29,22.97,23,22.71,22.98,1606600,22.97,23,22.71,22.98,1606600,2020-09-26T01:40:18Z
SNPS,2009-09-30,22.42,22.95,22.27,22.89,2537800,22.42,22.95,22.27,22.89,2537800,2020-09-26T01:40:18Z
SNPS,2009-10-01,21.96,22.41,21.79,22.41,1932100,21.96,22.41,21.79,22.41,1932100,2020-09-26T01:40:18Z
SNPS,2009-10-02,21.9,22.05,21.68,21.89,1450500,21.9,22.05,21.68,21.89,1450500,2020-09-26T01:40:18Z
SNPS,2009-10-05,22.14,22.23,21.63,21.9,1890700,22.14,22.23,21.63,21.9,1890700,2020-09-26T01:40:18Z
SNPS,2009-10-06,22.39,22.59,22.19,22.38,1442100,22.39,22.59,22.19,22.38,1442100,2020-09-26T01:40:18Z
SNPS,2009-10-07,22.33,22.45,22.19,22.41,1071400,22.33,22.45,22.19,22.41,1071400,2020-09-26T01:40:18Z
SNPS,2009-10-08,22.63,22.72,22.33,22.33,1301300,22.63,22.72,22.33,22.33,1301300,2020-09-26T01:40:18Z
SNPS,2009-10-09,23,23,22.51,22.62,1219500,23,23,22.51,22.62,1219500,2020-09-26T01:40:18Z
SNPS,2009-10-12,23.09,23.22,22.95,23,1234200,23.09,23.22,22.95,23,1234200,2020-09-26T01:40:18Z
SNPS,2009-10-13,23.25,23.43,23.1,23.11,1178700,23.25,23.43,23.1,23.11,1178700,2020-09-26T01:40:18Z
SNPS,2009-10-14,23.45,23.47,23.28,23.44,833100,23.45,23.47,23.28,23.44,833100,2020-09-26T01:40:18Z
SNPS,2009-10-15,23.33,23.38,23.14,23.28,872200,23.33,23.38,23.14,23.28,872200,2020-09-26T01:40:18Z
SNPS,2009-10-16,23.21,23.36,23.03,23.17,992400,23.21,23.36,23.03,23.17,992400,2020-09-26T01:40:18Z
SNPS,2009-10-19,23.18,23.28,23.09,23.26,900400,23.18,23.28,23.09,23.26,900400,2020-09-26T01:40:18Z
SNPS,2009-10-20,23.13,23.3,23.06,23.3,935500,23.13,23.3,23.06,23.3,935500,2020-09-26T01:40:18Z
SNPS,2009-10-21,23.01,23.32,23,23.08,1300300,23.01,23.32,23,23.08,1300300,2020-09-26T01:40:18Z
SNPS,2009-10-22,23.38,23.38,22.88,22.88,1318700,23.38,23.38,22.88,22.88,1318700,2020-09-26T01:40:18Z
SNPS,2009-10-23,23.28,23.4,23.12,23.38,1324600,23.28,23.4,23.12,23.38,1324600,2020-09-26T01:40:18Z
SNPS,2009-10-26,23.05,23.58,23.03,23.35,1287900,23.05,23.58,23.03,23.35,1287900,2020-09-26T01:40:18Z
SNPS,2009-10-27,22.77,23.24,22.73,23.14,1723000,22.77,23.24,22.73,23.14,1723000,2020-09-26T01:40:18Z
SNPS,2009-10-28,22.25,22.81,22.18,22.8,910500,22.25,22.81,22.18,22.8,910500,2020-09-26T01:40:18Z
SNPS,2009-10-29,22.57,22.64,22.27,22.35,1473700,22.57,22.64,22.27,22.35,1473700,2020-09-26T01:40:18Z
SNPS,2009-10-30,22.02,22.62,22,22.54,1823700,22.02,22.62,22,22.54,1823700,2020-09-26T01:40:18Z
SNPS,2009-11-02,22.12,22.26,21.8,22.01,1688600,22.12,22.26,21.8,22.01,1688600,2020-09-26T01:40:18Z
SNPS,2009-11-03,22.04,22.06,21.83,22.03,1767000,22.04,22.06,21.83,22.03,1767000,2020-09-26T01:40:18Z
SNPS,2009-11-04,22.55,22.88,22.01,22.12,1639000,22.55,22.88,22.01,22.12,1639000,2020-09-26T01:40:18Z
SNPS,2009-11-05,23.14,23.14,22.71,22.75,1042300,23.14,23.14,22.71,22.75,1042300,2020-09-26T01:40:18Z
SNPS,2009-11-06,23.09,23.22,22.91,22.92,960900,23.09,23.22,22.91,22.92,960900,2020-09-26T01:40:18Z
SNPS,2009-11-09,23.52,23.53,23.12,23.2,1201400,23.52,23.53,23.12,23.2,1201400,2020-09-26T01:40:18Z
SNPS,2009-11-10,23.5,23.55,23.23,23.5,1179200,23.5,23.55,23.23,23.5,1179200,2020-09-26T01:40:18Z
SNPS,2009-11-11,23.52,23.74,23.42,23.55,689800,23.52,23.74,23.42,23.55,689800,2020-09-26T01:40:18Z
SNPS,2009-11-12,23.25,23.56,23.24,23.45,1246700,23.25,23.56,23.24,23.45,1246700,2020-09-26T01:40:18Z
SNPS,2009-11-13,23.5,23.57,23.24,23.27,916100,23.5,23.57,23.24,23.27,916100,2020-09-26T01:40:18Z
SNPS,2009-11-16,23.57,23.73,23.5,23.57,840300,23.57,23.73,23.5,23.57,840300,2020-09-26T01:40:18Z
SNPS,2009-11-17,23.44,23.55,23.35,23.45,885900,23.44,23.55,23.35,23.45,885900,2020-09-26T01:40:18Z
SNPS,2009-11-18,23.06,23.42,23.01,23.42,1434800,23.06,23.42,23.01,23.42,1434800,2020-09-26T01:40:18Z
SNPS,2009-11-19,22.82,23.1,22.71,23.03,705700,22.82,23.1,22.71,23.03,705700,2020-09-26T01:40:18Z
SNPS,2009-11-20,22.63,22.87,22.56,22.8,793100,22.63,22.87,22.56,22.8,793100,2020-09-26T01:40:18Z
SNPS,2009-11-23,22.94,23.24,22.69,22.69,733500,22.94,23.24,22.69,22.69,733500,2020-09-26T01:40:18Z
SNPS,2009-11-24,22.65,23,22.55,23,1341300,22.65,23,22.55,23,1341300,2020-09-26T01:40:18Z
SNPS,2009-11-25,22.59,22.74,22.57,22.63,1085300,22.59,22.74,22.57,22.63,1085300,2020-09-26T01:40:18Z
SNPS,2009-11-27,22.43,22.61,22.05,22.26,684100,22.43,22.61,22.05,22.26,684100,2020-09-26T01:40:18Z
SNPS,2009-11-30,22.47,22.58,21.9,22.29,3180600,22.47,22.58,21.9,22.29,3180600,2020-09-26T01:40:18Z
SNPS,2009-12-01,22.55,22.77,22.48,22.52,1743100,22.55,22.77,22.48,22.52,1743100,2020-09-26T01:40:18Z
SNPS,2009-12-02,22.52,22.73,22.36,22.6,1988300,22.52,22.73,22.36,22.6,1988300,2020-09-26T01:40:18Z
SNPS,2009-12-03,21.12,21.75,21.03,21.1,5992600,21.12,21.75,21.03,21.1,5992600,2020-09-26T01:40:18Z
SNPS,2009-12-04,21.02,21.51,20.77,21.29,2205000,21.02,21.51,20.77,21.29,2205000,2020-09-26T01:40:18Z
SNPS,2009-12-07,20.98,21.17,20.91,21.05,1971200,20.98,21.17,20.91,21.05,1971200,2020-09-26T01:40:18Z
SNPS,2009-12-08,20.74,20.93,20.66,20.87,1897200,20.74,20.93,20.66,20.87,1897200,2020-09-26T01:40:18Z
SNPS,2009-12-09,20.79,20.85,20.48,20.64,1477000,20.79,20.85,20.48,20.64,1477000,2020-09-26T01:40:18Z
SNPS,2009-12-10,20.73,21,20.71,20.83,1516700,20.73,21,20.71,20.83,1516700,2020-09-26T01:40:18Z
SNPS,2009-12-11,20.49,20.81,20.44,20.78,1253800,20.49,20.81,20.44,20.78,1253800,2020-09-26T01:40:18Z
SNPS,2009-12-14,20.87,20.88,20.39,20.59,2541600,20.87,20.88,20.39,20.59,2541600,2020-09-26T01:40:18Z
SNPS,2009-12-15,20.66,20.83,20.55,20.73,1218400,20.66,20.83,20.55,20.73,1218400,2020-09-26T01:40:18Z
SNPS,2009-12-16,20.66,20.85,20.62,20.68,1153000,20.66,20.85,20.62,20.68,1153000,2020-09-26T01:40:18Z
SNPS,2009-12-17,20.94,20.98,20.43,20.56,2636600,20.94,20.98,20.43,20.56,2636600,2020-09-26T01:40:18Z
SNPS,2009-12-18,21.46,21.47,21.09,21.14,3728900,21.46,21.47,21.09,21.14,3728900,2020-09-26T01:40:18Z
SNPS,2009-12-21,21.7,21.73,21.39,21.45,1845100,21.7,21.73,21.39,21.45,1845100,2020-09-26T01:40:18Z
