ticker,tradeDate,clsPx,hiPx,loPx,open,stockVolume,unadjClsPx,unadjHiPx,unadjLoPx,unadjOpen,unadjStockVolume,updatedAt
SO,2006-01-03,14.29,14.32,14.05,14.17,5406840,35.07,35.13,34.48,34.76,2203700,2026-02-21T03:46:34Z
SO,2006-01-04,14.26,14.31,14.04,14.23,5734629,34.99,35.1,34.45,34.92,2337300,2026-02-21T03:46:34Z
SO,2006-01-05,14.22,14.31,14.16,14.28,3369164,34.9,35.12,34.75,35.04,1373200,2026-02-21T03:46:34Z
SO,2006-01-06,14.31,14.31,14.18,14.26,2898583,35.1,35.1,34.8,34.99,1181400,2026-02-21T03:46:34Z
SO,2006-01-09,14.23,14.3,14.19,14.29,4201656,34.92,35.08,34.81,35.06,1712500,2026-02-21T03:46:34Z
SO,2006-01-10,14.21,14.24,14.16,14.19,4715185,34.87,34.95,34.75,34.82,1921800,2026-02-21T03:46:34Z
SO,2006-01-11,14.18,14.24,14.12,14.19,5011079,34.79,34.93,34.64,34.81,2042400,2026-02-21T03:46:34Z
SO,2006-01-12,14.2,14.31,14.17,14.18,5556253,34.83,35.1,34.76,34.79,2264600,2026-02-21T03:46:34Z
SO,2006-01-13,14.23,14.26,14.16,14.2,4313782,34.92,34.98,34.74,34.85,1758200,2026-02-21T03:46:34Z
SO,2006-01-17,14.3,14.31,14.17,14.22,4712975,35.08,35.11,34.76,34.88,1920900,2026-02-21T03:46:34Z
SO,2006-01-18,14.33,14.41,14.27,14.27,4750270,35.16,35.35,35.02,35.02,1936100,2026-02-21T03:46:34Z
SO,2006-01-19,14.52,14.53,14.31,14.34,5700505,35.63,35.64,35.1,35.17,2323400,2026-02-21T03:46:34Z
SO,2006-01-20,14.29,14.63,14.22,14.52,7969277,35.05,35.89,34.9,35.63,3248100,2026-02-21T03:46:34Z
SO,2006-01-23,14.36,14.41,14.27,14.27,3827235,35.23,35.35,35,35,1559900,2026-02-21T03:46:34Z
SO,2006-01-24,14.5,14.55,14.32,14.36,5636722,35.58,35.69,35.14,35.22,2297400,2026-02-21T03:46:34Z
SO,2006-01-25,14.41,14.61,14.27,14.5,7608104,35.35,35.84,35,35.57,3100900,2026-02-21T03:46:34Z
SO,2006-01-26,14.32,14.52,14.17,14.47,10548176,35.13,35.63,34.77,35.5,4299200,2026-02-21T03:46:34Z
SO,2006-01-27,14.38,14.53,14.24,14.27,7874307,35.27,35.64,34.95,35,3209400,2026-02-21T03:46:34Z
SO,2006-01-30,14.3,14.34,14.22,14.27,8766182,35.09,35.17,34.88,35,3572900,2026-02-21T03:46:34Z
SO,2006-01-31,14.18,14.36,14.14,14.32,10269210,34.8,35.22,34.69,35.14,4185500,2026-02-21T03:46:34Z
SO,2006-02-01,14.14,14.2,14.04,14.13,11549000,34.7,34.85,34.44,34.68,4707100,2026-02-21T03:46:34Z
SO,2006-02-02,13.9,14.17,13.79,14.15,9259465,33.75,34.4,33.48,34.34,3814900,2026-02-21T03:46:34Z
SO,2006-02-03,13.77,13.93,13.72,13.89,6888611,33.42,33.81,33.29,33.72,2838100,2026-02-21T03:46:34Z
SO,2006-02-06,13.78,13.83,13.69,13.71,4791747,33.45,33.57,33.23,33.27,1974200,2026-02-21T03:46:34Z
SO,2006-02-07,13.74,13.78,13.6,13.76,6343437,33.34,33.45,33.02,33.4,2613500,2026-02-21T03:46:34Z
SO,2006-02-08,13.71,13.73,13.64,13.7,4727413,33.28,33.33,33.1,33.25,1947700,2026-02-21T03:46:34Z
SO,2006-02-09,13.75,13.87,13.71,13.75,5600712,33.38,33.66,33.28,33.37,2307500,2026-02-21T03:46:34Z
SO,2006-02-10,13.77,13.88,13.71,13.74,3866979,33.43,33.69,33.27,33.36,1593200,2026-02-21T03:46:34Z
SO,2006-02-13,13.83,13.85,13.74,13.74,3325975,33.56,33.61,33.35,33.36,1370300,2026-02-21T03:46:34Z
SO,2006-02-14,13.83,13.88,13.7,13.81,4315546,33.57,33.7,33.25,33.53,1778000,2026-02-21T03:46:34Z
SO,2006-02-15,13.78,13.93,13.67,13.83,6027175,33.44,33.81,33.19,33.57,2483200,2026-02-21T03:46:34Z
SO,2006-02-16,13.93,13.93,13.74,13.74,4291262,33.8,33.8,33.34,33.35,1768000,2026-02-21T03:46:34Z
SO,2006-02-17,13.95,14.04,13.82,13.9,4675977,33.86,34.07,33.55,33.75,1926500,2026-02-21T03:46:34Z
SO,2006-02-21,13.99,14.06,13.93,13.93,3835685,33.96,34.12,33.8,33.8,1580300,2026-02-21T03:46:34Z
SO,2006-02-22,14.05,14.09,13.99,14,3897092,34.11,34.19,33.95,33.99,1605600,2026-02-21T03:46:34Z
SO,2006-02-23,14.01,14.1,13.94,14.01,3565781,34.01,34.22,33.84,34.01,1469100,2026-02-21T03:46:34Z
SO,2006-02-24,14.06,14.09,13.99,14.03,2926448,34.13,34.2,33.95,34.06,1205700,2026-02-21T03:46:34Z
SO,2006-02-27,14.07,14.14,14.02,14.06,5486415,34.16,34.32,34.03,34.12,2260400,2026-02-21T03:46:34Z
SO,2006-02-28,14.02,14.13,13.97,14.06,6241971,34.03,34.3,33.92,34.12,2571700,2026-02-21T03:46:34Z
SO,2006-03-01,14.05,14.05,13.97,14.02,7764562,34.1,34.1,33.9,34.03,3199000,2026-02-21T03:46:34Z
SO,2006-03-02,13.94,14.02,13.78,14.02,8548288,33.84,34.02,33.45,34.02,3521900,2026-02-21T03:46:34Z
SO,2006-03-03,13.93,14,13.81,13.91,7396380,33.82,33.97,33.53,33.77,3047300,2026-02-21T03:46:34Z
SO,2006-03-06,13.72,14,13.62,14,7229126,33.3,33.97,33.05,33.97,2978400,2026-02-21T03:46:34Z
SO,2006-03-07,13.73,13.76,13.62,13.67,4810665,33.33,33.39,33.06,33.19,1982000,2026-02-21T03:46:34Z
SO,2006-03-08,13.74,13.87,13.52,13.73,7907535,33.36,33.67,32.81,33.33,3257900,2026-02-21T03:46:34Z
SO,2006-03-09,13.67,13.78,13.66,13.74,4325497,33.17,33.45,33.15,33.36,1782100,2026-02-21T03:46:34Z
SO,2006-03-10,13.71,13.81,13.61,13.66,5016761,33.27,33.53,33.03,33.15,2066900,2026-02-21T03:46:34Z
SO,2006-03-13,13.72,13.81,13.69,13.76,4603391,33.29,33.51,33.23,33.39,1896600,2026-02-21T03:46:34Z
SO,2006-03-14,13.86,13.87,13.64,13.73,5928138,33.63,33.67,33.1,33.32,2442400,2026-02-21T03:46:34Z
SO,2006-03-15,13.9,13.93,13.75,13.82,3556543,33.73,33.8,33.38,33.55,1465300,2026-02-21T03:46:34Z
SO,2006-03-16,13.94,14.05,13.9,13.92,4815520,33.83,34.1,33.73,33.79,1984000,2026-02-21T03:46:34Z
SO,2006-03-17,13.93,14.02,13.9,14.01,5852912,33.8,34.03,33.75,34,2411400,2026-02-21T03:46:34Z
SO,2006-03-20,13.82,14,13.78,13.96,3573781,33.54,33.98,33.44,33.88,1472400,2026-02-21T03:46:34Z
SO,2006-03-21,13.77,13.86,13.68,13.86,3933726,33.43,33.65,33.21,33.65,1620700,2026-02-21T03:46:34Z
SO,2006-03-22,13.75,13.79,13.7,13.75,4434210,33.38,33.48,33.26,33.37,1826900,2026-02-21T03:46:34Z
SO,2006-03-23,13.69,13.8,13.65,13.8,6471340,33.23,33.5,33.14,33.5,2666200,2026-02-21T03:46:34Z
SO,2006-03-24,13.62,13.71,13.57,13.66,5115548,33.07,33.28,32.95,33.15,2107600,2026-02-21T03:46:34Z
SO,2006-03-27,13.6,13.64,13.55,13.62,4020394,33.01,33.1,32.89,33.07,1656400,2026-02-21T03:46:34Z
SO,2006-03-28,13.47,13.58,13.44,13.57,5776932,32.69,32.96,32.62,32.94,2380100,2026-02-21T03:46:34Z
SO,2006-03-29,13.57,13.63,13.44,13.49,6179107,32.93,33.09,32.61,32.75,2545800,2026-02-21T03:46:34Z
SO,2006-03-30,13.34,13.59,13.32,13.53,6184241,32.37,32.99,32.34,32.85,2547900,2026-02-21T03:46:34Z
SO,2006-03-31,13.5,13.6,13.34,13.5,8793230,32.77,33,32.37,32.77,3622800,2026-02-21T03:46:34Z
SO,2006-04-03,13.41,13.63,13.39,13.5,6201213,32.55,33.09,32.5,32.77,2554900,2026-02-21T03:46:34Z
SO,2006-04-04,13.46,13.5,13.32,13.43,7391526,32.67,32.76,32.34,32.6,3045300,2026-02-21T03:46:34Z
SO,2006-04-05,13.65,13.65,13.38,13.49,7576721,33.12,33.13,32.47,32.75,3121600,2026-02-21T03:46:34Z
SO,2006-04-06,13.39,13.7,13.39,13.64,8869660,32.5,33.25,32.49,33.12,3654300,2026-02-21T03:46:34Z
SO,2006-04-07,13.17,13.4,13.06,13.37,11119919,31.96,32.53,31.7,32.46,4581400,2026-02-21T03:46:34Z
SO,2006-04-10,13.12,13.28,13.1,13.22,4180339,31.85,32.23,31.8,32.1,1722300,2026-02-21T03:46:34Z
SO,2006-04-11,12.98,13.18,12.93,13.12,6014320,31.5,31.99,31.39,31.85,2477900,2026-02-21T03:46:34Z
SO,2006-04-12,13.05,13.08,12.98,12.98,6855603,31.67,31.75,31.5,31.5,2824500,2026-02-21T03:46:34Z
SO,2006-04-13,12.96,13.08,12.95,12.99,5010194,31.45,31.75,31.44,31.54,2064200,2026-02-21T03:46:34Z
SO,2006-04-17,13.02,13.04,12.95,12.96,4358980,31.6,31.66,31.42,31.45,1795900,2026-02-21T03:46:34Z
SO,2006-04-18,13.13,13.24,13.02,13.11,7169638,31.88,32.14,31.61,31.81,2953900,2026-02-21T03:46:34Z
SO,2006-04-19,13.15,13.21,13.01,13.13,4218210,31.91,32.06,31.57,31.88,1737900,2026-02-21T03:46:34Z
SO,2006-04-20,13.19,13.39,13.17,13.21,5317491,32.02,32.49,31.97,32.07,2190800,2026-02-21T03:46:34Z
SO,2006-04-21,13.18,13.27,13.06,13.23,5671835,31.99,32.21,31.71,32.12,2336800,2026-02-21T03:46:34Z
SO,2006-04-24,13.32,13.37,13.11,13.14,7434212,32.34,32.44,31.83,31.9,3062900,2026-02-21T03:46:34Z
SO,2006-04-25,13.06,13.32,13.04,13.32,7684235,31.71,32.34,31.64,32.33,3165900,2026-02-21T03:46:34Z
SO,2006-04-26,13.04,13.11,12.94,13.09,7125485,31.65,31.83,31.4,31.77,2935700,2026-02-21T03:46:34Z
SO,2006-04-27,13.38,13.49,12.98,13.05,10445537,32.07,32.35,31.13,31.29,4356900,2026-02-21T03:46:34Z
SO,2006-04-28,13.44,13.47,13.26,13.3,7176073,32.23,32.29,31.78,31.88,2993200,2026-02-21T03:46:34Z
SO,2006-05-01,13.24,13.54,13.2,13.41,4980034,31.75,32.45,31.65,32.14,2077200,2026-02-21T03:46:34Z
SO,2006-05-02,13.32,13.36,13.26,13.29,4939749,31.93,32.02,31.8,31.85,2060400,2026-02-21T03:46:34Z
SO,2006-05-03,13.15,13.35,13.14,13.32,5017902,31.52,32,31.51,31.93,2093000,2026-02-21T03:46:34Z
SO,2006-05-04,13.18,13.24,13.13,13.21,6152382,31.59,31.74,31.49,31.66,2566200,2026-02-21T03:46:34Z
SO,2006-05-05,13.36,13.39,13.22,13.26,5607180,32.02,32.1,31.69,31.78,2338800,2026-02-21T03:46:34Z
SO,2006-05-08,13.31,13.46,13.27,13.36,7923377,31.91,32.26,31.81,32.02,3304900,2026-02-21T03:46:34Z
SO,2006-05-09,13.25,13.32,13.19,13.29,3862554,31.77,31.94,31.62,31.86,1611100,2026-02-21T03:46:34Z
SO,2006-05-10,13.38,13.41,13.23,13.27,5600945,32.09,32.15,31.71,31.82,2336200,2026-02-21T03:46:34Z
SO,2006-05-11,13.17,13.38,13.14,13.35,4229359,31.57,32.08,31.5,32.01,1764100,2026-02-21T03:46:34Z
SO,2006-05-12,12.99,13.22,12.97,13.16,5623981,31.14,31.69,31.09,31.56,2345800,2026-02-21T03:46:34Z
SO,2006-05-15,13.07,13.16,13,13.02,4751790,31.34,31.54,31.17,31.22,1982000,2026-02-21T03:46:34Z
SO,2006-05-16,13.03,13.14,13.03,13.13,3470338,31.24,31.5,31.24,31.47,1447500,2026-02-21T03:46:34Z
SO,2006-05-17,12.72,13.29,12.71,13.29,7161946,30.49,31.85,30.48,31.85,2987300,2026-02-21T03:46:34Z
SO,2006-05-18,12.78,12.95,12.72,12.72,7569752,30.63,31.04,30.5,30.5,3157400,2026-02-21T03:46:34Z
SO,2006-05-19,13.01,13.13,12.81,12.86,9677828,31.19,31.49,30.71,30.84,4036700,2026-02-21T03:46:34Z
SO,2006-05-22,13.2,13.33,12.93,12.93,10587720,31.65,31.95,31.01,31.01,4416200,2026-02-21T03:46:34Z
SO,2006-05-23,12.98,13.26,12.94,13.19,5169884,31.12,31.79,31.03,31.62,2156400,2026-02-21T03:46:34Z
SO,2006-05-24,13.13,13.2,12.94,12.98,6976626,31.49,31.64,31.02,31.11,2910000,2026-02-21T03:46:34Z
SO,2006-05-25,13.25,13.26,13.08,13.16,4983380,31.76,31.78,31.36,31.55,2078600,2026-02-21T03:46:34Z
SO,2006-05-26,13.49,13.49,13.19,13.3,7140156,32.34,32.35,31.61,31.89,2978200,2026-02-21T03:46:34Z
SO,2006-05-30,13.21,13.44,13.2,13.39,6984767,31.67,32.23,31.65,32.11,2913400,2026-02-21T03:46:34Z
SO,2006-05-31,13.33,13.47,13.21,13.21,6040900,31.97,32.29,31.68,31.68,2519700,2026-02-21T03:46:34Z
SO,2006-06-01,13.34,13.46,13.29,13.4,8924057,31.99,32.27,31.85,32.12,3722300,2026-02-21T03:46:34Z
SO,2006-06-02,13.61,13.63,13.26,13.35,6557564,32.62,32.68,31.78,32.01,2735200,2026-02-21T03:46:34Z
SO,2006-06-05,13.5,13.67,13.46,13.6,5644108,32.36,32.78,32.28,32.61,2354200,2026-02-21T03:46:34Z
SO,2006-06-06,13.5,13.59,13.28,13.59,8105326,32.37,32.59,31.84,32.59,3380800,2026-02-21T03:46:34Z
SO,2006-06-07,13.5,13.57,13.44,13.5,5410115,32.36,32.54,32.21,32.37,2256600,2026-02-21T03:46:34Z
SO,2006-06-08,13.55,13.66,13.4,13.41,8367419,32.48,32.74,32.12,32.16,3490100,2026-02-21T03:46:34Z
SO,2006-06-09,13.61,13.68,13.47,13.47,5071840,32.63,32.8,32.29,32.29,2115500,2026-02-21T03:46:34Z
SO,2006-06-12,13.67,13.78,13.58,13.58,5473642,32.78,33.04,32.55,32.56,2283100,2026-02-21T03:46:34Z
SO,2006-06-13,13.51,13.73,13.48,13.65,7043499,32.4,32.92,32.32,32.72,2937900,2026-02-21T03:46:34Z
SO,2006-06-14,13.45,13.52,13.32,13.46,5987193,32.25,32.42,31.94,32.27,2497300,2026-02-21T03:46:34Z
SO,2006-06-15,13.66,13.7,13.4,13.54,6195991,32.75,32.84,32.13,32.47,2584400,2026-02-21T03:46:34Z
SO,2006-06-16,13.56,13.72,13.51,13.64,5660198,32.51,32.9,32.39,32.71,2360900,2026-02-21T03:46:34Z
SO,2006-06-19,13.51,13.59,13.37,13.56,4974490,32.4,32.58,32.06,32.51,2074900,2026-02-21T03:46:34Z
SO,2006-06-20,13.4,13.52,13.35,13.51,6235799,32.12,32.42,32,32.38,2601000,2026-02-21T03:46:34Z
SO,2006-06-21,13.35,13.5,13.34,13.39,4723496,32,32.37,31.99,32.11,1970200,2026-02-21T03:46:34Z
SO,2006-06-22,13.4,13.43,13.24,13.31,4916022,32.13,32.2,31.75,31.91,2050500,2026-02-21T03:46:34Z
SO,2006-06-23,13.36,13.55,13.32,13.32,3705765,32.04,32.48,31.94,31.94,1545700,2026-02-21T03:46:34Z
SO,2006-06-26,13.37,13.46,13.29,13.35,3906417,32.06,32.26,31.87,32,1629400,2026-02-21T03:46:34Z
SO,2006-06-27,13.23,13.43,13.21,13.33,7071329,31.73,32.19,31.68,31.96,2949500,2026-02-21T03:46:34Z
SO,2006-06-28,13.26,13.31,13.21,13.22,7509345,31.8,31.92,31.67,31.7,3132200,2026-02-21T03:46:34Z
SO,2006-06-29,13.35,13.38,13.2,13.34,9554160,32,32.07,31.65,31.97,3985100,2026-02-21T03:46:34Z
SO,2006-06-30,13.37,13.43,13.31,13.39,11582381,32.05,32.2,31.9,32.1,4831100,2026-02-21T03:46:34Z
SO,2006-07-03,13.47,13.48,13.35,13.42,2888943,32.29,32.31,32.01,32.18,1205000,2026-02-21T03:46:34Z
SO,2006-07-05,13.5,13.56,13.39,13.39,6534046,32.36,32.52,32.1,32.1,2725400,2026-02-21T03:46:34Z
SO,2006-07-06,13.5,13.52,13.44,13.44,4545590,32.36,32.41,32.22,32.22,1896000,2026-02-21T03:46:34Z
SO,2006-07-07,13.6,13.71,13.47,13.51,4646755,32.61,32.86,32.29,32.4,1938200,2026-02-21T03:46:34Z
SO,2006-07-10,13.73,13.73,13.59,13.6,2860888,32.92,32.92,32.58,32.6,1193300,2026-02-21T03:46:34Z
SO,2006-07-11,13.79,13.81,13.66,13.73,4681997,33.06,33.1,32.74,32.92,1952900,2026-02-21T03:46:34Z
SO,2006-07-12,13.67,13.78,13.64,13.73,4778618,32.78,33.03,32.71,32.92,1993200,2026-02-21T03:46:34Z
SO,2006-07-13,13.57,13.78,13.52,13.64,7299066,32.54,33.04,32.42,32.71,3044500,2026-02-21T03:46:34Z
SO,2006-07-14,13.56,13.66,13.46,13.53,5546786,32.52,32.74,32.26,32.43,2313600,2026-02-21T03:46:34Z
SO,2006-07-17,13.54,13.66,13.51,13.53,4173019,32.47,32.74,32.4,32.43,1740600,2026-02-21T03:46:34Z
SO,2006-07-18,13.63,13.69,13.52,13.56,4482777,32.67,32.82,32.41,32.5,1869800,2026-02-21T03:46:34Z
SO,2006-07-19,13.81,13.91,13.64,13.64,5972333,33.11,33.34,32.71,32.71,2491100,2026-02-21T03:46:34Z
SO,2006-07-20,13.9,13.97,13.79,13.79,5769504,33.32,33.49,33.05,33.06,2406500,2026-02-21T03:46:34Z
SO,2006-07-21,13.99,14.1,13.91,13.98,6839970,33.53,33.8,33.36,33.51,2853000,2026-02-21T03:46:34Z
SO,2006-07-24,13.99,14.04,13.91,14.01,8583629,33.54,33.67,33.36,33.59,3580300,2026-02-21T03:46:34Z
SO,2006-07-25,14.11,14.14,13.96,13.99,4932532,33.82,33.89,33.48,33.55,2057400,2026-02-21T03:46:34Z
SO,2006-07-26,14.1,14.12,14.02,14.08,7256180,33.8,33.85,33.6,33.75,3026600,2026-02-21T03:46:34Z
SO,2006-07-27,14.1,14.33,14.06,14.18,7622513,33.8,34.35,33.71,34,3179400,2026-02-21T03:46:34Z
SO,2006-07-28,14.11,14.27,14.09,14.23,6375595,33.83,34.22,33.79,34.11,2659300,2026-02-21T03:46:34Z
SO,2006-07-31,14.09,14.27,14.07,14.16,5856520,33.78,34.2,33.73,33.95,2442800,2026-02-21T03:46:34Z
SO,2006-08-01,14.24,14.25,14.08,14.1,8156662,34.15,34.16,33.76,33.8,3402200,2026-02-21T03:46:34Z
SO,2006-08-02,14.27,14.31,14.18,14.22,6241066,34.2,34.32,34,34.1,2603200,2026-02-21T03:46:34Z
SO,2006-08-03,14.08,14.38,14.05,14.26,6413077,33.37,34.08,33.31,33.8,2705600,2026-02-21T03:46:34Z
SO,2006-08-04,14.24,14.26,14.11,14.18,6527808,33.75,33.8,33.44,33.62,2754000,2026-02-21T03:46:34Z
SO,2006-08-07,14,14.23,13.99,14.17,4057487,33.18,33.72,33.16,33.59,1711800,2026-02-21T03:46:34Z
SO,2006-08-08,14.12,14.2,14.03,14.04,4356604,33.47,33.66,33.25,33.28,1838000,2026-02-21T03:46:34Z
SO,2006-08-09,14.07,14.26,14.05,14.26,3553561,33.34,33.81,33.31,33.8,1499200,2026-02-21T03:46:34Z
SO,2006-08-10,14.1,14.15,14.02,14.12,4639855,33.42,33.53,33.24,33.48,1957500,2026-02-21T03:46:34Z
SO,2006-08-11,14.09,14.11,14.01,14.05,4480355,33.4,33.44,33.21,33.3,1890200,2026-02-21T03:46:34Z
SO,2006-08-14,14.16,14.19,14.06,14.14,5266082,33.57,33.63,33.32,33.51,2221700,2026-02-21T03:46:34Z
SO,2006-08-15,14.25,14.28,14.18,14.26,4063185,33.78,33.85,33.62,33.81,1714200,2026-02-21T03:46:34Z
SO,2006-08-16,14.12,14.34,14.11,14.3,5087372,33.48,34,33.44,33.9,2146300,2026-02-21T03:46:34Z
SO,2006-08-17,14.17,14.19,13.98,14.1,4353999,33.58,33.63,33.13,33.43,1836900,2026-02-21T03:46:34Z
SO,2006-08-18,14.21,14.29,14.13,14.18,3858134,33.69,33.86,33.5,33.61,1627700,2026-02-21T03:46:34Z
SO,2006-08-21,14.23,14.3,14.2,14.21,4465160,33.73,33.9,33.65,33.68,1883800,2026-02-21T03:46:34Z
SO,2006-08-22,14.29,14.29,14.2,14.27,3843918,33.86,33.87,33.66,33.83,1621700,2026-02-21T03:46:34Z
SO,2006-08-23,14.13,14.3,14.06,14.29,3259881,33.5,33.89,33.33,33.88,1375300,2026-02-21T03:46:34Z
SO,2006-08-24,14.2,14.22,14.14,14.2,3888491,33.67,33.7,33.51,33.65,1640500,2026-02-21T03:46:34Z
SO,2006-08-25,14.15,14.21,14.12,14.16,2606146,33.54,33.67,33.47,33.56,1099500,2026-02-21T03:46:34Z
SO,2006-08-28,14.34,14.34,14.13,14.15,4743694,33.98,34,33.49,33.55,2001300,2026-02-21T03:46:34Z
SO,2006-08-29,14.27,14.34,14.2,14.34,4806986,33.83,33.99,33.66,33.99,2028000,2026-02-21T03:46:34Z
SO,2006-08-30,14.3,14.34,14.21,14.31,3778729,33.9,33.98,33.68,33.93,1594200,2026-02-21T03:46:34Z
SO,2006-08-31,14.46,14.48,14.32,14.34,5950395,34.27,34.32,33.95,33.98,2510400,2026-02-21T03:46:34Z
SO,2006-09-01,14.44,14.53,14.41,14.46,4668303,34.22,34.43,34.16,34.27,1969500,2026-02-21T03:46:34Z
SO,2006-09-05,14.34,14.5,14.22,14.5,6593489,33.99,34.37,33.7,34.37,2781700,2026-02-21T03:46:34Z
SO,2006-09-06,14.3,14.37,14.22,14.37,6066303,33.9,34.07,33.71,34.05,2559300,2026-02-21T03:46:34Z
SO,2006-09-07,14.31,14.44,14.28,14.37,6241476,33.91,34.23,33.84,34.06,2633200,2026-02-21T03:46:34Z
SO,2006-09-08,14.37,14.42,14.32,14.34,3819967,34.05,34.17,33.95,33.99,1611600,2026-02-21T03:46:34Z
SO,2006-09-11,14.39,14.45,14.34,14.39,4787769,34.12,34.25,34,34.1,2019900,2026-02-21T03:46:34Z
SO,2006-09-12,14.42,14.42,14.3,14.39,7329458,34.19,34.19,33.9,34.12,3092200,2026-02-21T03:46:34Z
SO,2006-09-13,14.53,14.54,14.31,14.39,6282728,34.45,34.46,33.91,34.12,2650600,2026-02-21T03:46:34Z
SO,2006-09-14,14.47,14.66,14.26,14.26,6549623,34.29,34.75,33.8,33.8,2763200,2026-02-21T03:46:34Z
SO,2006-09-15,14.58,14.61,14.49,14.51,6862990,34.57,34.63,34.34,34.4,2895400,2026-02-21T03:46:34Z
SO,2006-09-18,14.45,14.59,14.37,14.58,5268239,34.24,34.58,34.07,34.55,2222600,2026-02-21T03:46:34Z
SO,2006-09-19,14.47,14.53,14.41,14.47,5419699,34.29,34.44,34.16,34.3,2286500,2026-02-21T03:46:34Z
SO,2006-09-20,14.52,14.57,14.47,14.49,4110328,34.42,34.54,34.3,34.35,1734100,2026-02-21T03:46:34Z
SO,2006-09-21,14.56,14.58,14.43,14.54,7849505,34.51,34.55,34.2,34.47,3311600,2026-02-21T03:46:34Z
SO,2006-09-22,14.46,14.6,14.45,14.58,5070066,34.27,34.61,34.24,34.55,2139000,2026-02-21T03:46:34Z
SO,2006-09-25,14.64,14.71,14.48,14.51,5557396,34.69,34.87,34.33,34.39,2344600,2026-02-21T03:46:34Z
SO,2006-09-26,14.58,14.65,14.55,14.61,3507819,34.57,34.72,34.48,34.62,1479900,2026-02-21T03:46:34Z
SO,2006-09-27,14.74,14.76,14.52,14.53,5039985,34.94,34.99,34.41,34.43,2126300,2026-02-21T03:46:34Z
SO,2006-09-28,14.61,14.77,14.53,14.74,9087708,34.63,35,34.44,34.93,3834000,2026-02-21T03:46:34Z
SO,2006-09-29,14.54,14.71,14.53,14.66,6731435,34.46,34.88,34.43,34.75,2839900,2026-02-21T03:46:34Z
SO,2006-10-02,14.69,14.77,14.55,14.57,4823562,34.81,35,34.49,34.53,2035000,2026-02-21T03:46:34Z
SO,2006-10-03,14.75,14.82,14.63,14.7,7909210,34.96,35.14,34.69,34.85,3336800,2026-02-21T03:46:34Z
SO,2006-10-04,14.77,14.86,14.68,14.71,6869594,35.01,35.22,34.8,34.86,2898200,2026-02-21T03:46:34Z
SO,2006-10-05,14.74,14.78,14.68,14.71,5301187,34.93,35.04,34.8,34.87,2236500,2026-02-21T03:46:34Z
SO,2006-10-06,14.67,14.72,14.6,14.69,4373686,34.77,34.9,34.6,34.81,1845200,2026-02-21T03:46:34Z
SO,2006-10-09,14.66,14.71,14.6,14.67,2603532,34.74,34.88,34.6,34.78,1098400,2026-02-21T03:46:34Z
SO,2006-10-10,14.64,14.68,14.59,14.63,6726427,34.69,34.8,34.57,34.68,2837800,2026-02-21T03:46:34Z
SO,2006-10-11,14.77,14.81,14.62,14.62,5541747,35,35.11,34.65,34.65,2338000,2026-02-21T03:46:34Z
SO,2006-10-12,14.77,14.8,14.71,14.8,5031423,35,35.09,34.86,35.09,2122700,2026-02-21T03:46:34Z
SO,2006-10-13,14.8,14.84,14.7,14.7,5405481,35.09,35.17,34.84,34.84,2280500,2026-02-21T03:46:34Z
SO,2006-10-16,14.84,14.86,14.77,14.77,4754111,35.18,35.23,35,35,2005700,2026-02-21T03:46:34Z
SO,2006-10-17,14.84,14.98,14.82,14.83,11227402,35.18,35.5,35.14,35.15,4736700,2026-02-21T03:46:34Z
SO,2006-10-18,15.09,15.13,14.84,14.84,7404578,35.76,35.86,35.18,35.18,3123900,2026-02-21T03:46:34Z
SO,2006-10-19,15.04,15.12,15.01,15.04,3375067,35.65,35.83,35.58,35.66,1423900,2026-02-21T03:46:34Z
SO,2006-10-20,15.1,15.13,15.02,15.1,5252122,35.78,35.86,35.61,35.79,2215800,2026-02-21T03:46:34Z
SO,2006-10-23,15.14,15.18,14.97,15.04,4737289,35.88,35.97,35.49,35.65,1998600,2026-02-21T03:46:34Z
SO,2006-10-24,15.13,15.13,15.02,15.08,5980972,35.86,35.87,35.6,35.75,2523300,2026-02-21T03:46:34Z
SO,2006-10-25,15.28,15.28,15.07,15.07,6716028,36.21,36.22,35.72,35.72,2833400,2026-02-21T03:46:34Z
SO,2006-10-26,15.25,15.35,15.19,15.28,8185602,36.14,36.38,36,36.22,3453400,2026-02-21T03:46:34Z
SO,2006-10-27,15.2,15.26,15.11,15.13,8789787,36.03,36.18,35.82,35.86,3708300,2026-02-21T03:46:34Z
SO,2006-10-30,15.28,15.28,15.14,15.19,7058501,36.22,36.22,35.89,36,2977900,2026-02-21T03:46:34Z
SO,2006-10-31,15.36,15.44,15.27,15.27,9630058,36.4,36.6,36.2,36.2,4062800,2026-02-21T03:46:34Z
SO,2006-11-01,15.45,15.5,15.29,15.3,6181980,36.61,36.73,36.23,36.27,2608100,2026-02-21T03:46:34Z
SO,2006-11-02,15.37,15.44,15.27,15.34,5974654,36.04,36.21,35.81,35.97,2547600,2026-02-21T03:46:34Z
SO,2006-11-03,15.25,15.35,15.17,15.31,5388846,35.77,35.99,35.58,35.9,2297800,2026-02-21T03:46:34Z
SO,2006-11-06,15.22,15.26,15.1,15.24,6503524,35.69,35.78,35.41,35.75,2773100,2026-02-21T03:46:34Z
SO,2006-11-07,15.21,15.29,15.15,15.22,4513608,35.66,35.86,35.54,35.69,1924600,2026-02-21T03:46:34Z
SO,2006-11-08,15.32,15.38,15.18,15.24,5969962,35.93,36.08,35.6,35.75,2545600,2026-02-21T03:46:34Z
SO,2006-11-09,15.27,15.35,15.26,15.3,4483579,35.81,35.99,35.78,35.88,1911800,2026-02-21T03:46:34Z
SO,2006-11-10,15.38,15.43,15.32,15.33,4522029,36.07,36.18,35.92,35.95,1928200,2026-02-21T03:46:34Z
SO,2006-11-13,15.36,15.43,15.33,15.38,4446291,36.03,36.19,35.96,36.08,1895900,2026-02-21T03:46:34Z
SO,2006-11-14,15.44,15.44,15.27,15.36,6797583,36.21,36.22,35.8,36.03,2898500,2026-02-21T03:46:34Z
SO,2006-11-15,15.38,15.46,15.36,15.45,3614918,36.08,36.25,36.01,36.24,1541400,2026-02-21T03:46:34Z
SO,2006-11-16,15.41,15.54,15.4,15.46,3790814,36.13,36.44,36.11,36.25,1616400,2026-02-21T03:46:34Z
SO,2006-11-17,15.43,15.45,15.35,15.36,4787508,36.18,36.23,36,36.02,2041400,2026-02-21T03:46:34Z
SO,2006-11-20,15.41,15.48,15.27,15.39,6239679,36.14,36.3,35.8,36.09,2660600,2026-02-21T03:46:34Z
SO,2006-11-21,15.4,15.47,15.37,15.43,3075275,36.12,36.29,36.05,36.19,1311300,2026-02-21T03:46:34Z
SO,2006-11-22,15.4,15.46,15.36,15.38,3058389,36.12,36.25,36.02,36.08,1304100,2026-02-21T03:46:34Z
SO,2006-11-24,15.41,15.45,15.36,15.36,1464352,36.14,36.23,36.03,36.03,624400,2026-02-21T03:46:34Z
SO,2006-11-27,15.21,15.38,15.2,15.32,4777424,35.68,36.07,35.65,35.94,2037100,2026-02-21T03:46:34Z
SO,2006-11-28,15.31,15.37,15.23,15.23,6995554,35.91,36.04,35.71,35.73,2982900,2026-02-21T03:46:34Z
SO,2006-11-29,15.46,15.49,15.31,15.31,4997408,36.26,36.34,35.91,35.91,2130900,2026-02-21T03:46:34Z
SO,2006-11-30,15.46,15.5,15.38,15.42,3686679,36.25,36.35,36.08,36.17,1572000,2026-02-21T03:46:34Z
SO,2006-12-01,15.5,15.56,15.42,15.49,4700508,36.34,36.49,36.16,36.34,2004300,2026-02-21T03:46:34Z
SO,2006-12-04,15.62,15.66,15.53,15.56,4412298,36.63,36.72,36.41,36.49,1881400,2026-02-21T03:46:34Z
SO,2006-12-05,15.65,15.71,15.58,15.63,4386710,36.71,36.84,36.53,36.66,1870500,2026-02-21T03:46:34Z
SO,2006-12-06,15.53,15.69,15.5,15.65,4796654,36.43,36.8,36.36,36.7,2045300,2026-02-21T03:46:34Z
SO,2006-12-07,15.5,15.6,15.5,15.57,5482623,36.35,36.59,36.35,36.51,2337800,2026-02-21T03:46:34Z
SO,2006-12-08,15.55,15.61,15.44,15.5,4224890,36.46,36.6,36.2,36.35,1801500,2026-02-21T03:46:34Z
SO,2006-12-11,15.62,15.64,15.55,15.55,3036350,36.64,36.68,36.46,36.46,1294700,2026-02-21T03:46:34Z
SO,2006-12-12,15.83,15.83,15.62,15.64,6640023,37.13,37.13,36.63,36.69,2831300,2026-02-21T03:46:34Z
SO,2006-12-13,15.83,15.86,15.73,15.84,5397503,37.12,37.2,36.89,37.14,2301500,2026-02-21T03:46:34Z
SO,2006-12-14,15.91,15.93,15.8,15.8,5368193,37.31,37.35,37.06,37.06,2289000,2026-02-21T03:46:34Z
SO,2006-12-15,15.76,15.94,15.69,15.9,8197706,36.97,37.37,36.8,37.3,3495500,2026-02-21T03:46:34Z
SO,2006-12-18,15.79,15.86,15.74,15.77,3923535,37.04,37.2,36.92,36.98,1673000,2026-02-21T03:46:34Z
SO,2006-12-19,15.92,15.95,15.74,15.76,3943474,37.34,37.4,36.91,36.97,1681500,2026-02-21T03:46:34Z
SO,2006-12-20,15.82,15.9,15.8,15.9,2482172,37.09,37.29,37.06,37.28,1058400,2026-02-21T03:46:34Z
SO,2006-12-21,15.81,15.86,15.72,15.82,3586057,37.07,37.2,36.86,37.1,1529100,2026-02-21T03:46:34Z
SO,2006-12-22,15.73,15.85,15.71,15.77,3478900,36.88,37.17,36.85,36.99,1483400,2026-02-21T03:46:34Z
SO,2006-12-26,15.82,15.84,15.69,15.73,1911585,37.11,37.15,36.8,36.88,815100,2026-02-21T03:46:34Z
SO,2006-12-27,15.86,15.9,15.79,15.85,2524621,37.2,37.3,37.04,37.17,1076500,2026-02-21T03:46:34Z
SO,2006-12-28,15.73,15.89,15.71,15.81,3906181,36.9,37.26,36.84,37.08,1665600,2026-02-21T03:46:34Z
SO,2006-12-29,15.72,15.81,15.69,15.75,4722796,36.86,37.07,36.79,36.94,2013800,2026-02-21T03:46:34Z
SO,2007-01-03,15.77,15.88,15.68,15.69,6559322,36.98,37.25,36.78,36.8,2796900,2026-02-21T03:46:34Z
SO,2007-01-04,15.78,15.84,15.69,15.71,5123827,37,37.15,36.79,36.85,2184800,2026-02-21T03:46:34Z
SO,2007-01-05,15.54,15.76,15.51,15.73,8856481,36.44,36.95,36.38,36.9,3776400,2026-02-21T03:46:34Z
SO,2007-01-08,15.58,15.64,15.48,15.55,7163676,36.54,36.68,36.3,36.46,3054600,2026-02-21T03:46:34Z
SO,2007-01-09,15.62,15.69,15.54,15.59,6984519,36.64,36.8,36.45,36.55,2978200,2026-02-21T03:46:34Z
SO,2007-01-10,15.59,15.67,15.54,15.61,5270151,36.57,36.74,36.45,36.61,2247200,2026-02-21T03:46:34Z
SO,2007-01-11,15.66,15.72,15.59,15.62,6637198,36.72,36.86,36.57,36.62,2830100,2026-02-21T03:46:34Z
SO,2007-01-12,15.46,15.7,15.41,15.66,7632035,36.25,36.83,36.14,36.72,3254300,2026-02-21T03:46:34Z
SO,2007-01-16,15.55,15.64,15.47,15.48,6714591,36.47,36.67,36.27,36.31,2863100,2026-02-21T03:46:34Z
SO,2007-01-17,15.65,15.66,15.53,15.59,4464336,36.71,36.72,36.42,36.56,1903600,2026-02-21T03:46:34Z
SO,2007-01-18,15.62,15.67,15.61,15.67,4573414,36.63,36.75,36.61,36.75,1950100,2026-02-21T03:46:34Z
SO,2007-01-19,15.66,15.71,15.61,15.67,7553222,36.73,36.84,36.61,36.74,3220700,2026-02-21T03:46:34Z
SO,2007-01-22,15.62,15.71,15.62,15.7,11104359,36.64,36.84,36.62,36.81,4734900,2026-02-21T03:46:34Z
SO,2007-01-23,15.66,15.67,15.57,15.62,4553707,36.72,36.75,36.52,36.63,1941700,2026-02-21T03:46:34Z
SO,2007-01-24,15.67,15.71,15.62,15.62,6173765,36.76,36.84,36.62,36.64,2632500,2026-02-21T03:46:34Z
SO,2007-01-25,15.67,15.77,15.61,15.68,7990618,36.75,36.98,36.6,36.76,3407200,2026-02-21T03:46:34Z
SO,2007-01-26,15.52,15.63,15.4,15.61,10312380,36.39,36.65,36.11,36.6,4397200,2026-02-21T03:46:34Z
SO,2007-01-29,15.46,15.53,15.39,15.48,8304877,36.25,36.41,36.1,36.3,3541200,2026-02-21T03:46:34Z
SO,2007-01-30,15.44,15.52,15.41,15.5,5091701,36.22,36.39,36.15,36.35,2171100,2026-02-21T03:46:34Z
SO,2007-01-31,15.58,15.61,15.41,15.46,8557218,36.53,36.61,36.14,36.26,3648800,2026-02-21T03:46:34Z
SO,2007-02-01,15.66,15.74,15.58,15.63,7977787,36.33,36.52,36.15,36.26,3438200,2026-02-21T03:46:34Z
SO,2007-02-02,15.64,15.74,15.55,15.74,4096549,36.3,36.52,36.09,36.52,1765500,2026-02-21T03:46:34Z
SO,2007-02-05,15.69,15.77,15.6,15.64,12312393,36.41,36.58,36.2,36.3,5306300,2026-02-21T03:46:34Z
SO,2007-02-06,15.77,15.77,15.67,15.7,7452435,36.58,36.59,36.35,36.42,3211800,2026-02-21T03:46:34Z
SO,2007-02-07,15.73,15.78,15.67,15.7,4943701,36.5,36.61,36.36,36.43,2130600,2026-02-21T03:46:34Z
SO,2007-02-08,15.67,15.79,15.66,15.73,5686927,36.36,36.63,36.34,36.5,2450900,2026-02-21T03:46:34Z
SO,2007-02-09,15.68,15.82,15.57,15.71,8108168,36.39,36.7,36.14,36.44,3494400,2026-02-21T03:46:34Z
SO,2007-02-12,15.63,15.76,15.6,15.68,4952540,36.26,36.56,36.2,36.39,2134400,2026-02-21T03:46:34Z
SO,2007-02-13,15.74,15.74,15.64,15.65,3798621,36.52,36.53,36.29,36.32,1637100,2026-02-21T03:46:34Z
SO,2007-02-14,15.75,15.82,15.71,15.71,4397738,36.54,36.7,36.45,36.46,1895300,2026-02-21T03:46:34Z
SO,2007-02-15,15.67,15.82,15.64,15.74,6141014,36.35,36.7,36.3,36.52,2646600,2026-02-21T03:46:34Z
SO,2007-02-16,15.7,15.71,15.56,15.61,4981065,36.42,36.44,36.11,36.21,2146700,2026-02-21T03:46:34Z
SO,2007-02-20,15.77,15.79,15.7,15.72,4312797,36.58,36.63,36.42,36.47,1858700,2026-02-21T03:46:34Z
SO,2007-02-21,15.67,15.76,15.59,15.68,4127190,36.35,36.57,36.18,36.39,1778700,2026-02-21T03:46:34Z
SO,2007-02-22,15.65,15.71,15.6,15.67,3276779,36.32,36.44,36.19,36.36,1412200,2026-02-21T03:46:34Z
SO,2007-02-23,15.61,15.73,15.58,15.61,10906969,36.21,36.49,36.15,36.22,4700600,2026-02-21T03:46:34Z
SO,2007-02-26,15.69,15.92,15.63,15.9,9492717,36.4,36.95,36.27,36.89,4091100,2026-02-21T03:46:34Z
SO,2007-02-27,15.29,15.73,15.13,15.62,10039157,35.48,36.5,35.11,36.24,4326600,2026-02-21T03:46:34Z
SO,2007-02-28,15.43,15.58,15.27,15.3,11349459,35.8,36.15,35.44,35.5,4891300,2026-02-21T03:46:34Z
SO,2007-03-01,15.48,15.57,15.17,15.39,8347644,35.91,36.14,35.2,35.7,3597600,2026-02-21T03:46:34Z
SO,2007-03-02,15.26,15.5,15.24,15.43,6172330,35.4,35.96,35.36,35.8,2660100,2026-02-21T03:46:34Z
SO,2007-03-05,15.1,15.27,15.08,15.23,8870621,35.04,35.42,35,35.35,3823000,2026-02-21T03:46:34Z
SO,2007-03-06,15.3,15.34,15.13,15.22,7798184,35.49,35.6,35.1,35.31,3360800,2026-02-21T03:46:34Z
SO,2007-03-07,15.24,15.34,15.2,15.24,5152760,35.36,35.6,35.26,35.36,2220700,2026-02-21T03:46:34Z
SO,2007-03-08,15.33,15.34,15.23,15.34,4195860,35.58,35.59,35.34,35.59,1808300,2026-02-21T03:46:34Z
SO,2007-03-09,15.19,15.42,15.18,15.4,6849383,35.25,35.78,35.21,35.74,2951900,2026-02-21T03:46:34Z
SO,2007-03-12,15.28,15.29,15.14,15.21,6252593,35.45,35.47,35.14,35.28,2694700,2026-02-21T03:46:34Z
SO,2007-03-13,15.1,15.29,15.1,15.21,7975670,35.04,35.49,35.03,35.29,3437300,2026-02-21T03:46:34Z
SO,2007-03-14,15.22,15.27,15.02,15.15,8253220,35.32,35.44,34.85,35.15,3556900,2026-02-21T03:46:34Z
SO,2007-03-15,15.37,15.39,15.18,15.19,6374879,35.67,35.7,35.21,35.24,2747400,2026-02-21T03:46:34Z
SO,2007-03-16,15.25,15.43,15.25,15.39,9824535,35.39,35.81,35.39,35.72,4234100,2026-02-21T03:46:34Z
SO,2007-03-19,15.44,15.5,15.28,15.28,6078592,35.82,35.97,35.45,35.46,2619700,2026-02-21T03:46:34Z
SO,2007-03-20,15.64,15.64,15.38,15.44,5883431,36.28,36.28,35.69,35.82,2535600,2026-02-21T03:46:34Z
SO,2007-03-21,15.84,15.88,15.52,15.61,7304664,36.76,36.84,36.01,36.21,3148100,2026-02-21T03:46:34Z
SO,2007-03-22,15.81,15.97,15.71,15.94,5940739,36.68,37.05,36.45,36.99,2560300,2026-02-21T03:46:34Z
SO,2007-03-23,15.88,15.97,15.5,15.51,5191294,36.85,37.05,35.96,35.98,2237300,2026-02-21T03:46:34Z
SO,2007-03-26,15.96,15.98,15.79,15.86,7159863,37.04,37.09,36.65,36.8,3085700,2026-02-21T03:46:34Z
SO,2007-03-27,15.86,15.94,15.79,15.89,3936210,36.8,36.98,36.65,36.88,1696400,2026-02-21T03:46:34Z
SO,2007-03-28,15.79,15.96,15.79,15.81,7216948,36.64,37.04,36.64,36.68,3110300,2026-02-21T03:46:34Z
SO,2007-03-29,15.91,15.92,15.76,15.86,5718460,36.91,36.95,36.57,36.8,2464500,2026-02-21T03:46:34Z
SO,2007-03-30,15.8,15.98,15.61,15.91,8039281,36.65,37.09,36.22,36.91,3464700,2026-02-21T03:46:34Z
SO,2007-04-02,15.98,16.05,15.77,15.8,8105884,37.08,37.23,36.58,36.66,3493400,2026-02-21T03:46:34Z
SO,2007-04-03,16.03,16.05,15.92,15.99,5453966,37.19,37.24,36.95,37.11,2350500,2026-02-21T03:46:34Z
SO,2007-04-04,15.99,16.07,15.94,15.99,3811374,37.1,37.29,36.98,37.1,1642600,2026-02-21T03:46:34Z
SO,2007-04-05,16.03,16.06,15.92,15.95,4575923,37.2,37.26,36.93,37,1972100,2026-02-21T03:46:34Z
SO,2007-04-09,16.08,16.16,16.03,16.04,6066274,37.31,37.5,37.2,37.22,2614400,2026-02-21T03:46:34Z
SO,2007-04-10,16.13,16.16,16.05,16.07,3950365,37.42,37.49,37.23,37.29,1702500,2026-02-21T03:46:34Z
SO,2007-04-11,16.11,16.16,16.02,16.12,8514960,37.39,37.5,37.16,37.4,3669700,2026-02-21T03:46:34Z
SO,2007-04-12,16.11,16.27,15.95,16.27,5163683,37.37,37.75,37,37.75,2225400,2026-02-21T03:46:34Z
SO,2007-04-13,16.14,16.16,16.05,16.16,5271804,37.45,37.5,37.25,37.49,2272000,2026-02-21T03:46:34Z
SO,2007-04-16,16.13,16.16,16.09,16.15,5179213,37.42,37.5,37.34,37.48,2232100,2026-02-21T03:46:34Z
SO,2007-04-17,16.26,16.3,16.12,16.12,9582741,37.73,37.82,37.4,37.4,4129900,2026-02-21T03:46:34Z
SO,2007-04-18,16.35,16.57,16.2,16.57,6452382,37.94,38.45,37.58,38.45,2780800,2026-02-21T03:46:34Z
SO,2007-04-19,16.29,16.34,16.19,16.28,7006733,37.79,37.92,37.56,37.77,3019700,2026-02-21T03:46:34Z
SO,2007-04-20,16.45,16.48,16.26,16.48,9230304,38.18,38.25,37.73,38.25,3978000,2026-02-21T03:46:34Z
SO,2007-04-23,16.38,16.76,16.35,16.76,5417301,38,38.88,37.94,38.88,2334700,2026-02-21T03:46:34Z
SO,2007-04-24,16.51,16.52,16.36,16.38,6087880,38.31,38.33,37.95,38,2623700,2026-02-21T03:46:34Z
SO,2007-04-25,16.66,16.72,16.57,16.59,6517812,38.65,38.8,38.44,38.5,2809000,2026-02-21T03:46:34Z
SO,2007-04-26,16.59,16.77,16.55,16.77,8485012,38.49,38.9,38.4,38.9,3656800,2026-02-21T03:46:34Z
SO,2007-04-27,16.45,16.54,16.31,16.37,8488487,38.17,38.38,37.85,37.99,3658300,2026-02-21T03:46:34Z
SO,2007-04-30,16.29,16.49,16.26,16.42,7925820,37.79,38.26,37.73,38.1,3415800,2026-02-21T03:46:34Z
SO,2007-05-01,16.38,16.57,16.22,16.57,8251138,38.01,38.46,37.63,38.46,3556000,2026-02-21T03:46:34Z
SO,2007-05-02,16.4,16.48,16.39,16.44,6647065,38.06,38.24,38.03,38.14,2864700,2026-02-21T03:46:34Z
SO,2007-05-03,16.4,16.49,16.3,16.45,6042091,37.65,37.86,37.42,37.77,2631800,2026-02-21T03:46:34Z
SO,2007-05-04,16.38,16.46,16.34,16.46,3747891,37.61,37.8,37.51,37.79,1632500,2026-02-21T03:46:34Z
SO,2007-05-07,16.46,16.47,16.35,16.43,3802978,37.78,37.81,37.54,37.73,1656500,2026-02-21T03:46:34Z
SO,2007-05-08,16.42,16.58,16.32,16.4,6592822,37.69,38.06,37.47,37.65,2871700,2026-02-21T03:46:34Z
SO,2007-05-09,16.36,16.46,16.28,16.41,4865721,37.56,37.78,37.38,37.67,2119400,2026-02-21T03:46:34Z
SO,2007-05-10,16.05,16.35,16.04,16.34,8767172,36.85,37.53,36.82,37.51,3818800,2026-02-21T03:46:34Z
SO,2007-05-11,16.11,16.16,16.03,16.12,9048881,36.98,37.1,36.81,37,3941500,2026-02-21T03:46:34Z
SO,2007-05-14,16.12,16.16,16.06,16.14,8689136,37,37.1,36.87,37.06,3784800,2026-02-21T03:46:34Z
SO,2007-05-15,16.15,16.33,16.13,16.18,11692304,37.08,37.48,37.04,37.14,5092900,2026-02-21T03:46:34Z
SO,2007-05-16,16.33,16.33,16.16,16.18,6320345,37.49,37.49,37.09,37.14,2753000,2026-02-21T03:46:34Z
SO,2007-05-17,16.22,16.31,16.17,16.26,5659365,37.23,37.44,37.12,37.32,2465100,2026-02-21T03:46:34Z
SO,2007-05-18,16.26,16.36,16.2,16.24,6161938,37.33,37.55,37.19,37.28,2684000,2026-02-21T03:46:34Z
SO,2007-05-21,16.26,16.33,16.19,16.26,3924217,37.33,37.48,37.17,37.33,1709300,2026-02-21T03:46:34Z
SO,2007-05-22,16.19,16.28,16.19,16.21,5731686,37.16,37.38,37.16,37.22,2496600,2026-02-21T03:46:34Z
SO,2007-05-23,15.96,16.2,15.91,16.19,7908353,36.63,37.19,36.53,37.16,3444700,2026-02-21T03:46:34Z
SO,2007-05-24,15.63,16.02,15.62,15.99,12739344,35.88,36.77,35.85,36.72,5549000,2026-02-21T03:46:34Z
SO,2007-05-25,15.45,15.79,15.36,15.68,14443292,35.47,36.25,35.27,36,6291200,2026-02-21T03:46:34Z
SO,2007-05-29,15.55,15.62,15.41,15.52,9193263,35.7,35.87,35.38,35.64,4004400,2026-02-21T03:46:34Z
SO,2007-05-30,15.67,15.68,15.41,15.51,8669367,35.97,36,35.38,35.6,3776200,2026-02-21T03:46:34Z
SO,2007-05-31,15.69,15.77,15.63,15.77,10325336,36.01,36.2,35.88,36.2,4497500,2026-02-21T03:46:34Z
SO,2007-06-01,15.62,15.77,15.53,15.76,10013350,35.87,36.2,35.66,36.19,4361600,2026-02-21T03:46:34Z
SO,2007-06-04,15.58,15.62,15.46,15.55,7446209,35.77,35.87,35.5,35.69,3243400,2026-02-21T03:46:34Z
SO,2007-06-05,15.38,15.66,15.32,15.66,12268528,35.3,35.96,35.17,35.96,5343900,2026-02-21T03:46:34Z
SO,2007-06-06,15.37,15.44,15.22,15.38,12025359,35.29,35.45,34.95,35.31,5238000,2026-02-21T03:46:34Z
SO,2007-06-07,14.94,15.35,14.88,15.35,16377987,34.31,35.25,34.16,35.25,7133900,2026-02-21T03:46:34Z
SO,2007-06-08,15.07,15.15,14.91,14.94,11695722,34.6,34.78,34.22,34.3,5094400,2026-02-21T03:46:34Z
SO,2007-06-11,15.11,15.24,15.07,15.15,8451504,34.7,34.98,34.6,34.79,3681300,2026-02-21T03:46:34Z
SO,2007-06-12,14.87,15.12,14.87,15.01,8691458,34.14,34.72,34.14,34.47,3785800,2026-02-21T03:46:34Z
SO,2007-06-13,15.2,15.22,14.92,14.98,8695786,34.9,34.94,34.25,34.39,3787700,2026-02-21T03:46:34Z
SO,2007-06-14,15.31,15.38,15.12,15.13,11838531,35.14,35.3,34.7,34.73,5156600,2026-02-21T03:46:34Z
SO,2007-06-15,15.51,15.68,15.41,15.62,14157540,35.61,35.99,35.37,35.87,6166700,2026-02-21T03:46:34Z
SO,2007-06-18,15.31,15.59,15.28,15.48,7916848,35.16,35.79,35.08,35.53,3448400,2026-02-21T03:46:34Z
SO,2007-06-19,15.43,15.43,15.19,15.31,8145713,35.42,35.42,34.87,35.16,3548100,2026-02-21T03:46:34Z
SO,2007-06-20,15.05,15.55,15.02,15.45,12422324,34.56,35.7,34.49,35.46,5410900,2026-02-21T03:46:34Z
SO,2007-06-21,15.13,15.19,14.92,15.06,8531871,34.74,34.87,34.25,34.57,3716300,2026-02-21T03:46:34Z
SO,2007-06-22,14.79,14.98,14.74,14.81,17663623,33.95,34.39,33.83,34.01,7693900,2026-02-21T03:46:34Z
SO,2007-06-25,14.73,14.97,14.69,14.87,11709456,33.82,34.36,33.73,34.14,5100400,2026-02-21T03:46:34Z
SO,2007-06-26,14.72,15.03,14.68,14.86,11583444,33.79,34.5,33.71,34.11,5045500,2026-02-21T03:46:34Z
SO,2007-06-27,14.91,14.96,14.59,14.59,10756046,34.24,34.35,33.5,33.5,4685100,2026-02-21T03:46:34Z
SO,2007-06-28,14.77,15.07,14.74,14.94,9811327,33.9,34.59,33.83,34.29,4273600,2026-02-21T03:46:34Z
SO,2007-06-29,14.94,14.98,14.8,14.83,12167945,34.29,34.39,33.98,34.04,5300100,2026-02-21T03:46:34Z
SO,2007-07-02,15.09,15.16,14.92,14.94,7127551,34.64,34.8,34.26,34.29,3104600,2026-02-21T03:46:34Z
SO,2007-07-03,15.08,15.24,14.95,15.17,5554901,34.61,35,34.33,34.83,2419600,2026-02-21T03:46:34Z
SO,2007-07-05,14.98,15.12,14.78,15.06,9814075,34.4,34.72,33.93,34.57,4274800,2026-02-21T03:46:34Z
SO,2007-07-06,14.84,14.98,14.7,14.92,11531344,34.08,34.39,33.75,34.25,5022800,2026-02-21T03:46:34Z
SO,2007-07-09,14.94,15.01,14.86,14.9,7822492,34.3,34.47,34.12,34.2,3407300,2026-02-21T03:46:34Z
SO,2007-07-10,14.7,14.94,14.7,14.88,9749346,33.74,34.3,33.74,34.16,4246600,2026-02-21T03:46:34Z
SO,2007-07-11,14.83,14.84,14.67,14.74,7547659,34.04,34.07,33.68,33.83,3287600,2026-02-21T03:46:34Z
SO,2007-07-12,15.09,15.1,14.83,14.84,14166943,34.64,34.67,34.04,34.07,6170800,2026-02-21T03:46:34Z
SO,2007-07-13,15.19,15.24,14.99,15.05,8528440,34.87,34.98,34.41,34.55,3714800,2026-02-21T03:46:34Z
SO,2007-07-16,14.99,15.24,14.84,14.84,7764162,34.42,34.99,34.06,34.06,3381900,2026-02-21T03:46:34Z
SO,2007-07-17,14.95,15.11,14.93,15.03,6706233,34.32,34.68,34.28,34.5,2921100,2026-02-21T03:46:34Z
SO,2007-07-18,15,15.12,14.86,15.11,11506095,34.44,34.72,34.11,34.69,5011800,2026-02-21T03:46:34Z
SO,2007-07-19,15.22,15.24,14.98,15.02,11860754,34.95,35,34.4,34.48,5166300,2026-02-21T03:46:34Z
SO,2007-07-20,14.92,15.38,14.9,15.38,13974995,34.26,35.3,34.2,35.3,6087200,2026-02-21T03:46:34Z
SO,2007-07-23,15.05,15.15,14.98,15.03,6664237,34.56,34.79,34.4,34.51,2902800,2026-02-21T03:46:34Z
SO,2007-07-24,14.72,15.15,14.71,15.03,9602371,33.8,34.78,33.77,34.5,4182600,2026-02-21T03:46:34Z
SO,2007-07-25,15.09,15.14,14.77,14.91,19693172,34.64,34.77,33.9,34.23,8577900,2026-02-21T03:46:34Z
SO,2007-07-26,14.88,15.27,14.8,15.2,20902722,34.16,35.06,33.97,34.9,9104800,2026-02-21T03:46:34Z
SO,2007-07-27,14.72,15.02,14.72,14.9,12921894,33.79,34.48,33.79,34.2,5628500,2026-02-21T03:46:34Z
SO,2007-07-30,14.74,14.98,14.6,14.98,15515892,33.84,34.4,33.51,34.4,6758400,2026-02-21T03:46:34Z
SO,2007-07-31,14.65,15,14.63,14.9,14056900,33.64,34.43,33.58,34.2,6122900,2026-02-21T03:46:34Z
SO,2007-08-01,15.21,15.24,14.58,14.77,17511246,34.91,34.98,33.48,33.9,7627500,2026-02-21T03:46:34Z
SO,2007-08-02,15.4,15.42,15.06,15.08,19590916,34.94,35,34.17,34.22,8632900,2026-02-21T03:46:34Z
SO,2007-08-03,14.81,15.51,14.8,15.42,16401295,33.62,35.19,33.59,34.99,7227400,2026-02-21T03:46:34Z
SO,2007-08-06,15.56,15.59,14.61,14.62,14167617,35.31,35.38,33.16,33.17,6243100,2026-02-21T03:46:34Z
SO,2007-08-07,16.02,16.13,15.22,15.22,21922785,36.35,36.6,34.54,34.54,9660500,2026-02-21T03:46:34Z
SO,2007-08-08,16.25,16.33,15.93,15.94,17454309,36.87,37.06,36.15,36.18,7691400,2026-02-21T03:46:34Z
SO,2007-08-09,16.31,16.49,15.87,15.97,18193874,37.01,37.42,36.01,36.24,8017300,2026-02-21T03:46:34Z
SO,2007-08-10,16.15,16.61,16.1,16.19,21985651,36.66,37.7,36.54,36.74,9688200,2026-02-21T03:46:34Z
SO,2007-08-13,15.6,16.16,15.54,16.07,23326016,35.4,36.66,35.26,36.47,10278800,2026-02-21T03:46:34Z
SO,2007-08-14,15.45,15.68,15.38,15.57,11936892,35.05,35.59,34.9,35.33,5260100,2026-02-21T03:46:34Z
SO,2007-08-15,15.43,15.86,15.36,15.43,12585672,35.01,35.98,34.86,35.01,5546000,2026-02-21T03:46:34Z
SO,2007-08-16,15.62,15.69,15.25,15.25,21686093,35.44,35.61,34.6,34.6,9556200,2026-02-21T03:46:34Z
SO,2007-08-17,15.86,16.11,15.45,15.97,14407307,36,36.55,35.06,36.25,6348700,2026-02-21T03:46:34Z
SO,2007-08-20,15.87,15.91,15.59,15.86,7563458,36.01,36.1,35.37,36,3332900,2026-02-21T03:46:34Z
SO,2007-08-21,15.97,16.07,15.76,15.79,6810704,36.25,36.47,35.76,35.84,3001200,2026-02-21T03:46:34Z
SO,2007-08-22,16,16.19,15.8,16.04,9861157,36.31,36.75,35.86,36.4,4345400,2026-02-21T03:46:34Z
SO,2007-08-23,15.86,16.06,15.75,16.03,9305849,36,36.45,35.75,36.38,4100700,2026-02-21T03:46:34Z
SO,2007-08-24,15.92,15.93,15.74,15.79,6072496,36.12,36.16,35.71,35.83,2675900,2026-02-21T03:46:34Z
SO,2007-08-27,15.57,15.89,15.48,15.89,9188954,35.33,36.05,35.12,36.05,4049200,2026-02-21T03:46:34Z
SO,2007-08-28,15.48,15.71,15.46,15.51,9020606,35.12,35.64,35.08,35.2,3975000,2026-02-21T03:46:34Z
SO,2007-08-29,15.71,15.73,15.47,15.55,5811064,35.64,35.69,35.1,35.28,2560700,2026-02-21T03:46:34Z
SO,2007-08-30,15.54,15.71,15.48,15.68,6328491,35.26,35.65,35.13,35.58,2788700,2026-02-21T03:46:34Z
SO,2007-08-31,15.64,15.74,15.46,15.68,6873110,35.49,35.71,35.08,35.59,3028700,2026-02-21T03:46:34Z
SO,2007-09-04,15.81,15.86,15.63,15.64,5981966,35.88,36,35.48,35.5,2636000,2026-02-21T03:46:34Z
SO,2007-09-05,15.55,15.75,15.48,15.74,9250206,35.28,35.74,35.12,35.73,4076200,2026-02-21T03:46:34Z
SO,2007-09-06,15.72,15.73,15.49,15.55,6863132,35.67,35.7,35.16,35.29,3024300,2026-02-21T03:46:34Z
SO,2007-09-07,15.57,15.71,15.5,15.66,9286312,35.34,35.65,35.18,35.55,4092100,2026-02-21T03:46:34Z
SO,2007-09-10,15.66,15.75,15.44,15.64,6943246,35.54,35.74,35.04,35.5,3059600,2026-02-21T03:46:34Z
SO,2007-09-11,15.84,15.84,15.64,15.75,7147469,35.94,35.95,35.49,35.75,3149600,2026-02-21T03:46:34Z
SO,2007-09-12,15.93,15.96,15.78,15.85,7236671,36.15,36.23,35.82,35.96,3188900,2026-02-21T03:46:34Z
SO,2007-09-13,16.01,16.07,15.93,15.98,5882761,36.34,36.48,36.15,36.26,2592300,2026-02-21T03:46:34Z
SO,2007-09-14,16.04,16.12,15.93,15.93,6374084,36.4,36.58,36.15,36.16,2808800,2026-02-21T03:46:34Z
SO,2007-09-17,16,16.09,15.94,15.99,5174761,36.32,36.51,36.17,36.28,2280300,2026-02-21T03:46:34Z
SO,2007-09-18,16.27,16.29,15.99,16.02,6379096,36.93,36.96,36.29,36.36,2811000,2026-02-21T03:46:34Z
SO,2007-09-19,16.46,16.52,16.21,16.3,7526464,37.36,37.48,36.79,37,3316600,2026-02-21T03:46:34Z
SO,2007-09-20,16.29,16.49,16.28,16.38,5555301,36.96,37.43,36.95,37.17,2448000,2026-02-21T03:46:34Z
SO,2007-09-21,16.32,16.48,16.26,16.47,9183750,37.04,37.39,36.9,37.38,4046900,2026-02-21T03:46:34Z
SO,2007-09-24,16.25,16.45,16.23,16.29,6762143,36.87,37.32,36.83,36.96,2979800,2026-02-21T03:46:34Z
SO,2007-09-25,16.24,16.39,16.18,16.19,5229664,36.86,37.2,36.71,36.75,2304500,2026-02-21T03:46:34Z
SO,2007-09-26,16.33,16.5,16.28,16.33,6109040,37.06,37.44,36.95,37.06,2692000,2026-02-21T03:46:34Z
SO,2007-09-27,16.29,16.38,16.21,16.37,5956519,36.97,37.18,36.79,37.15,2624800,2026-02-21T03:46:34Z
SO,2007-09-28,15.99,16.29,15.99,16.25,8115122,36.28,36.97,36.28,36.88,3576000,2026-02-21T03:46:34Z
SO,2007-10-01,16.25,16.27,16.02,16.06,6497543,36.88,36.91,36.35,36.44,2863200,2026-02-21T03:46:34Z
SO,2007-10-02,16.23,16.3,16.18,16.25,4932374,36.82,36.99,36.71,36.87,2173500,2026-02-21T03:46:34Z
SO,2007-10-03,16.26,16.28,16.17,16.17,3414889,36.9,36.94,36.7,36.7,1504800,2026-02-21T03:46:34Z
SO,2007-10-04,16.27,16.35,16.25,16.29,5861459,36.92,37.1,36.88,36.97,2582900,2026-02-21T03:46:34Z
SO,2007-10-05,16.19,16.41,16.18,16.22,7000199,36.73,37.23,36.71,36.8,3084700,2026-02-21T03:46:34Z
SO,2007-10-08,16.14,16.29,16.09,16.18,5356990,36.63,36.96,36.51,36.73,2360600,2026-02-21T03:46:34Z
SO,2007-10-09,16.39,16.41,16.14,16.18,6602387,37.19,37.23,36.63,36.71,2909400,2026-02-21T03:46:34Z
SO,2007-10-10,16.22,16.37,16.19,16.33,6148954,36.8,37.15,36.74,37.05,2709600,2026-02-21T03:46:34Z
SO,2007-10-11,16.19,16.37,16.11,16.3,6609650,36.74,37.15,36.56,36.98,2912600,2026-02-21T03:46:34Z
SO,2007-10-12,16.15,16.27,16.12,16.22,8160935,36.65,36.93,36.58,36.8,3596200,2026-02-21T03:46:34Z
SO,2007-10-15,16.04,16.24,15.91,16.22,6217725,36.39,36.85,36.1,36.8,2739900,2026-02-21T03:46:34Z
SO,2007-10-16,15.92,16.11,15.89,16.04,6223183,36.13,36.57,36.05,36.41,2742300,2026-02-21T03:46:34Z
SO,2007-10-17,15.93,16.12,15.85,16.06,8115580,36.14,36.59,35.96,36.44,3576200,2026-02-21T03:46:34Z
SO,2007-10-18,15.89,16.04,15.53,15.71,5701676,36.07,36.41,35.25,35.66,2512500,2026-02-21T03:46:34Z
SO,2007-10-19,15.6,15.89,15.59,15.84,9504872,35.4,36.07,35.37,35.95,4188400,2026-02-21T03:46:34Z
SO,2007-10-22,15.68,15.77,15.49,15.55,6488898,35.59,35.78,35.16,35.29,2859400,2026-02-21T03:46:34Z
SO,2007-10-23,15.7,15.8,15.6,15.74,7909277,35.62,35.85,35.4,35.73,3485300,2026-02-21T03:46:34Z
SO,2007-10-24,15.74,15.83,15.56,15.57,9945357,35.72,35.93,35.31,35.33,4382500,2026-02-21T03:46:34Z
SO,2007-10-25,15.91,15.97,15.72,15.72,7108896,36.11,36.24,35.68,35.68,3132600,2026-02-21T03:46:34Z
SO,2007-10-26,15.95,16.04,15.85,16.04,5541004,36.2,36.41,35.96,36.4,2441700,2026-02-21T03:46:34Z
SO,2007-10-29,16.06,16.08,15.96,15.96,6291267,36.45,36.49,36.23,36.23,2772300,2026-02-21T03:46:34Z
SO,2007-10-30,15.99,16.14,15.95,16.04,6176437,36.29,36.63,36.2,36.39,2721700,2026-02-21T03:46:34Z
SO,2007-10-31,16.15,16.19,15.99,16.05,7471971,36.66,36.74,36.29,36.43,3292600,2026-02-21T03:46:34Z
SO,2007-11-01,15.86,16.15,15.83,16.12,7990114,35.6,36.25,35.53,36.17,3560000,2026-02-21T03:46:34Z
SO,2007-11-02,15.92,16.03,15.78,15.91,6407788,35.72,35.97,35.42,35.72,2855000,2026-02-21T03:46:34Z
SO,2007-11-05,16,16.04,15.85,15.86,6272899,35.9,36,35.58,35.6,2794900,2026-02-21T03:46:34Z
SO,2007-11-06,15.96,16.03,15.78,16,4680715,35.81,35.98,35.42,35.91,2085500,2026-02-21T03:46:34Z
SO,2007-11-07,15.68,16.09,15.66,16.09,7900327,35.2,36.11,35.15,36.11,3520000,2026-02-21T03:46:34Z
SO,2007-11-08,16.12,16.14,15.68,15.69,14112404,36.19,36.22,35.2,35.21,6287800,2026-02-21T03:46:34Z
SO,2007-11-09,15.97,16.17,15.95,15.96,13784058,35.85,36.3,35.8,35.83,6141500,2026-02-21T03:46:34Z
SO,2007-11-12,16.04,16.26,15.95,15.99,12276701,36.01,36.49,35.8,35.88,5469900,2026-02-21T03:46:34Z
SO,2007-11-13,16.18,16.25,15.88,16.15,8900222,36.32,36.46,35.65,36.24,3965500,2026-02-21T03:46:34Z
SO,2007-11-14,16.22,16.33,16.11,16.29,13702323,36.4,36.66,36.15,36.55,6105100,2026-02-21T03:46:34Z
SO,2007-11-15,16.41,16.51,16.19,16.19,15412643,36.83,37.06,36.33,36.33,6867100,2026-02-21T03:46:34Z
SO,2007-11-16,16.49,16.52,16.28,16.48,8266167,37.02,37.07,36.54,37,3683000,2026-02-21T03:46:34Z
SO,2007-11-19,16.79,16.93,16.4,16.41,20304315,37.69,38,36.8,36.83,9046600,2026-02-21T03:46:34Z
SO,2007-11-20,17.03,17.07,16.71,16.78,12271293,38.22,38.31,37.5,37.67,5467500,2026-02-21T03:46:34Z
SO,2007-11-21,16.96,17.27,16.89,16.94,15454097,38.06,38.75,37.91,38.03,6885600,2026-02-21T03:46:34Z
SO,2007-11-23,16.95,17.07,16.87,17.04,6443243,38.04,38.31,37.87,38.24,2870800,2026-02-21T03:46:34Z
SO,2007-11-26,16.77,17.1,16.74,16.98,12678447,37.63,38.37,37.58,38.12,5648900,2026-02-21T03:46:34Z
SO,2007-11-27,16.85,16.95,16.73,16.82,11314967,37.81,38.05,37.55,37.75,5041400,2026-02-21T03:46:34Z
SO,2007-11-28,16.9,17,16.79,16.93,14611564,37.92,38.15,37.69,38,6510200,2026-02-21T03:46:34Z
SO,2007-11-29,16.85,16.97,16.73,16.87,13836158,37.82,38.09,37.55,37.87,6164700,2026-02-21T03:46:34Z
SO,2007-11-30,16.76,17.02,16.67,17.02,11377616,37.62,38.2,37.41,38.2,5069300,2026-02-21T03:46:34Z
SO,2007-12-03,16.85,16.93,16.65,16.65,5401172,37.81,37.99,37.36,37.36,2406500,2026-02-21T03:46:34Z
SO,2007-12-04,17.01,17.13,16.78,16.78,9075748,38.18,38.45,37.66,37.66,4043700,2026-02-21T03:46:34Z
SO,2007-12-05,17.3,17.33,17.02,17.14,10975840,38.82,38.89,38.21,38.46,4890300,2026-02-21T03:46:34Z
SO,2007-12-06,17.35,17.37,17.16,17.29,10212946,38.94,38.98,38.51,38.81,4550400,2026-02-21T03:46:34Z
SO,2007-12-07,17.33,17.37,17.14,17.34,10006057,38.9,38.98,38.48,38.93,4458200,2026-02-21T03:46:34Z
SO,2007-12-10,17.45,17.53,17.31,17.34,10853737,39.16,39.35,38.86,38.93,4835900,2026-02-21T03:46:34Z
SO,2007-12-11,17.13,17.51,17.13,17.51,8968240,38.45,39.3,38.44,39.3,3995800,2026-02-21T03:46:34Z
SO,2007-12-12,17.15,17.49,17.02,17.48,10849910,38.49,39.25,38.19,39.23,4834200,2026-02-21T03:46:34Z
SO,2007-12-13,17.34,17.38,17.03,17.03,9782070,38.92,39.01,38.22,38.22,4358400,2026-02-21T03:46:34Z
SO,2007-12-14,17.15,17.31,17.12,17.27,8326748,38.49,38.85,38.42,38.77,3710000,2026-02-21T03:46:34Z
SO,2007-12-17,16.98,17.2,16.93,17.04,8998097,38.11,38.6,37.99,38.25,4009100,2026-02-21T03:46:34Z
SO,2007-12-18,17.28,17.32,16.98,17.12,10991573,38.79,38.88,38.1,38.42,4897300,2026-02-21T03:46:34Z
SO,2007-12-19,17.11,17.37,17.09,17.32,9237333,38.41,38.98,38.35,38.87,4115700,2026-02-21T03:46:34Z
SO,2007-12-20,17.19,17.26,17.07,17.2,9247882,38.59,38.73,38.32,38.61,4120400,2026-02-21T03:46:34Z
SO,2007-12-21,17.47,17.49,17.17,17.26,14776984,39.2,39.25,38.54,38.73,6583900,2026-02-21T03:46:34Z
SO,2007-12-24,17.44,17.49,17.39,17.39,1749964,39.14,39.26,39.04,39.04,779700,2026-02-21T03:46:34Z
SO,2007-12-26,17.42,17.44,17.31,17.33,2897543,39.1,39.15,38.85,38.9,1291000,2026-02-21T03:46:34Z
SO,2007-12-27,17.32,17.46,17.31,17.42,3808547,38.88,39.18,38.85,39.09,1696900,2026-02-21T03:46:34Z
SO,2007-12-28,17.44,17.45,17.29,17.38,6349000,39.15,39.17,38.81,39,2828800,2026-02-21T03:46:34Z
SO,2007-12-31,17.27,17.43,17.27,17.42,4325655,38.75,39.12,38.75,39.1,1927300,2026-02-21T03:46:34Z
SO,2008-01-02,16.98,17.27,16.94,17.27,8678918,38.12,38.75,38.03,38.75,3866900,2026-02-21T03:46:34Z
SO,2008-01-03,16.98,17.15,16.96,17.03,5394908,38.11,38.5,38.07,38.22,2403700,2026-02-21T03:46:34Z
SO,2008-01-04,17.25,17.37,16.93,16.93,14963926,38.71,38.99,38,38.01,6667200,2026-02-21T03:46:34Z
SO,2008-01-07,17.59,17.6,17.28,17.32,11849154,39.49,39.5,38.78,38.87,5279400,2026-02-21T03:46:34Z
SO,2008-01-08,17.69,17.91,17.53,17.59,11693818,39.7,40.19,39.35,39.48,5210200,2026-02-21T03:46:34Z
SO,2008-01-09,18.04,18.05,17.58,17.63,16515520,40.5,40.52,39.46,39.56,7358500,2026-02-21T03:46:34Z
SO,2008-01-10,17.92,18.09,17.76,17.91,14942850,40.21,40.6,39.86,40.2,6657800,2026-02-21T03:46:34Z
SO,2008-01-11,17.72,17.95,17.66,17.79,7532025,39.76,40.28,39.63,39.92,3355900,2026-02-21T03:46:34Z
SO,2008-01-14,17.65,17.89,17.59,17.89,9415070,39.61,40.15,39.47,40.15,4194900,2026-02-21T03:46:34Z
SO,2008-01-15,17.51,17.79,17.47,17.47,9693844,39.31,39.93,39.21,39.21,4319100,2026-02-21T03:46:34Z
SO,2008-01-16,17.46,17.78,17.43,17.43,17992149,39.19,39.9,39.11,39.13,8016400,2026-02-21T03:46:34Z
SO,2008-01-17,17.08,17.58,17.02,17.49,14496230,38.34,39.46,38.2,39.25,6458800,2026-02-21T03:46:34Z
SO,2008-01-18,16.82,17.38,16.6,17.18,19383186,37.74,39,37.26,38.55,8636200,2026-02-21T03:46:34Z
SO,2008-01-22,16.49,16.7,16.17,16.29,25325700,37,37.49,36.3,36.55,11283900,2026-02-21T03:46:34Z
SO,2008-01-23,16.72,16.83,16.09,16.09,24684982,37.53,37.77,36.11,36.11,10998400,2026-02-21T03:46:34Z
SO,2008-01-24,16.28,16.81,16.23,16.81,14638268,36.55,37.72,36.42,37.72,6522100,2026-02-21T03:46:34Z
SO,2008-01-25,16.08,16.47,16.04,16.31,11650318,36.09,36.96,36.01,36.61,5190800,2026-02-21T03:46:34Z
SO,2008-01-28,16.1,16.28,16.04,16.07,11221582,36.13,36.54,36.01,36.07,4999800,2026-02-21T03:46:34Z
SO,2008-01-29,16.28,16.49,16.05,16.49,12854448,36.54,37.02,36.02,37.02,5727300,2026-02-21T03:46:34Z
SO,2008-01-30,16.21,16.5,16.18,16.5,10347636,36.39,37.03,36.31,37.03,4610400,2026-02-21T03:46:34Z
SO,2008-01-31,16.38,16.5,16.08,16.22,14959152,36.36,36.63,35.69,36.01,6739600,2026-02-21T03:46:34Z
SO,2008-02-01,16.8,16.81,16.26,16.41,13385685,37.3,37.31,36.1,36.42,6030700,2026-02-21T03:46:34Z
SO,2008-02-04,16.94,17.13,16.76,17.13,7503306,37.59,38.03,37.2,38.03,3380500,2026-02-21T03:46:34Z
SO,2008-02-05,16.47,16.82,16.45,16.67,10897305,36.56,37.33,36.5,37.01,4909600,2026-02-21T03:46:34Z
SO,2008-02-06,16.34,16.65,16.3,16.55,9138245,36.26,36.95,36.17,36.74,4117100,2026-02-21T03:46:34Z
SO,2008-02-07,16.18,16.35,16.09,16.28,10425171,35.92,36.29,35.72,36.13,4696900,2026-02-21T03:46:34Z
SO,2008-02-08,16.11,16.24,16.04,16.13,7590765,35.75,36.04,35.6,35.8,3419900,2026-02-21T03:46:34Z
SO,2008-02-11,16.08,16.17,15.99,16.14,7062487,35.68,35.89,35.5,35.83,3181900,2026-02-21T03:46:34Z
SO,2008-02-12,16.31,16.35,16.03,16.14,9790624,36.21,36.3,35.58,35.83,4411000,2026-02-21T03:46:34Z
SO,2008-02-13,16.28,16.5,16.14,16.4,15738654,36.14,36.62,35.82,36.41,7090800,2026-02-21T03:46:34Z
SO,2008-02-14,16.13,16.41,16.06,16.27,7346847,35.81,36.43,35.65,36.12,3310000,2026-02-21T03:46:34Z
SO,2008-02-15,16.12,16.17,15.97,16.13,9996363,35.78,35.9,35.45,35.8,4503700,2026-02-21T03:46:34Z
SO,2008-02-19,16.11,16.29,16.03,16.27,7368584,35.75,36.16,35.58,36.11,3319800,2026-02-21T03:46:34Z
SO,2008-02-20,16.12,16.13,15.95,16,10952559,35.77,35.81,35.41,35.51,4934500,2026-02-21T03:46:34Z
SO,2008-02-21,15.84,16.2,15.81,16.2,11332753,35.15,35.96,35.1,35.96,5105800,2026-02-21T03:46:34Z
SO,2008-02-22,16,16.03,15.77,15.88,10574097,35.52,35.57,35.01,35.24,4764000,2026-02-21T03:46:34Z
SO,2008-02-25,16.13,16.16,15.94,16.02,8189623,35.8,35.87,35.38,35.56,3689700,2026-02-21T03:46:34Z
SO,2008-02-26,16.3,16.3,16.04,16.08,9647011,36.19,36.19,35.6,35.7,4346300,2026-02-21T03:46:34Z
SO,2008-02-27,16.08,16.31,16.05,16.24,7094898,35.7,36.2,35.63,36.04,3196500,2026-02-21T03:46:34Z
SO,2008-02-28,15.85,16.07,15.78,16,10499312,35.19,35.68,35.02,35.52,4730300,2026-02-21T03:46:34Z
SO,2008-02-29,15.56,15.88,15.5,15.77,16950372,34.53,35.24,34.4,35.01,7636700,2026-02-21T03:46:34Z
SO,2008-03-03,15.61,15.76,15.51,15.57,9740443,34.65,34.99,34.42,34.55,4388400,2026-02-21T03:46:34Z
SO,2008-03-04,15.76,15.9,15.44,15.44,9183312,34.98,35.3,34.27,34.27,4137400,2026-02-21T03:46:34Z
SO,2008-03-05,15.76,15.86,15.57,15.86,8580692,34.97,35.21,34.55,35.21,3865900,2026-02-21T03:46:34Z
SO,2008-03-06,15.5,15.79,15.47,15.71,7903051,34.4,35.04,34.34,34.87,3560600,2026-02-21T03:46:34Z
SO,2008-03-07,15.45,15.51,15.32,15.41,11772038,34.29,34.43,34,34.2,5303700,2026-02-21T03:46:34Z
SO,2008-03-10,15.37,15.54,15.29,15.43,7364381,34.12,34.49,33.93,34.24,3317900,2026-02-21T03:46:34Z
SO,2008-03-11,15.83,15.85,15.53,15.68,10964294,35.13,35.18,34.46,34.81,4939800,2026-02-21T03:46:34Z
SO,2008-03-12,15.62,15.96,15.57,15.76,7851575,34.66,35.43,34.57,34.99,3537400,2026-02-21T03:46:34Z
SO,2008-03-13,15.6,15.68,15.41,15.55,9016185,34.63,34.81,34.2,34.52,4062100,2026-02-21T03:46:34Z
SO,2008-03-14,15.52,15.72,15.3,15.68,11415561,34.45,34.89,33.96,34.81,5143100,2026-02-21T03:46:34Z
SO,2008-03-17,15.98,16.09,15.19,15.19,18505858,35.46,35.71,33.71,33.71,8337500,2026-02-21T03:46:34Z
SO,2008-03-18,16.19,16.21,15.86,16.21,17098589,35.94,35.99,35.2,35.99,7703500,2026-02-21T03:46:34Z
SO,2008-03-19,15.89,16.37,15.89,16.24,10215236,35.28,36.34,35.28,36.04,4602300,2026-02-21T03:46:34Z
SO,2008-03-20,16.28,16.3,15.82,15.98,15561750,36.13,36.19,35.12,35.48,7011100,2026-02-21T03:46:34Z
SO,2008-03-24,16.12,16.33,15.99,16.31,7319536,35.77,36.25,35.5,36.2,3297700,2026-02-21T03:46:34Z
SO,2008-03-25,16.09,16.22,16.05,16.15,7322185,35.71,36,35.62,35.85,3298900,2026-02-21T03:46:34Z
SO,2008-03-26,16.07,16.16,15.98,16.04,7545510,35.66,35.88,35.48,35.6,3399500,2026-02-21T03:46:34Z
SO,2008-03-27,16.07,16.23,16.01,16.13,7856697,35.66,36.03,35.53,35.8,3539700,2026-02-21T03:46:34Z
SO,2008-03-28,15.94,16.22,15.88,16.11,5694349,35.37,36,35.25,35.76,2565500,2026-02-21T03:46:34Z
SO,2008-03-31,16.04,16.07,15.87,15.96,7661804,35.61,35.67,35.23,35.43,3451900,2026-02-21T03:46:34Z
SO,2008-04-01,16.4,16.44,16.05,16.07,8642208,36.4,36.48,35.62,35.66,3893600,2026-02-21T03:46:34Z
SO,2008-04-02,16.51,16.61,16.38,16.38,6794367,36.64,36.87,36.35,36.36,3061100,2026-02-21T03:46:34Z
SO,2008-04-03,16.46,16.56,16.39,16.42,5573388,36.53,36.76,36.37,36.45,2511000,2026-02-21T03:46:34Z
SO,2008-04-04,16.45,16.7,16.13,16.13,8835735,36.51,37.06,35.81,35.81,3980800,2026-02-21T03:46:34Z
SO,2008-04-07,16.33,16.56,16.27,16.56,8596665,36.25,36.76,36.12,36.76,3873100,2026-02-21T03:46:34Z
SO,2008-04-08,16.34,16.41,16.29,16.34,7930129,36.27,36.42,36.15,36.27,3572800,2026-02-21T03:46:34Z
SO,2008-04-09,16.55,16.57,16.32,16.32,10264942,36.74,36.77,36.22,36.23,4624700,2026-02-21T03:46:34Z
SO,2008-04-10,16.36,16.58,16.31,16.58,12742648,36.31,36.81,36.2,36.81,5741000,2026-02-21T03:46:34Z
SO,2008-04-11,16.35,16.45,16.24,16.3,7713283,36.3,36.51,36.05,36.18,3475100,2026-02-21T03:46:34Z
SO,2008-04-14,16.3,16.42,16.23,16.32,8585377,36.18,36.45,36.03,36.22,3868000,2026-02-21T03:46:34Z
SO,2008-04-15,16.44,16.49,16.26,16.31,5526992,36.49,36.6,36.09,36.2,2490100,2026-02-21T03:46:34Z
SO,2008-04-16,16.65,16.66,16.31,16.55,8151009,36.95,36.98,36.21,36.73,3672300,2026-02-21T03:46:34Z
SO,2008-04-17,16.58,16.71,16.5,16.57,7637136,36.8,37.1,36.63,36.77,3440800,2026-02-21T03:46:34Z
SO,2008-04-18,16.65,16.75,16.46,16.74,9059266,36.95,37.19,36.54,37.15,4081500,2026-02-21T03:46:34Z
SO,2008-04-21,16.55,16.62,16.42,16.59,6567325,36.74,36.9,36.45,36.82,2958800,2026-02-21T03:46:34Z
SO,2008-04-22,16.47,16.54,16.4,16.52,7704199,36.55,36.71,36.4,36.66,3471000,2026-02-21T03:46:34Z
SO,2008-04-23,16.48,16.57,16.4,16.56,7864685,36.59,36.77,36.4,36.76,3543300,2026-02-21T03:46:34Z
SO,2008-04-24,16.56,16.66,16.42,16.51,8332349,36.76,36.98,36.44,36.64,3754000,2026-02-21T03:46:34Z
SO,2008-04-25,16.71,16.71,16.58,16.66,7059849,37.1,37.1,36.81,36.99,3180700,2026-02-21T03:46:34Z
SO,2008-04-28,16.62,16.76,16.6,16.67,5270857,36.9,37.2,36.84,37.01,2374700,2026-02-21T03:46:34Z
SO,2008-04-29,16.58,16.69,16.49,16.66,6684712,36.79,37.05,36.61,36.97,3011700,2026-02-21T03:46:34Z
SO,2008-04-30,16.77,17.04,16.75,16.76,12101403,37.23,37.81,37.18,37.21,5452100,2026-02-21T03:46:34Z
SO,2008-05-01,16.82,16.96,16.77,16.9,9479135,36.92,37.21,36.81,37.09,4319400,2026-02-21T03:46:34Z
SO,2008-05-02,16.91,16.96,16.76,16.9,9783726,37.11,37.23,36.78,37.09,4458200,2026-02-21T03:46:34Z
SO,2008-05-05,16.77,16.92,16.69,16.92,7146759,36.81,37.14,36.63,37.14,3256600,2026-02-21T03:46:34Z
SO,2008-05-06,16.7,16.75,16.56,16.7,5915416,36.66,36.75,36.34,36.64,2695500,2026-02-21T03:46:34Z
SO,2008-05-07,16.55,16.75,16.51,16.74,7079595,36.33,36.75,36.24,36.74,3226000,2026-02-21T03:46:34Z
SO,2008-05-08,16.58,16.66,16.49,16.61,5337141,36.39,36.56,36.19,36.44,2432000,2026-02-21T03:46:34Z
SO,2008-05-09,16.54,16.6,16.38,16.4,8508500,36.29,36.42,35.95,36,3877100,2026-02-21T03:46:34Z
SO,2008-05-12,16.8,16.8,16.52,16.59,8362777,36.87,36.87,36.25,36.4,3810700,2026-02-21T03:46:34Z
SO,2008-05-13,16.72,16.84,16.63,16.81,5612324,36.7,36.96,36.5,36.89,2557400,2026-02-21T03:46:34Z
SO,2008-05-14,16.85,16.9,16.71,16.79,6309526,36.98,37.08,36.68,36.85,2875100,2026-02-21T03:46:34Z
SO,2008-05-15,16.73,16.88,16.63,16.88,7840888,36.72,37.04,36.5,37.04,3572900,2026-02-21T03:46:34Z
SO,2008-05-16,16.74,16.79,16.62,16.79,7243100,36.74,36.85,36.47,36.84,3300500,2026-02-21T03:46:34Z
SO,2008-05-19,16.88,16.91,16.7,16.75,7195040,37.04,37.1,36.66,36.75,3278600,2026-02-21T03:46:34Z
SO,2008-05-20,16.79,16.92,16.75,16.86,10651466,36.85,37.14,36.77,37.01,4853600,2026-02-21T03:46:34Z
SO,2008-05-21,16.63,16.89,16.61,16.85,12702899,36.49,37.07,36.44,36.98,5788400,2026-02-21T03:46:34Z
SO,2008-05-22,16.77,16.79,16.55,16.64,7614417,36.81,36.84,36.31,36.51,3469700,2026-02-21T03:46:34Z
SO,2008-05-23,16.4,16.73,16.4,16.73,7469138,36,36.71,35.99,36.71,3403500,2026-02-21T03:46:34Z
SO,2008-05-27,16.49,16.55,16.4,16.4,7926910,36.19,36.31,36,36,3612100,2026-02-21T03:46:34Z
SO,2008-05-28,16.46,16.59,16.4,16.48,4932693,36.13,36.41,36,36.16,2247700,2026-02-21T03:46:34Z
SO,2008-05-29,16.53,16.61,16.42,16.47,6058699,36.28,36.46,36.04,36.14,2760800,2026-02-21T03:46:34Z
SO,2008-05-30,16.5,16.61,16.48,16.61,6234720,36.2,36.46,36.17,36.45,2841000,2026-02-21T03:46:34Z
SO,2008-06-02,16.23,16.5,16.15,16.46,8055296,35.61,36.2,35.44,36.13,3670600,2026-02-21T03:46:34Z
SO,2008-06-03,16.11,16.36,16.04,16.27,7856461,35.36,35.91,35.19,35.71,3580000,2026-02-21T03:46:34Z
SO,2008-06-04,16.26,16.29,16.05,16.06,6604481,35.68,35.75,35.23,35.25,3009500,2026-02-21T03:46:34Z
SO,2008-06-05,16.38,16.4,16.17,16.28,5550233,35.95,36,35.49,35.73,2529100,2026-02-21T03:46:34Z
SO,2008-06-06,15.91,16.37,15.9,16.33,9814432,34.92,35.93,34.9,35.83,4472200,2026-02-21T03:46:34Z
SO,2008-06-09,16.06,16.17,15.97,16.02,7827749,35.25,35.48,35.05,35.15,3566900,2026-02-21T03:46:34Z
SO,2008-06-10,16.01,16.08,15.88,15.97,7050208,35.14,35.28,34.84,35.04,3212600,2026-02-21T03:46:34Z
SO,2008-06-11,15.93,16.06,15.87,15.95,7724144,34.96,35.24,34.82,35,3519700,2026-02-21T03:46:34Z
SO,2008-06-12,15.97,16.04,15.87,15.97,5946801,35.04,35.21,34.83,35.05,2709800,2026-02-21T03:46:34Z
SO,2008-06-13,15.99,16.13,15.86,15.99,7719115,35.09,35.4,34.8,35.09,3517400,2026-02-21T03:46:34Z
SO,2008-06-16,16.08,16.09,15.86,15.95,5262088,35.28,35.32,34.8,35,2397800,2026-02-21T03:46:34Z
SO,2008-06-17,16.02,16.17,15.97,16.13,6522402,35.15,35.49,35.05,35.39,2972100,2026-02-21T03:46:34Z
SO,2008-06-18,15.96,16.14,15.94,15.95,7310491,35.02,35.41,34.98,35,3331200,2026-02-21T03:46:34Z
SO,2008-06-19,15.94,16.03,15.82,15.92,11906050,34.99,35.17,34.72,34.94,5425300,2026-02-21T03:46:34Z
SO,2008-06-20,15.72,15.96,15.7,15.92,13003592,34.49,35.03,34.45,34.93,5925400,2026-02-21T03:46:34Z
SO,2008-06-23,15.89,15.98,15.75,15.75,6715526,34.87,35.08,34.57,34.57,3060100,2026-02-21T03:46:34Z
SO,2008-06-24,15.91,15.96,15.72,15.88,10436175,34.91,35.02,34.49,34.84,4755500,2026-02-21T03:46:34Z
SO,2008-06-25,16.14,16.18,15.88,15.94,10683496,35.42,35.5,34.86,34.98,4868200,2026-02-21T03:46:34Z
SO,2008-06-26,15.81,16.15,15.79,15.99,16163736,34.7,35.44,34.66,35.1,7365400,2026-02-21T03:46:34Z
SO,2008-06-27,15.69,15.95,15.65,15.9,14723423,34.43,35.01,34.35,34.9,6709100,2026-02-21T03:46:34Z
SO,2008-06-30,15.91,16.01,15.62,15.68,11523103,34.92,35.13,34.28,34.41,5250800,2026-02-21T03:46:34Z
SO,2008-07-01,16.02,16.08,15.76,15.77,11216350,35.16,35.29,34.59,34.6,5111000,2026-02-21T03:46:34Z
SO,2008-07-02,16.04,16.16,15.99,16.06,9951181,35.21,35.46,35.1,35.25,4534500,2026-02-21T03:46:34Z
SO,2008-07-03,16.09,16.17,15.99,16.06,7373256,35.32,35.48,35.1,35.24,3359800,2026-02-21T03:46:34Z
SO,2008-07-07,16.02,16.24,15.87,16.13,11635070,35.16,35.64,34.83,35.4,5301800,2026-02-21T03:46:34Z
SO,2008-07-08,16.32,16.35,15.96,16.03,12705564,35.81,35.89,35.02,35.17,5789600,2026-02-21T03:46:34Z
SO,2008-07-09,16.69,16.71,16.27,16.29,14768436,36.62,36.68,35.71,35.74,6729600,2026-02-21T03:46:34Z
SO,2008-07-10,16.63,16.83,16.5,16.73,10868517,36.5,36.93,36.21,36.72,4952500,2026-02-21T03:46:34Z
SO,2008-07-11,16.4,16.6,16.27,16.51,11215479,35.99,36.42,35.71,36.23,5110600,2026-02-21T03:46:34Z
SO,2008-07-14,16.24,16.53,16.22,16.51,8350498,35.64,36.28,35.59,36.24,3805100,2026-02-21T03:46:34Z
SO,2008-07-15,16.19,16.28,16.09,16.25,8333148,35.53,35.73,35.31,35.65,3797200,2026-02-21T03:46:34Z
SO,2008-07-16,16.11,16.26,15.98,16.16,8761732,35.35,35.68,35.07,35.46,3992500,2026-02-21T03:46:34Z
SO,2008-07-17,15.89,16.15,15.77,16.15,13339588,34.88,35.44,34.61,35.44,6078500,2026-02-21T03:46:34Z
SO,2008-07-18,15.88,16.13,15.7,15.93,15080062,34.84,35.39,34.46,34.96,6871600,2026-02-21T03:46:34Z
SO,2008-07-21,16.19,16.35,15.86,15.91,11346456,35.54,35.89,34.8,34.92,5170300,2026-02-21T03:46:34Z
SO,2008-07-22,16.24,16.42,16.2,16.2,10049715,35.65,36.03,35.55,35.55,4579400,2026-02-21T03:46:34Z
SO,2008-07-23,16.05,16.25,15.89,16.25,11520732,35.23,35.65,34.88,35.65,5249700,2026-02-21T03:46:34Z
SO,2008-07-24,16.19,16.21,15.92,16.1,11236280,35.52,35.57,34.94,35.33,5120100,2026-02-21T03:46:34Z
SO,2008-07-25,16.01,16.29,15.98,16.21,10353846,35.13,35.75,35.07,35.58,4718000,2026-02-21T03:46:34Z
SO,2008-07-28,16.11,16.19,15.91,16.01,9592124,35.36,35.52,34.91,35.13,4370900,2026-02-21T03:46:34Z
SO,2008-07-29,16.28,16.31,16.06,16.18,11547461,35.73,35.79,35.25,35.5,5261900,2026-02-21T03:46:34Z
SO,2008-07-30,16.35,16.57,16.3,16.36,13381215,35.87,36.37,35.76,35.9,6097500,2026-02-21T03:46:34Z
SO,2008-07-31,16.32,16.42,16.19,16.41,9838338,35.39,35.62,35.12,35.58,4536200,2026-02-21T03:46:34Z
SO,2008-08-01,15.95,16.42,15.95,16.28,8909226,34.59,35.61,34.59,35.3,4107800,2026-02-21T03:46:34Z
SO,2008-08-04,16.28,16.41,15.93,16,14234167,35.3,35.6,34.55,34.7,6563000,2026-02-21T03:46:34Z
SO,2008-08-05,16.55,16.56,16.28,16.35,11392129,35.89,35.91,35.31,35.46,5252600,2026-02-21T03:46:34Z
SO,2008-08-06,16.42,16.6,16.36,16.52,8886238,35.62,36,35.49,35.83,4097200,2026-02-21T03:46:34Z
SO,2008-08-07,16.29,16.57,16.23,16.48,7527012,35.33,35.94,35.19,35.74,3470500,2026-02-21T03:46:34Z
SO,2008-08-08,16.86,16.86,16.24,16.24,12560221,36.57,36.57,35.22,35.22,5791200,2026-02-21T03:46:34Z
SO,2008-08-11,17.31,17.37,16.74,16.8,17957234,37.55,37.68,36.31,36.44,8279600,2026-02-21T03:46:34Z
SO,2008-08-12,17.28,17.31,16.92,17.28,10151758,37.47,37.54,36.69,37.48,4680700,2026-02-21T03:46:34Z
SO,2008-08-13,17.24,17.36,17.15,17.23,10727821,37.4,37.66,37.19,37.36,4946300,2026-02-21T03:46:34Z
SO,2008-08-14,17.06,17.33,17,17.13,8896422,37,37.58,36.87,37.16,4101900,2026-02-21T03:46:34Z
SO,2008-08-15,17.26,17.33,17.07,17.11,9514096,37.44,37.58,37.03,37.1,4386700,2026-02-21T03:46:34Z
SO,2008-08-18,17.34,17.43,17.24,17.27,7055697,37.61,37.81,37.4,37.46,3253200,2026-02-21T03:46:34Z
SO,2008-08-19,17.27,17.4,17.25,17.25,6137204,37.46,37.74,37.42,37.42,2829700,2026-02-21T03:46:34Z
SO,2008-08-20,17.3,17.35,17.13,17.25,7646927,37.52,37.62,37.16,37.41,3525800,2026-02-21T03:46:34Z
SO,2008-08-21,17.32,17.38,17.16,17.22,6834493,37.56,37.7,37.22,37.34,3151200,2026-02-21T03:46:34Z
SO,2008-08-22,17.42,17.42,17.3,17.36,6614551,37.79,37.79,37.52,37.64,3049800,2026-02-21T03:46:34Z
SO,2008-08-25,17.18,17.43,17.12,17.38,5011568,37.27,37.8,37.14,37.7,2310700,2026-02-21T03:46:34Z
SO,2008-08-26,17.33,17.36,17.11,17.18,10329614,37.58,37.65,37.11,37.25,4762700,2026-02-21T03:46:34Z
SO,2008-08-27,17.36,17.41,17.27,17.36,5389821,37.66,37.75,37.45,37.66,2485100,2026-02-21T03:46:34Z
SO,2008-08-28,17.52,17.52,17.33,17.36,4823307,38,38,37.58,37.66,2223900,2026-02-21T03:46:34Z
SO,2008-08-29,17.29,17.51,17.3,17.43,5259454,37.51,37.98,37.51,37.8,2425000,2026-02-21T03:46:34Z
SO,2008-09-02,17.19,17.5,17.18,17.44,6079948,37.28,37.95,37.26,37.83,2803300,2026-02-21T03:46:34Z
SO,2008-09-03,17.35,17.38,17.06,17.2,11631974,37.62,37.7,37.01,37.31,5363200,2026-02-21T03:46:34Z
SO,2008-09-04,17.2,17.4,17.15,17.27,9287912,37.3,37.74,37.2,37.45,4282400,2026-02-21T03:46:34Z
SO,2008-09-05,17.11,17.27,17.04,17.11,12927459,37.1,37.45,36.96,37.12,5960500,2026-02-21T03:46:34Z
SO,2008-09-08,17.52,17.52,17.24,17.25,15445470,38,38,37.39,37.42,7121500,2026-02-21T03:46:34Z
SO,2008-09-09,17.45,17.61,17.36,17.43,15804233,37.85,38.2,37.64,37.8,7286900,2026-02-21T03:46:34Z
SO,2008-09-10,17.39,17.59,17.35,17.46,9998828,37.71,38.16,37.62,37.88,4610200,2026-02-21T03:46:34Z
SO,2008-09-11,17.52,17.54,17.18,17.37,12422737,37.99,38.04,37.26,37.68,5727800,2026-02-21T03:46:34Z
SO,2008-09-12,17.59,17.71,17.41,17.41,11777326,38.14,38.41,37.75,37.77,5430200,2026-02-21T03:46:34Z
SO,2008-09-15,17.57,17.87,17.28,17.38,14518292,38.1,38.75,37.48,37.7,6694000,2026-02-21T03:46:34Z
SO,2008-09-16,18,18.05,17.29,17.47,20349898,39.03,39.15,37.5,37.89,9382800,2026-02-21T03:46:34Z
SO,2008-09-17,17.58,17.98,17.57,17.78,15219067,38.12,39,38.1,38.57,7017100,2026-02-21T03:46:34Z
SO,2008-09-18,18.21,18.44,17.6,17.7,21757922,39.5,40,38.18,38.4,10032000,2026-02-21T03:46:34Z
SO,2008-09-19,17.71,18.44,17.61,18.44,23053838,38.4,40,38.2,40,10629500,2026-02-21T03:46:34Z
SO,2008-09-22,17.38,17.74,17.34,17.74,11873141,37.7,38.48,37.6,38.48,5474400,2026-02-21T03:46:34Z
SO,2008-09-23,17.25,17.59,17.24,17.39,9434482,37.41,38.14,37.39,37.71,4350000,2026-02-21T03:46:34Z
SO,2008-09-24,17.51,17.55,17.09,17.33,8756501,37.97,38.07,37.07,37.58,4037400,2026-02-21T03:46:34Z
SO,2008-09-25,17.81,18.07,17.39,17.55,12256151,38.62,39.2,37.72,38.07,5651000,2026-02-21T03:46:34Z
SO,2008-09-26,17.81,17.96,17.31,17.65,8992688,38.62,38.96,37.54,38.29,4146300,2026-02-21T03:46:34Z
SO,2008-09-29,17.18,17.81,17.18,17.65,18368643,37.25,38.63,37.25,38.28,8469300,2026-02-21T03:46:34Z
SO,2008-09-30,17.38,17.65,17.3,17.43,15991123,37.69,38.28,37.51,37.8,7373100,2026-02-21T03:46:34Z
SO,2008-10-01,17.42,17.44,17.17,17.36,15357817,37.78,37.83,37.24,37.65,7081100,2026-02-21T03:46:34Z
SO,2008-10-02,17.28,17.51,17.24,17.34,16370958,37.48,37.97,37.4,37.61,7548200,2026-02-21T03:46:34Z
SO,2008-10-03,17.13,17.6,17.11,17.46,20091134,37.15,38.18,37.1,37.86,9263500,2026-02-21T03:46:34Z
SO,2008-10-06,16.65,17.2,16.31,16.88,22990442,36.12,37.3,35.38,36.6,10600300,2026-02-21T03:46:34Z
SO,2008-10-07,16.45,17.19,16.41,16.79,19318616,35.68,37.29,35.6,36.41,8907300,2026-02-21T03:46:34Z
SO,2008-10-08,16.33,16.94,16.21,16.21,35093350,35.41,36.75,35.16,35.16,16180600,2026-02-21T03:46:34Z
SO,2008-10-09,15.46,16.48,15.46,16.47,21845084,33.52,35.75,33.52,35.72,10072200,2026-02-21T03:46:34Z
SO,2008-10-10,14.87,15.63,13.75,14.99,31777644,32.26,33.89,29.82,32.51,14651800,2026-02-21T03:46:34Z
SO,2008-10-13,16.52,16.53,15.04,15.21,17119359,35.83,35.85,32.61,33,7893300,2026-02-21T03:46:34Z
SO,2008-10-14,15.88,16.99,14.8,16.95,21669823,34.44,36.84,32.11,36.77,9991400,2026-02-21T03:46:34Z
SO,2008-10-15,15.03,15.88,14.9,15.88,17951350,32.59,34.43,32.32,34.43,8276900,2026-02-21T03:46:34Z
SO,2008-10-16,15.56,15.63,14.48,15.01,21643866,33.74,33.9,31.4,32.56,9979400,2026-02-21T03:46:34Z
SO,2008-10-17,15.44,16.07,15.04,15.29,17441745,33.49,34.86,32.63,33.15,8041900,2026-02-21T03:46:34Z
SO,2008-10-20,16.49,16.49,15.44,15.53,12482174,35.77,35.77,33.48,33.68,5755200,2026-02-21T03:46:34Z
SO,2008-10-21,16.17,16.53,16.07,16.33,10272573,35.06,35.85,34.85,35.41,4736400,2026-02-21T03:46:34Z
SO,2008-10-22,15.48,16.11,15.12,15.93,15603635,33.58,34.93,32.79,34.55,7194400,2026-02-21T03:46:34Z
SO,2008-10-23,16.7,16.73,15.67,15.8,22521996,36.23,36.28,33.98,34.26,10384300,2026-02-21T03:46:34Z
SO,2008-10-24,15.96,16.51,15.28,15.4,16171561,34.61,35.8,33.13,33.41,7456300,2026-02-21T03:46:34Z
SO,2008-10-27,15.19,15.88,15.19,15.82,19612657,32.94,34.44,32.94,34.32,9042900,2026-02-21T03:46:34Z
SO,2008-10-28,16.56,16.6,15.29,15.57,20655441,35.92,36,33.17,33.76,9523700,2026-02-21T03:46:34Z
SO,2008-10-29,16.04,16.68,15.98,16.46,16693699,34.79,36.18,34.65,35.7,7697000,2026-02-21T03:46:34Z
SO,2008-10-30,16.46,16.66,16.03,16.49,12383991,35.26,35.69,34.34,35.34,5779700,2026-02-21T03:46:34Z
SO,2008-10-31,16.03,16.54,15.87,16.46,16117840,34.34,35.44,34,35.26,7522300,2026-02-21T03:46:34Z
SO,2008-11-03,16.24,16.25,15.9,15.9,11996179,34.8,34.81,34.07,34.08,5598700,2026-02-21T03:46:34Z
SO,2008-11-04,16.42,16.48,16.15,16.32,11067297,35.18,35.31,34.6,34.97,5165200,2026-02-21T03:46:34Z
SO,2008-11-05,16.16,16.47,16.09,16.45,14005571,34.62,35.29,34.48,35.25,6536500,2026-02-21T03:46:34Z
SO,2008-11-06,15.76,16.32,15.58,16.14,13232709,33.77,34.97,33.39,34.59,6175800,2026-02-21T03:46:34Z
SO,2008-11-07,16.26,16.25,15.65,15.84,10518595,34.83,34.83,33.53,33.93,4909100,2026-02-21T03:46:34Z
SO,2008-11-10,16.15,16.45,15.91,16.34,9917099,34.61,35.25,34.1,35,4628400,2026-02-21T03:46:34Z
SO,2008-11-11,16.21,16.41,15.85,16.18,12600627,34.74,35.15,33.97,34.67,5880800,2026-02-21T03:46:34Z
SO,2008-11-12,15.96,16.29,15.18,16.11,16366993,34.2,34.9,32.52,34.51,7638600,2026-02-21T03:46:34Z
SO,2008-11-13,16.42,16.45,15.91,16.03,25466868,35.18,35.25,34.1,34.34,11885600,2026-02-21T03:46:34Z
SO,2008-11-14,16.43,17.15,16.06,16.1,27512471,35.21,36.75,34.42,34.5,12840300,2026-02-21T03:46:34Z
SO,2008-11-17,16.56,16.85,16.27,16.4,16606958,35.48,36.1,34.85,35.14,7750600,2026-02-21T03:46:34Z
SO,2008-11-18,16.33,16.73,16.12,16.41,18332209,35,35.85,34.55,35.15,8555800,2026-02-21T03:46:34Z
SO,2008-11-19,16.09,16.52,16.08,16.34,16037461,34.47,35.4,34.46,35,7484800,2026-02-21T03:46:34Z
SO,2008-11-20,15.78,16.52,15.69,16.23,18980133,33.82,35.39,33.61,34.78,8858200,2026-02-21T03:46:34Z
SO,2008-11-21,16.61,16.61,15.72,15.89,23323844,35.59,35.59,33.69,34.05,10885400,2026-02-21T03:46:34Z
SO,2008-11-24,16.57,16.87,16.21,16.68,19820784,35.5,36.15,34.74,35.74,9250500,2026-02-21T03:46:34Z
SO,2008-11-25,16.69,16.96,16.41,16.82,17675554,35.77,36.33,35.16,36.04,8249300,2026-02-21T03:46:34Z
SO,2008-11-26,16.85,16.86,16.44,16.48,10169543,36.11,36.13,35.22,35.31,4746200,2026-02-21T03:46:34Z
SO,2008-11-28,16.95,16.99,16.64,16.7,4351552,36.32,36.4,35.65,35.78,2030900,2026-02-21T03:46:34Z
SO,2008-12-01,16.41,16.89,16.4,16.68,13754011,35.17,36.19,35.14,35.75,6419100,2026-02-21T03:46:34Z
SO,2008-12-02,16.58,16.75,16.29,16.44,13248515,35.52,35.9,34.9,35.22,6183200,2026-02-21T03:46:34Z
SO,2008-12-03,17,17.04,16.3,16.3,12355457,36.43,36.5,34.93,34.93,5766400,2026-02-21T03:46:34Z
SO,2008-12-04,16.54,17.03,16.34,16.94,11858353,35.43,36.49,35,36.3,5534400,2026-02-21T03:46:34Z
SO,2008-12-05,17.22,17.25,16.18,16.37,16977909,36.89,36.97,34.67,35.08,7923700,2026-02-21T03:46:34Z
SO,2008-12-08,17.26,17.54,17.11,17.48,12352926,36.99,37.58,36.67,37.45,5765200,2026-02-21T03:46:34Z
SO,2008-12-09,17.06,17.31,16.95,17.08,8434418,36.56,37.09,36.32,36.6,3936400,2026-02-21T03:46:34Z
SO,2008-12-10,17.13,17.23,16.98,17.17,6333529,36.71,36.93,36.39,36.79,2955900,2026-02-21T03:46:34Z
SO,2008-12-11,16.97,17.27,16.87,17.02,10942604,36.36,37,36.14,36.46,5107000,2026-02-21T03:46:34Z
SO,2008-12-12,16.96,16.98,16.66,16.71,9331728,36.34,36.39,35.69,35.8,4355200,2026-02-21T03:46:34Z
SO,2008-12-15,16.73,17.04,16.61,16.96,7792015,35.85,36.52,35.6,36.35,3636600,2026-02-21T03:46:34Z
SO,2008-12-16,17.36,17.41,16.78,16.8,10354891,37.2,37.3,35.95,36,4832700,2026-02-21T03:46:34Z
SO,2008-12-17,16.94,17.29,16.9,17.25,12957780,36.3,37.05,36.22,36.96,6047500,2026-02-21T03:46:34Z
SO,2008-12-18,16.86,17.16,16.75,17.03,14512708,36.12,36.77,35.89,36.48,6773200,2026-02-21T03:46:34Z
SO,2008-12-19,16.73,17.08,16.72,16.97,17595384,35.84,36.59,35.82,36.37,8211900,2026-02-21T03:46:34Z
SO,2008-12-22,16.86,16.96,16.66,16.68,7519473,36.12,36.34,35.7,35.74,3509400,2026-02-21T03:46:34Z
SO,2008-12-23,16.67,16.95,16.65,16.88,6339526,35.71,36.31,35.67,36.17,2958700,2026-02-21T03:46:34Z
SO,2008-12-24,16.67,16.84,16.65,16.81,2056965,35.71,36.08,35.67,36.01,960000,2026-02-21T03:46:34Z
SO,2008-12-26,16.79,16.9,16.65,16.66,2181019,35.97,36.21,35.67,35.7,1017900,2026-02-21T03:46:34Z
SO,2008-12-29,16.89,16.92,16.69,16.8,5527234,36.2,36.26,35.77,36,2579600,2026-02-21T03:46:34Z
SO,2008-12-30,17.05,17.05,16.86,16.96,6988755,36.53,36.53,36.13,36.33,3261700,2026-02-21T03:46:34Z
SO,2008-12-31,17.27,17.32,17.02,17.03,8743794,37,37.1,36.47,36.48,4080800,2026-02-21T03:46:34Z
SO,2009-01-02,17.49,17.56,17.18,17.27,7159314,37.47,37.62,36.81,37,3341300,2026-02-21T03:46:34Z
SO,2009-01-05,17.11,17.48,16.94,17.47,10128805,36.67,37.45,36.29,37.43,4727200,2026-02-21T03:46:34Z
SO,2009-01-06,16.7,17.25,16.66,17.19,10907448,35.79,36.96,35.7,36.83,5090600,2026-02-21T03:46:34Z
SO,2009-01-07,16.68,16.8,16.58,16.66,10340283,35.73,35.99,35.53,35.7,4825900,2026-02-21T03:46:34Z
SO,2009-01-08,16.61,16.7,16.41,16.68,10087272,35.59,35.78,35.16,35.75,4707800,2026-02-21T03:46:34Z
SO,2009-01-09,16.58,16.75,16.43,16.58,9334764,35.53,35.9,35.21,35.53,4356600,2026-02-21T03:46:34Z
SO,2009-01-12,16.7,16.78,16.58,16.62,7829296,35.79,35.96,35.53,35.62,3654000,2026-02-21T03:46:34Z
SO,2009-01-13,16.27,16.66,16.14,16.65,13487054,34.86,35.7,34.58,35.68,6294500,2026-02-21T03:46:34Z
SO,2009-01-14,16.03,16.35,15.87,16.35,13856890,34.34,35.03,34.01,35.03,6467100,2026-02-21T03:46:34Z
SO,2009-01-15,16.19,16.19,15.83,15.98,12176778,34.69,34.69,33.92,34.24,5683000,2026-02-21T03:46:34Z
SO,2009-01-16,16.35,16.46,16.18,16.34,9691272,35.03,35.26,34.67,35.02,4523000,2026-02-21T03:46:34Z
SO,2009-01-20,16.21,16.59,16.17,16.34,10743956,34.73,35.54,34.65,35,5014300,2026-02-21T03:46:34Z
SO,2009-01-21,16.31,16.43,15.98,16.41,11098143,34.94,35.2,34.24,35.15,5179600,2026-02-21T03:46:34Z
SO,2009-01-22,16.31,16.46,16.12,16.18,9179641,34.95,35.28,34.55,34.68,4284200,2026-02-21T03:46:34Z
SO,2009-01-23,16.17,16.27,16.01,16.15,9684018,34.65,34.87,34.31,34.6,4519600,2026-02-21T03:46:34Z
SO,2009-01-26,16.31,16.5,16.13,16.23,12561154,34.94,35.35,34.57,34.77,5862400,2026-02-21T03:46:34Z
SO,2009-01-27,16.31,16.42,16.1,16.35,11746727,34.94,35.19,34.5,35.03,5482300,2026-02-21T03:46:34Z
SO,2009-01-28,16.04,16.48,15.86,16.48,14032374,34.37,35.3,33.98,35.3,6549000,2026-02-21T03:46:34Z
SO,2009-01-29,16,16.14,15.94,16.06,9254555,33.86,34.16,33.73,34,4372600,2026-02-21T03:46:34Z
SO,2009-01-30,15.8,16.11,15.71,15.94,12299534,33.45,34.1,33.25,33.73,5811300,2026-02-21T03:46:34Z
SO,2009-02-02,15.73,15.84,15.54,15.76,9666416,33.29,33.53,32.9,33.35,4567200,2026-02-21T03:46:34Z
SO,2009-02-03,15.81,15.86,15.62,15.73,7550962,33.47,33.56,33.07,33.3,3567700,2026-02-21T03:46:34Z
SO,2009-02-04,15.85,15.97,15.69,15.89,7441116,33.55,33.8,33.2,33.64,3515800,2026-02-21T03:46:34Z
SO,2009-02-05,15.75,15.96,15.68,15.83,9762307,33.34,33.79,33.19,33.51,4612500,2026-02-21T03:46:34Z
SO,2009-02-06,15.87,15.95,15.66,15.73,6993481,33.59,33.75,33.15,33.3,3304300,2026-02-21T03:46:34Z
SO,2009-02-09,15.62,15.88,15.47,15.86,10320853,33.06,33.61,32.75,33.57,4876400,2026-02-21T03:46:34Z
SO,2009-02-10,15.18,15.62,15.13,15.6,13747633,32.12,33.07,32.02,33.01,6495500,2026-02-21T03:46:34Z
SO,2009-02-11,15.19,15.28,15.07,15.23,9970324,32.15,32.34,31.9,32.24,4710800,2026-02-21T03:46:34Z
SO,2009-02-12,14.94,15.18,14.62,15.17,14592494,31.62,32.13,30.94,32.1,6894700,2026-02-21T03:46:34Z
SO,2009-02-13,14.83,15,14.81,14.92,8500435,31.39,31.75,31.35,31.57,4016300,2026-02-21T03:46:34Z
SO,2009-02-17,14.37,14.65,14.27,14.65,10656262,30.41,31,30.21,31,5034900,2026-02-21T03:46:34Z
SO,2009-02-18,14.51,14.56,14.31,14.43,12071821,30.72,30.82,30.28,30.54,5703700,2026-02-21T03:46:34Z
SO,2009-02-19,14.59,14.69,14.42,14.6,9592124,30.87,31.09,30.52,30.91,4532100,2026-02-21T03:46:34Z
SO,2009-02-20,14.25,14.59,14.13,14.4,12706499,30.17,30.87,29.91,30.48,6003600,2026-02-21T03:46:34Z
SO,2009-02-23,14.04,14.41,14.01,14.36,9019628,29.71,30.5,29.65,30.4,4261600,2026-02-21T03:46:34Z
SO,2009-02-24,14.63,14.7,14.1,14.17,16010842,30.97,31.11,29.84,30,7564800,2026-02-21T03:46:34Z
SO,2009-02-25,14.75,14.93,14.59,14.67,14999365,31.21,31.6,30.88,31.05,7086900,2026-02-21T03:46:34Z
SO,2009-02-26,14.48,14.89,14.47,14.86,11208025,30.65,31.51,30.63,31.44,5295600,2026-02-21T03:46:34Z
SO,2009-02-27,14.32,14.56,14.17,14.33,11195157,30.31,30.81,30,30.32,5289500,2026-02-21T03:46:34Z
SO,2009-03-02,14.07,14.48,14.06,14.17,12544617,29.78,30.65,29.76,30,5927100,2026-02-21T03:46:34Z
SO,2009-03-03,13.45,14.22,13.43,14.15,16062908,28.47,30.1,28.42,29.94,7589400,2026-02-21T03:46:34Z
SO,2009-03-04,13.58,13.83,13.37,13.61,12445605,28.75,29.28,28.29,28.81,5880300,2026-02-21T03:46:34Z
SO,2009-03-05,13.14,13.54,12.98,13.49,12583571,27.81,28.65,27.48,28.55,5945500,2026-02-21T03:46:34Z
SO,2009-03-06,13.25,13.56,12.98,13.23,12549067,28.05,28.69,27.48,28.01,5929200,2026-02-21T03:46:34Z
SO,2009-03-09,12.67,13.26,12.62,12.98,12503512,26.82,28.06,26.71,27.47,5907700,2026-02-21T03:46:34Z
SO,2009-03-10,12.88,12.98,12.69,12.79,12165787,27.25,27.48,26.85,27.08,5748100,2026-02-21T03:46:34Z
SO,2009-03-11,12.82,13.09,12.77,12.92,10846179,27.14,27.71,27.03,27.35,5124600,2026-02-21T03:46:34Z
SO,2009-03-12,12.67,12.89,12.51,12.82,15808062,26.81,27.28,26.48,27.14,7469000,2026-02-21T03:46:34Z
SO,2009-03-13,12.82,12.88,12.7,12.78,10093131,27.14,27.25,26.88,27.04,4768800,2026-02-21T03:46:34Z
SO,2009-03-16,13.31,13.45,12.91,12.91,15089455,28.16,28.46,27.32,27.32,7129500,2026-02-21T03:46:34Z
SO,2009-03-17,13.62,13.62,13.26,13.34,12242822,28.82,28.82,28.06,28.24,5784500,2026-02-21T03:46:34Z
SO,2009-03-18,14.05,14.07,13.48,13.59,15924616,29.73,29.77,28.53,28.77,7524100,2026-02-21T03:46:34Z
SO,2009-03-19,14.32,14.34,14.06,14.21,13032245,30.3,30.34,29.75,30.08,6157500,2026-02-21T03:46:34Z
SO,2009-03-20,14.45,14.76,14.32,14.32,19519685,30.58,31.24,30.3,30.3,9222700,2026-02-21T03:46:34Z
SO,2009-03-23,15.03,15.05,14.53,14.69,14326661,31.82,31.86,30.75,31.08,6769100,2026-02-21T03:46:34Z
SO,2009-03-24,14.51,14.91,14.5,14.91,9574575,30.72,31.55,30.69,31.55,4523800,2026-02-21T03:46:34Z
SO,2009-03-25,14.39,14.67,14.18,14.59,10481229,30.45,31.04,30.02,30.88,4952200,2026-02-21T03:46:34Z
SO,2009-03-26,14.51,14.52,14.09,14.41,13411959,30.71,30.74,29.83,30.5,6336900,2026-02-21T03:46:34Z
SO,2009-03-27,14.44,14.52,14.26,14.34,8128549,30.57,30.73,30.18,30.34,3840600,2026-02-21T03:46:34Z
SO,2009-03-30,14.34,14.44,14.17,14.22,7742519,30.34,30.57,30,30.09,3658200,2026-02-21T03:46:34Z
SO,2009-03-31,14.47,14.63,14.26,14.42,9924822,30.62,30.96,30.17,30.52,4689300,2026-02-21T03:46:34Z
SO,2009-04-01,14.56,14.61,14.32,14.32,11402950,30.81,30.92,30.31,30.31,5387700,2026-02-21T03:46:34Z
SO,2009-04-02,14.68,14.78,14.32,14.78,15436582,31.07,31.29,30.3,31.29,7293500,2026-02-21T03:46:34Z
SO,2009-04-03,14.68,14.8,14.51,14.75,8155677,31.08,31.32,30.71,31.21,3853400,2026-02-21T03:46:34Z
SO,2009-04-06,14.64,14.77,14.55,14.6,7556474,30.98,31.27,30.8,30.89,3570300,2026-02-21T03:46:34Z
SO,2009-04-07,14.62,14.73,14.41,14.48,8501483,30.94,31.18,30.5,30.64,4016800,2026-02-21T03:46:34Z
SO,2009-04-08,14.83,14.86,14.56,14.69,7053383,31.38,31.44,30.82,31.1,3332600,2026-02-21T03:46:34Z
SO,2009-04-09,14.6,15.02,14.42,14.88,11077011,30.89,31.78,30.52,31.49,5233700,2026-02-21T03:46:34Z
SO,2009-04-13,14.42,14.66,14.31,14.59,7343336,30.53,31.03,30.28,30.87,3469600,2026-02-21T03:46:34Z
SO,2009-04-14,14.1,14.36,14.06,14.33,9523106,29.85,30.4,29.75,30.33,4499500,2026-02-21T03:46:34Z
SO,2009-04-15,14.2,14.25,13.98,14.09,8477985,30.05,30.16,29.58,29.81,4005700,2026-02-21T03:46:34Z
SO,2009-04-16,14.11,14.27,13.98,14.25,11110486,29.86,30.2,29.58,30.16,5249500,2026-02-21T03:46:34Z
SO,2009-04-17,14,14.22,13.91,14.16,10685324,29.64,30.1,29.44,29.98,5048600,2026-02-21T03:46:34Z
SO,2009-04-20,14.1,14.26,13.94,13.95,9510618,29.85,30.17,29.51,29.53,4493600,2026-02-21T03:46:34Z
SO,2009-04-21,14.19,14.38,14.1,14.24,8748729,30.04,30.43,29.85,30.13,4133600,2026-02-21T03:46:34Z
SO,2009-04-22,13.93,14.2,13.91,14.2,8440938,29.48,30.06,29.45,30.06,3988200,2026-02-21T03:46:34Z
SO,2009-04-23,13.94,14.03,13.85,13.99,8708084,29.51,29.69,29.31,29.61,4114400,2026-02-21T03:46:34Z
SO,2009-04-24,13.92,14,13.82,13.94,10973131,29.46,29.64,29.25,29.51,5184600,2026-02-21T03:46:34Z
SO,2009-04-27,14.06,14.25,13.89,13.89,8229543,29.75,30.16,29.4,29.4,3888300,2026-02-21T03:46:34Z
SO,2009-04-28,14.19,14.3,14.01,14.04,8500450,30.03,30.26,29.66,29.71,4016300,2026-02-21T03:46:34Z
SO,2009-04-29,14.19,14.32,14.09,14.26,9989823,30.03,30.3,29.83,30.17,4720000,2026-02-21T03:46:34Z
SO,2009-04-30,13.85,14.32,13.47,14.31,22390289,28.88,29.87,28.1,29.84,10735400,2026-02-21T03:46:34Z
SO,2009-05-01,13.82,13.89,13.69,13.89,12766086,28.82,28.97,28.55,28.97,6120900,2026-02-21T03:46:34Z
SO,2009-05-04,13.9,14.07,13.69,14.07,10253709,29,29.35,28.56,29.35,4916300,2026-02-21T03:46:34Z
SO,2009-05-05,13.86,13.96,13.77,13.94,8653770,28.91,29.11,28.71,29.07,4149200,2026-02-21T03:46:34Z
SO,2009-05-06,13.99,14,13.78,13.96,9014418,29.17,29.2,28.74,29.12,4322100,2026-02-21T03:46:34Z
SO,2009-05-07,14.03,14.14,13.83,14.07,9614633,29.27,29.5,28.85,29.34,4609900,2026-02-21T03:46:34Z
SO,2009-05-08,13.79,14.29,13.71,14.13,15960813,28.76,29.81,28.6,29.48,7652700,2026-02-21T03:46:34Z
SO,2009-05-11,13.9,14,13.67,13.67,13954293,28.99,29.2,28.51,28.51,6690600,2026-02-21T03:46:34Z
SO,2009-05-12,13.84,14.05,13.76,13.97,10298945,28.87,29.3,28.7,29.14,4938000,2026-02-21T03:46:34Z
SO,2009-05-13,13.73,13.88,13.65,13.74,11105276,28.64,28.94,28.48,28.66,5324600,2026-02-21T03:46:34Z
SO,2009-05-14,13.66,13.84,13.57,13.7,12056321,28.48,28.87,28.3,28.58,5780600,2026-02-21T03:46:34Z
SO,2009-05-15,13.48,13.67,13.43,13.61,8734498,28.12,28.52,28,28.38,4187900,2026-02-21T03:46:34Z
SO,2009-05-18,13.48,13.59,13.38,13.56,8552212,28.12,28.34,27.9,28.28,4100500,2026-02-21T03:46:34Z
SO,2009-05-19,13.42,13.51,13.39,13.5,12103010,27.98,28.18,27.92,28.15,5803000,2026-02-21T03:46:34Z
SO,2009-05-20,13.16,13.5,13.16,13.42,11243292,27.45,28.15,27.44,27.99,5390800,2026-02-21T03:46:34Z
SO,2009-05-21,13.12,13.2,13.04,13.12,9971919,27.36,27.54,27.19,27.36,4781200,2026-02-21T03:46:34Z
SO,2009-05-22,13.28,13.4,13.04,13.08,10892958,27.7,27.95,27.2,27.28,5222800,2026-02-21T03:46:34Z
SO,2009-05-26,13.57,13.58,13.22,13.29,12487417,28.31,28.33,27.58,27.71,5987300,2026-02-21T03:46:34Z
SO,2009-05-27,13.47,13.65,13.38,13.6,14614383,28.09,28.47,27.9,28.36,7007100,2026-02-21T03:46:34Z
SO,2009-05-28,13.56,13.66,13.45,13.56,10617848,28.29,28.49,28.05,28.28,5090900,2026-02-21T03:46:34Z
SO,2009-05-29,13.62,13.68,13.45,13.59,11541405,28.41,28.53,28.06,28.34,5533700,2026-02-21T03:46:34Z
SO,2009-06-01,13.87,13.92,13.63,13.67,11636446,28.93,29.04,28.43,28.52,5579300,2026-02-21T03:46:34Z
SO,2009-06-02,13.92,14.04,13.87,13.87,11467547,29.03,29.28,28.93,28.93,5498300,2026-02-21T03:46:34Z
SO,2009-06-03,13.78,14.02,13.62,13.93,8467936,28.73,29.24,28.41,29.06,4060100,2026-02-21T03:46:34Z
SO,2009-06-04,13.78,13.85,13.67,13.85,8899039,28.73,28.89,28.52,28.89,4266800,2026-02-21T03:46:34Z
SO,2009-06-05,13.86,13.97,13.77,13.82,13362955,28.91,29.14,28.72,28.83,6407100,2026-02-21T03:46:34Z
SO,2009-06-08,13.82,13.99,13.69,13.99,9119526,28.82,29.18,28.55,29.18,4372500,2026-02-21T03:46:34Z
SO,2009-06-09,13.73,13.97,13.71,13.83,8264617,28.63,29.14,28.6,28.85,3962600,2026-02-21T03:46:34Z
SO,2009-06-10,13.93,14.01,13.78,13.78,11603940,29.05,29.22,28.73,28.73,5563700,2026-02-21T03:46:34Z
SO,2009-06-11,14.34,14.58,13.95,13.97,14509920,29.91,30.4,29.1,29.14,6957000,2026-02-21T03:46:34Z
SO,2009-06-12,14.65,14.77,14.2,14.36,11149267,30.55,30.8,29.61,29.94,5345700,2026-02-21T03:46:34Z
SO,2009-06-15,14.45,14.64,14.36,14.53,10968455,30.14,30.53,29.94,30.31,5259000,2026-02-21T03:46:34Z
SO,2009-06-16,14.44,14.55,14.37,14.49,8051257,30.12,30.35,29.96,30.22,3860300,2026-02-21T03:46:34Z
SO,2009-06-17,14.56,14.71,14.45,14.45,9167062,30.37,30.69,30.13,30.13,4395300,2026-02-21T03:46:34Z
SO,2009-06-18,14.91,14.95,14.55,14.61,9207116,31.09,31.17,30.34,30.46,4414500,2026-02-21T03:46:34Z
SO,2009-06-19,14.68,15.05,14.65,14.98,11346545,30.61,31.4,30.55,31.25,5440300,2026-02-21T03:46:34Z
SO,2009-06-22,14.9,15.01,14.48,14.6,10032624,31.07,31.3,30.2,30.44,4810300,2026-02-21T03:46:34Z
SO,2009-06-23,14.91,14.96,14.73,14.89,11959132,31.1,31.21,30.72,31.05,5734000,2026-02-21T03:46:34Z
SO,2009-06-24,15.01,15.08,14.9,14.96,9065492,31.3,31.46,31.08,31.21,4346600,2026-02-21T03:46:34Z
SO,2009-06-25,15.24,15.26,14.82,14.98,10532293,31.78,31.82,30.91,31.25,5049900,2026-02-21T03:46:34Z
SO,2009-06-26,15.29,15.37,15.11,15.23,10445555,31.9,32.05,31.51,31.76,5008300,2026-02-21T03:46:34Z
SO,2009-06-29,15.28,15.31,15.09,15.31,8252924,31.86,31.94,31.47,31.94,3957000,2026-02-21T03:46:34Z
SO,2009-06-30,14.94,15.05,14.65,14.92,17161963,31.16,31.4,30.55,31.11,8228600,2026-02-21T03:46:34Z
SO,2009-07-01,15.11,15.13,14.93,14.96,8543653,31.52,31.55,31.13,31.19,4096400,2026-02-21T03:46:34Z
SO,2009-07-02,14.87,15.08,14.87,15.04,9808998,31.01,31.45,31.01,31.36,4703100,2026-02-21T03:46:34Z
SO,2009-07-06,15.18,15.31,14.88,14.95,11553886,31.67,31.94,31.03,31.18,5539700,2026-02-21T03:46:34Z
SO,2009-07-07,14.9,15.14,14.9,15.14,6712260,31.08,31.58,31.07,31.58,3218300,2026-02-21T03:46:34Z
SO,2009-07-08,14.83,15.06,14.7,14.93,9337464,30.92,31.41,30.65,31.14,4477000,2026-02-21T03:46:34Z
SO,2009-07-09,14.75,14.89,14.61,14.89,8225800,30.77,31.06,30.47,31.06,3944000,2026-02-21T03:46:34Z
SO,2009-07-10,14.72,14.8,14.51,14.71,5830238,30.7,30.87,30.27,30.68,2795400,2026-02-21T03:46:34Z
SO,2009-07-13,14.73,14.82,14.57,14.72,13354435,30.72,30.9,30.38,30.7,6403000,2026-02-21T03:46:34Z
SO,2009-07-14,14.79,14.79,14.59,14.72,9376638,30.84,30.84,30.42,30.7,4495800,2026-02-21T03:46:34Z
SO,2009-07-15,15.12,15.13,14.75,14.75,11754923,31.53,31.55,30.76,30.76,5636100,2026-02-21T03:46:34Z
SO,2009-07-16,15.25,15.29,14.97,15.06,6502450,31.8,31.9,31.23,31.42,3117700,2026-02-21T03:46:34Z
SO,2009-07-17,15.09,15.26,15.02,15.21,7655594,31.48,31.83,31.33,31.73,3670600,2026-02-21T03:46:34Z
SO,2009-07-20,15.24,15.24,15,15.19,7650398,31.79,31.79,31.29,31.69,3668100,2026-02-21T03:46:34Z
SO,2009-07-21,15.31,15.34,15.16,15.28,9731419,31.93,32,31.61,31.87,4665900,2026-02-21T03:46:34Z
SO,2009-07-22,15.24,15.39,15.2,15.25,7150421,31.78,32.09,31.71,31.8,3428400,2026-02-21T03:46:34Z
SO,2009-07-23,15.49,15.54,15.19,15.22,10817208,32.3,32.4,31.69,31.75,5186500,2026-02-21T03:46:34Z
SO,2009-07-24,15.64,15.65,15.45,15.45,8106088,32.63,32.65,32.23,32.23,3886600,2026-02-21T03:46:34Z
SO,2009-07-27,15.64,15.66,15.39,15.65,5322164,32.62,32.67,32.1,32.64,2551800,2026-02-21T03:46:34Z
SO,2009-07-28,15.34,15.63,15.27,15.62,11216445,32,32.6,31.84,32.58,5377900,2026-02-21T03:46:34Z
SO,2009-07-29,15.25,15.5,15.03,15.37,15776106,31.81,32.32,31.34,32.05,7564100,2026-02-21T03:46:34Z
SO,2009-07-30,15.48,15.58,15.3,15.39,11256312,31.85,32.04,31.47,31.66,5472300,2026-02-21T03:46:34Z
SO,2009-07-31,15.27,15.47,15.24,15.45,11779628,31.4,31.83,31.34,31.78,5726700,2026-02-21T03:46:34Z
SO,2009-08-03,15.2,15.35,15.09,15.35,10510506,31.26,31.58,31.03,31.58,5109700,2026-02-21T03:46:34Z
SO,2009-08-04,15.24,15.28,15.11,15.16,8989143,31.35,31.43,31.09,31.18,4370100,2026-02-21T03:46:34Z
SO,2009-08-05,15.19,15.3,15.1,15.26,6832014,31.24,31.48,31.05,31.38,3321400,2026-02-21T03:46:34Z
SO,2009-08-06,15.22,15.27,15.03,15.17,9587959,31.31,31.41,30.92,31.2,4661200,2026-02-21T03:46:34Z
SO,2009-08-07,15.32,15.38,15.12,15.29,6920035,31.51,31.63,31.11,31.44,3364200,2026-02-21T03:46:34Z
SO,2009-08-10,15.24,15.28,15.09,15.24,5734627,31.34,31.42,31.03,31.34,2787900,2026-02-21T03:46:34Z
SO,2009-08-11,15.18,15.24,15.11,15.17,4181388,31.23,31.34,31.09,31.2,2032800,2026-02-21T03:46:34Z
SO,2009-08-12,15.27,15.38,15.08,15.15,8121910,31.41,31.63,31.02,31.16,3948500,2026-02-21T03:46:34Z
SO,2009-08-13,15.25,15.36,15.16,15.29,7231066,31.37,31.6,31.18,31.44,3515400,2026-02-21T03:46:34Z
SO,2009-08-14,15.3,15.31,15.11,15.23,4504970,31.47,31.49,31.07,31.33,2190100,2026-02-21T03:46:34Z
SO,2009-08-17,15.11,15.26,15.06,15.21,6271496,31.08,31.38,30.97,31.28,3048900,2026-02-21T03:46:34Z
SO,2009-08-18,15.02,15.16,14.97,15.16,5155772,30.89,31.19,30.8,31.19,2506500,2026-02-21T03:46:34Z
SO,2009-08-19,15.12,15.17,14.95,14.95,7883504,31.1,31.2,30.76,30.76,3832600,2026-02-21T03:46:34Z
SO,2009-08-20,15.24,15.24,15.08,15.15,6415263,31.35,31.35,31.02,31.17,3118800,2026-02-21T03:46:34Z
SO,2009-08-21,15.32,15.39,15.04,15.29,15542824,31.51,31.65,30.94,31.46,7556200,2026-02-21T03:46:34Z
SO,2009-08-24,15.35,15.38,15.24,15.33,5513905,31.58,31.64,31.35,31.53,2680600,2026-02-21T03:46:34Z
SO,2009-08-25,15.33,15.4,15.28,15.37,8739637,31.53,31.68,31.43,31.61,4248800,2026-02-21T03:46:34Z
SO,2009-08-26,15.38,15.44,15.28,15.35,6119480,31.63,31.75,31.43,31.57,2975000,2026-02-21T03:46:34Z
SO,2009-08-27,15.34,15.41,15.29,15.39,7421731,31.56,31.69,31.44,31.66,3608100,2026-02-21T03:46:34Z
SO,2009-08-28,15.35,15.4,15.23,15.4,6215948,31.58,31.67,31.32,31.67,3021900,2026-02-21T03:46:34Z
SO,2009-08-31,15.17,15.35,15.14,15.29,9836186,31.2,31.57,31.14,31.46,4781900,2026-02-21T03:46:34Z
SO,2009-09-01,15.13,15.27,15.07,15.15,10182378,31.12,31.41,31,31.16,4950200,2026-02-21T03:46:34Z
SO,2009-09-02,15.1,15.14,14.94,15.11,9462641,31.07,31.14,30.72,31.07,4600300,2026-02-21T03:46:34Z
SO,2009-09-03,15.13,15.21,14.94,15.14,7295049,31.13,31.28,30.73,31.14,3546500,2026-02-21T03:46:34Z
SO,2009-09-04,15.27,15.29,15.03,15.12,7045736,31.42,31.45,30.92,31.1,3425300,2026-02-21T03:46:34Z
SO,2009-09-08,15.28,15.43,15.23,15.36,9670033,31.44,31.74,31.32,31.6,4701100,2026-02-21T03:46:34Z
SO,2009-09-09,15.14,15.32,15.11,15.31,6820882,31.15,31.51,31.07,31.49,3316000,2026-02-21T03:46:34Z
SO,2009-09-10,15.17,15.23,15.03,15.12,8769276,31.21,31.33,30.91,31.1,4263200,2026-02-21T03:46:34Z
SO,2009-09-11,15.09,15.26,15.06,15.17,8128320,31.03,31.38,30.98,31.2,3951600,2026-02-21T03:46:34Z
SO,2009-09-14,15.32,15.33,15.06,15.06,7062816,31.52,31.53,30.98,30.98,3433600,2026-02-21T03:46:34Z
SO,2009-09-15,15.54,15.54,15.26,15.33,11518632,31.96,31.97,31.39,31.54,5599800,2026-02-21T03:46:34Z
SO,2009-09-16,15.63,15.72,15.39,15.56,10301888,32.16,32.34,31.65,32,5008300,2026-02-21T03:46:34Z
SO,2009-09-17,15.59,15.66,15.5,15.6,9173053,32.07,32.22,31.88,32.08,4459500,2026-02-21T03:46:34Z
SO,2009-09-18,15.57,15.71,15.57,15.69,12005053,32.03,32.32,32.03,32.27,5836300,2026-02-21T03:46:34Z
SO,2009-09-21,15.58,15.64,15.51,15.54,5582003,32.04,32.17,31.9,31.97,2713700,2026-02-21T03:46:34Z
SO,2009-09-22,15.45,15.63,15.4,15.63,6702418,31.79,32.15,31.67,32.15,3258400,2026-02-21T03:46:34Z
SO,2009-09-23,15.46,15.68,15.41,15.44,8419585,31.81,32.25,31.7,31.75,4093200,2026-02-21T03:46:34Z
SO,2009-09-24,15.52,15.63,15.44,15.5,8037781,31.93,32.15,31.76,31.88,3907600,2026-02-21T03:46:34Z
SO,2009-09-25,15.51,15.6,15.39,15.5,8266729,31.9,32.09,31.65,31.89,4018900,2026-02-21T03:46:34Z
SO,2009-09-28,15.54,15.62,15.5,15.53,5493542,31.97,32.14,31.88,31.95,2670700,2026-02-21T03:46:34Z
SO,2009-09-29,15.54,15.6,15.41,15.6,4981151,31.97,32.09,31.69,32.09,2421600,2026-02-21T03:46:34Z
SO,2009-09-30,15.4,15.56,15.33,15.54,10240785,31.67,32,31.53,31.97,4978600,2026-02-21T03:46:34Z
SO,2009-10-01,15.4,15.52,15.34,15.46,13441417,31.67,31.93,31.56,31.81,6534600,2026-02-21T03:46:34Z
SO,2009-10-02,15.43,15.48,15.32,15.42,8240017,31.73,31.85,31.51,31.71,4005900,2026-02-21T03:46:34Z
SO,2009-10-05,15.43,15.5,15.31,15.5,7084205,31.73,31.88,31.5,31.88,3444000,2026-02-21T03:46:34Z
SO,2009-10-06,15.5,15.5,15.32,15.45,6585178,31.89,31.89,31.52,31.77,3201400,2026-02-21T03:46:34Z
SO,2009-10-07,15.47,15.59,15.39,15.59,6332594,31.83,32.06,31.66,32.06,3078600,2026-02-21T03:46:34Z
SO,2009-10-08,15.47,15.54,15.45,15.5,5209878,31.82,31.97,31.77,31.89,2532800,2026-02-21T03:46:34Z
SO,2009-10-09,15.48,15.5,15.44,15.47,5429570,31.84,31.88,31.75,31.82,2639600,2026-02-21T03:46:34Z
SO,2009-10-12,15.52,15.56,15.45,15.51,4683300,31.92,32,31.78,31.9,2276800,2026-02-21T03:46:34Z
SO,2009-10-13,15.44,15.52,15.43,15.5,6198443,31.75,31.92,31.73,31.88,3013400,2026-02-21T03:46:34Z
SO,2009-10-14,15.48,15.54,15.39,15.54,6126044,31.85,31.96,31.65,31.96,2978200,2026-02-21T03:46:34Z
SO,2009-10-15,15.61,15.61,15.46,15.48,8288323,32.11,32.11,31.79,31.85,4029400,2026-02-21T03:46:34Z
SO,2009-10-16,15.8,15.85,15.51,15.56,10782800,32.5,32.6,31.9,32,5242100,2026-02-21T03:46:34Z
SO,2009-10-19,16.17,16.21,15.7,15.8,13171994,33.27,33.35,32.3,32.51,6403600,2026-02-21T03:46:34Z
SO,2009-10-20,16.15,16.21,16.01,16.2,12925593,33.21,33.34,32.93,33.33,6283800,2026-02-21T03:46:34Z
SO,2009-10-21,16.28,16.42,16.12,16.14,13941087,33.48,33.78,33.15,33.2,6777500,2026-02-21T03:46:34Z
SO,2009-10-22,16.18,16.34,16.07,16.3,9360411,33.28,33.6,33.06,33.52,4550600,2026-02-21T03:46:34Z
SO,2009-10-23,15.88,16.21,15.82,16.17,9703746,32.67,33.35,32.54,33.26,4717500,2026-02-21T03:46:34Z
SO,2009-10-26,15.84,16.12,15.73,15.92,10531435,32.58,33.15,32.35,32.75,5119900,2026-02-21T03:46:34Z
SO,2009-10-27,15.87,16.01,15.81,15.85,8819237,32.65,32.93,32.53,32.61,4287500,2026-02-21T03:46:34Z
SO,2009-10-28,15.81,16.1,15.77,15.88,17976389,32.53,33.12,32.44,32.66,8739300,2026-02-21T03:46:34Z
SO,2009-10-29,15.63,15.94,15.47,15.94,12980399,31.71,32.34,31.4,32.34,6396500,2026-02-21T03:46:34Z
SO,2009-10-30,15.37,15.63,15.34,15.61,15582012,31.19,31.71,31.13,31.68,7678500,2026-02-21T03:46:34Z
SO,2009-11-02,15.3,15.52,15.24,15.42,12644580,31.04,31.5,30.93,31.3,6231000,2026-02-21T03:46:34Z
SO,2009-11-03,15.27,15.35,15.22,15.26,7211511,30.99,31.14,30.89,30.96,3553700,2026-02-21T03:46:34Z
SO,2009-11-04,15.37,15.52,15.27,15.29,9778811,31.19,31.5,30.99,31.03,4818800,2026-02-21T03:46:34Z
SO,2009-11-05,15.52,15.53,15.38,15.46,7108837,31.5,31.52,31.2,31.37,3503100,2026-02-21T03:46:34Z
SO,2009-11-06,15.57,15.58,15.4,15.45,6393936,31.59,31.62,31.25,31.36,3150800,2026-02-21T03:46:34Z
SO,2009-11-09,15.81,15.83,15.53,15.53,6941844,32.09,32.12,31.52,31.52,3420800,2026-02-21T03:46:34Z
SO,2009-11-10,15.87,15.94,15.7,15.75,8108088,32.2,32.34,31.85,31.97,3995500,2026-02-21T03:46:34Z
SO,2009-11-11,15.75,15.95,15.71,15.92,10741491,31.97,32.36,31.89,32.3,5293200,2026-02-21T03:46:34Z
SO,2009-11-12,15.57,15.78,15.53,15.76,8764774,31.59,32.02,31.52,31.99,4319100,2026-02-21T03:46:34Z
SO,2009-11-13,15.56,15.72,15.53,15.57,9467303,31.58,31.9,31.52,31.59,4665300,2026-02-21T03:46:34Z
SO,2009-11-16,15.72,15.73,15.6,15.61,9764793,31.9,31.93,31.66,31.67,4811900,2026-02-21T03:46:34Z
SO,2009-11-17,15.66,15.78,15.65,15.75,6242753,31.77,32.03,31.75,31.96,3076300,2026-02-21T03:46:34Z
SO,2009-11-18,15.63,15.74,15.54,15.65,8274879,31.72,31.95,31.53,31.75,4077700,2026-02-21T03:46:34Z
SO,2009-11-19,15.52,15.66,15.48,15.62,8995663,31.49,31.78,31.41,31.7,4432900,2026-02-21T03:46:34Z
SO,2009-11-20,15.47,15.56,15.44,15.52,12559756,31.4,31.57,31.33,31.5,6189200,2026-02-21T03:46:34Z
SO,2009-11-23,15.7,15.78,15.52,15.61,8598126,31.85,32.03,31.5,31.68,4237000,2026-02-21T03:46:34Z
SO,2009-11-24,15.76,15.76,15.62,15.72,10451522,31.98,31.99,31.7,31.9,5150300,2026-02-21T03:46:34Z
SO,2009-11-25,15.78,15.81,15.63,15.75,9783640,32.03,32.08,31.72,31.96,4821200,2026-02-21T03:46:34Z
SO,2009-11-27,15.58,15.75,15.47,15.7,6788414,31.61,31.96,31.4,31.86,3345200,2026-02-21T03:46:34Z
SO,2009-11-30,15.81,15.84,15.57,15.58,18088611,32.09,32.15,31.6,31.62,8913700,2026-02-21T03:46:34Z
SO,2009-12-01,15.97,16.02,15.84,15.9,12419944,32.41,32.5,32.15,32.26,6120300,2026-02-21T03:46:34Z
SO,2009-12-02,16.08,16.11,15.97,15.98,15017800,32.64,32.69,32.41,32.42,7400500,2026-02-21T03:46:34Z
SO,2009-12-03,16.33,16.44,16.04,16.1,11927027,33.13,33.37,32.55,32.68,5877400,2026-02-21T03:46:34Z
SO,2009-12-04,16.18,16.45,16.04,16.33,16018475,32.83,33.39,32.54,33.14,7893600,2026-02-21T03:46:34Z
SO,2009-12-07,16.27,16.41,16.16,16.21,13062799,33.01,33.31,32.79,32.9,6437100,2026-02-21T03:46:34Z
SO,2009-12-08,16.35,16.39,16.14,16.27,10318404,33.17,33.25,32.75,33.02,5084700,2026-02-21T03:46:34Z
SO,2009-12-09,16.55,16.55,16.34,16.39,10898544,33.58,33.58,33.15,33.25,5370600,2026-02-21T03:46:34Z
SO,2009-12-10,16.65,16.71,16.49,16.49,10474862,33.78,33.92,33.47,33.47,5161800,2026-02-21T03:46:34Z
SO,2009-12-11,16.86,16.88,16.63,16.68,10010774,34.22,34.26,33.75,33.85,4933100,2026-02-21T03:46:34Z
SO,2009-12-14,16.84,16.99,16.75,16.99,6578997,34.17,34.47,34,34.47,3242000,2026-02-21T03:46:34Z
SO,2009-12-15,16.8,16.86,16.64,16.81,7080642,34.1,34.22,33.77,34.12,3489200,2026-02-21T03:46:34Z
SO,2009-12-16,16.7,16.9,16.51,16.79,7754164,33.88,34.29,33.51,34.08,3821100,2026-02-21T03:46:34Z
SO,2009-12-17,16.51,16.73,16.46,16.73,11138865,33.5,33.94,33.41,33.94,5489000,2026-02-21T03:46:34Z
SO,2009-12-18,16.65,16.67,16.49,16.54,10644872,33.79,33.83,33.47,33.56,5245600,2026-02-21T03:46:34Z
SO,2009-12-21,16.63,16.76,16.61,16.66,6220828,33.74,34.02,33.71,33.8,3065500,2026-02-21T03:46:34Z
SO,2009-12-22,16.46,16.73,16.44,16.68,6273166,33.4,33.94,33.36,33.85,3091300,2026-02-21T03:46:34Z
SO,2009-12-23,16.4,16.55,16.36,16.48,7939014,33.29,33.59,33.19,33.45,3912200,2026-02-21T03:46:34Z
SO,2009-12-24,16.48,16.53,16.38,16.41,2692478,33.45,33.55,33.23,33.3,1326800,2026-02-21T03:46:34Z
SO,2009-12-28,16.48,16.55,16.41,16.47,4970970,33.44,33.59,33.31,33.43,2449600,2026-02-21T03:46:34Z
SO,2009-12-29,16.52,16.55,16.45,16.5,3630217,33.52,33.59,33.39,33.48,1788900,2026-02-21T03:46:34Z
SO,2009-12-30,16.6,16.61,16.42,16.47,4187880,33.68,33.7,33.33,33.42,2063700,2026-02-21T03:46:34Z
SO,2009-12-31,16.42,16.63,16.36,16.57,6567445,33.32,33.75,33.19,33.62,3236300,2026-02-21T03:46:34Z
SO,2010-01-04,16.38,16.54,16.35,16.45,10388431,33.25,33.56,33.17,33.38,5119200,2026-02-21T03:46:34Z
