ticker,tradeDate,clsPx,hiPx,loPx,open,stockVolume,unadjClsPx,unadjHiPx,unadjLoPx,unadjOpen,unadjStockVolume,updatedAt
SPY,2006-01-03,87.72,87.93,86.12,86.61,106007476,126.7,127,124.39,125.1,73393904,2025-12-23T03:47:22Z
SPY,2006-01-04,88.14,88.27,87.72,87.83,75458037,127.3,127.49,126.7,126.86,52243100,2025-12-23T03:47:22Z
SPY,2006-01-05,88.19,88.34,87.84,88.05,68333410,127.38,127.59,126.88,127.17,47310400,2025-12-23T03:47:22Z
SPY,2006-01-06,88.92,89.02,88.18,88.65,90841198,128.44,128.58,127.36,128.04,62893600,2025-12-23T03:47:22Z
SPY,2006-01-09,89.15,89.35,88.88,88.91,62879755,128.77,129.06,128.38,128.42,43534600,2025-12-23T03:47:22Z
SPY,2006-01-10,89.24,89.3,88.8,88.89,64944905,128.9,128.98,128.26,128.39,44964400,2025-12-23T03:47:22Z
SPY,2006-01-11,89.53,89.62,89.13,89.33,71651779,129.31,129.44,128.73,129.02,49607900,2025-12-23T03:47:22Z
SPY,2006-01-12,89.17,89.51,88.92,89.37,58510107,128.8,129.28,128.44,129.08,40509300,2025-12-23T03:47:22Z
SPY,2006-01-13,89.09,89.24,88.76,89.02,64796125,128.68,128.9,128.2,128.57,44861400,2025-12-23T03:47:22Z
SPY,2006-01-17,88.85,88.91,88.49,88.76,75369425,128.33,128.42,127.81,128.2,52181800,2025-12-23T03:47:22Z
SPY,2006-01-18,88.47,89.24,88.04,88.33,109034376,127.79,128.9,127.16,127.58,75489600,2025-12-23T03:47:22Z
SPY,2006-01-19,88.83,89.15,88.49,88.68,112732101,128.31,128.77,127.81,128.09,78049696,2025-12-23T03:47:22Z
SPY,2006-01-20,87.21,88.83,87.22,88.81,166557051,125.97,128.31,125.97,128.28,115315200,2025-12-23T03:47:22Z
SPY,2006-01-23,87.53,87.8,87.33,87.38,96909363,126.42,126.82,126.13,126.21,67094900,2025-12-23T03:47:22Z
SPY,2006-01-24,87.62,88.03,87.53,87.67,76571296,126.55,127.15,126.42,126.63,53013900,2025-12-23T03:47:22Z
SPY,2006-01-25,87.69,88.05,87.12,87.96,126803867,126.66,127.18,125.84,127.04,87792200,2025-12-23T03:47:22Z
SPY,2006-01-26,88.18,88.39,87.83,88.12,103077233,127.36,127.67,126.86,127.28,71365200,2025-12-23T03:47:22Z
SPY,2006-01-27,88.99,89.08,88.24,88.39,95031475,128.54,128.66,127.45,127.66,65794700,2025-12-23T03:47:22Z
SPY,2006-01-30,88.92,89.18,88.86,88.92,48691506,128.44,128.81,128.35,128.44,33711400,2025-12-23T03:47:22Z
SPY,2006-01-31,88.27,88.99,88.27,88.84,105628003,127.5,128.54,127.49,128.32,73131200,2025-12-23T03:47:22Z
SPY,2006-02-01,88.89,88.92,88.43,88.5,91810928,128.39,128.43,127.72,127.82,63565000,2025-12-23T03:47:22Z
SPY,2006-02-02,87.86,88.72,87.79,88.69,120790056,126.9,128.14,126.8,128.1,83628600,2025-12-23T03:47:22Z
SPY,2006-02-03,87.42,88.89,87.33,87.64,124276930,126.27,128.39,126.14,126.58,86042704,2025-12-23T03:47:22Z
SPY,2006-02-06,87.65,87.79,87.35,87.54,65740897,126.6,126.8,126.17,126.44,45515500,2025-12-23T03:47:22Z
SPY,2006-02-07,86.88,87.69,86.82,87.5,102878760,125.48,126.66,125.4,126.38,71227800,2025-12-23T03:47:22Z
SPY,2006-02-08,87.66,88.69,86.96,87.15,85833191,126.62,128.1,125.6,125.88,59426300,2025-12-23T03:47:22Z
SPY,2006-02-09,87.52,88.34,87.49,87.87,89587102,126.41,127.6,126.37,126.92,62025300,2025-12-23T03:47:22Z
SPY,2006-02-10,87.68,88.02,86.86,87.53,93175409,126.64,127.13,125.45,126.43,64509700,2025-12-23T03:47:22Z
SPY,2006-02-13,87.52,87.78,87.2,87.63,75565506,126.41,126.79,125.95,126.57,52317500,2025-12-23T03:47:22Z
SPY,2006-02-14,88.45,88.64,85.6,87.55,131429075,127.75,128.03,123.64,126.46,90994496,2025-12-23T03:47:22Z
SPY,2006-02-15,88.76,88.84,88.09,88.39,123454691,128.2,128.32,127.24,127.66,85473400,2025-12-23T03:47:22Z
SPY,2006-02-16,89.42,89.46,88.75,88.86,88157280,129.16,129.21,128.18,128.34,61035400,2025-12-23T03:47:22Z
SPY,2006-02-17,89.18,89.42,89.02,89.38,58273825,128.81,129.16,128.58,129.09,40345700,2025-12-23T03:47:22Z
SPY,2006-02-21,88.96,89.59,88.82,89.4,67107730,128.49,129.4,128.29,129.12,46461800,2025-12-23T03:47:22Z
SPY,2006-02-22,89.5,89.76,89.07,89.15,61152567,129.27,129.65,128.65,128.77,42338800,2025-12-23T03:47:22Z
SPY,2006-02-23,89.37,89.76,88.81,89.5,62757871,129.08,129.64,128.28,129.27,43450200,2025-12-23T03:47:22Z
SPY,2006-02-24,89.6,89.64,89.15,89.39,53127562,129.41,129.48,128.76,129.11,36782700,2025-12-23T03:47:22Z
SPY,2006-02-27,89.63,90.03,89.51,89.59,51823895,129.46,130.04,129.28,129.4,35880100,2025-12-23T03:47:22Z
SPY,2006-02-28,88.78,89.94,88.71,89.45,107456294,128.23,129.91,128.13,129.2,74397000,2025-12-23T03:47:22Z
SPY,2006-03-01,89.57,89.65,88.97,89.04,68205416,129.37,129.49,128.5,128.6,47221800,2025-12-23T03:47:22Z
SPY,2006-03-02,89.56,89.6,89.04,89.24,87592649,129.36,129.42,128.61,128.9,60644500,2025-12-23T03:47:22Z
SPY,2006-03-03,89.15,90.05,89.07,89.08,106059973,128.76,130.07,128.65,128.66,73430304,2025-12-23T03:47:22Z
SPY,2006-03-06,88.74,89.44,88.52,89.41,83020669,128.17,129.18,127.85,129.14,57479100,2025-12-23T03:47:22Z
SPY,2006-03-07,88.6,88.66,88.2,88.56,89239545,127.97,128.06,127.4,127.92,61784700,2025-12-23T03:47:22Z
SPY,2006-03-08,88.79,88.92,88.05,88.41,96346433,128.24,128.44,127.18,127.7,66705100,2025-12-23T03:47:22Z
SPY,2006-03-09,88.19,89.09,88.19,88.85,81640617,127.38,128.68,127.38,128.33,56523600,2025-12-23T03:47:22Z
SPY,2006-03-10,89.03,89.2,88.23,88.43,87371650,128.59,128.84,127.44,127.72,60491500,2025-12-23T03:47:22Z
SPY,2006-03-13,89.19,89.42,88.99,89.2,66026910,128.83,129.16,128.53,128.84,45713500,2025-12-23T03:47:22Z
SPY,2006-03-14,90.13,90.16,89.04,89.11,100931641,130.18,130.23,128.61,128.71,69879696,2025-12-23T03:47:22Z
SPY,2006-03-15,90.53,90.6,89.9,90.11,77139774,130.76,130.86,129.85,130.15,53407500,2025-12-23T03:47:22Z
SPY,2006-03-16,90.72,91.02,90.59,90.68,96893056,131.03,131.47,130.84,130.98,67083600,2025-12-23T03:47:22Z
SPY,2006-03-17,90.79,90.99,90.63,90.84,68028520,130.62,130.9,130.38,130.68,47286800,2025-12-23T03:47:22Z
SPY,2006-03-20,90.65,90.99,90.51,90.81,65517256,130.41,130.9,130.21,130.64,45541200,2025-12-23T03:47:22Z
SPY,2006-03-21,90.08,91.05,89.98,90.6,125743513,129.59,130.99,129.45,130.34,87404600,2025-12-23T03:47:22Z
SPY,2006-03-22,90.63,90.72,89.98,90.02,74250316,130.38,130.51,129.45,129.51,51611600,2025-12-23T03:47:22Z
SPY,2006-03-23,90.44,90.63,90.13,90.53,67381712,130.11,130.39,129.66,130.24,46837200,2025-12-23T03:47:22Z
SPY,2006-03-24,90.51,90.76,90.18,90.36,62168814,130.21,130.57,129.74,129.99,43213700,2025-12-23T03:47:22Z
SPY,2006-03-27,90.38,90.56,90.18,90.38,46789036,130.02,130.28,129.74,130.03,32523200,2025-12-23T03:47:22Z
SPY,2006-03-28,89.82,90.73,89.17,90.31,118087127,129.22,130.53,128.29,129.93,82082704,2025-12-23T03:47:22Z
SPY,2006-03-29,90.38,90.71,89.87,89.95,88523325,130.03,130.5,129.29,129.41,61532800,2025-12-23T03:47:22Z
SPY,2006-03-30,90.22,91.04,90.05,90.44,101528635,129.8,130.98,129.55,130.11,70572800,2025-12-23T03:47:22Z
SPY,2006-03-31,90.25,90.53,89.92,90.38,90527179,129.83,130.24,129.37,130.02,62925700,2025-12-23T03:47:22Z
SPY,2006-04-03,90.18,90.97,90.01,90.41,88660686,129.73,130.87,129.49,130.07,61628300,2025-12-23T03:47:22Z
SPY,2006-04-04,90.75,90.87,89.92,90.17,78852526,130.56,130.73,129.36,129.72,54810600,2025-12-23T03:47:22Z
SPY,2006-04-05,91.07,91.25,90.63,90.79,72809960,131.01,131.28,130.38,130.61,50610400,2025-12-23T03:47:22Z
SPY,2006-04-06,90.97,91.2,90.5,90.95,83312856,130.87,131.21,130.19,130.85,57911000,2025-12-23T03:47:22Z
SPY,2006-04-07,90.04,91.34,89.91,91.1,115355319,129.54,131.4,129.35,131.06,80183800,2025-12-23T03:47:22Z
SPY,2006-04-10,90.18,90.42,89.85,90.16,59756652,129.74,130.08,129.26,129.71,41537000,2025-12-23T03:47:22Z
SPY,2006-04-11,89.42,90.41,89.15,90.26,104740354,128.64,130.06,128.25,129.85,72805296,2025-12-23T03:47:22Z
SPY,2006-04-12,89.58,89.76,89.4,89.51,61936055,128.88,129.13,128.61,128.77,43051900,2025-12-23T03:47:22Z
SPY,2006-04-13,89.47,89.84,89.19,89.38,73481064,128.71,129.25,128.31,128.59,51076900,2025-12-23T03:47:22Z
SPY,2006-04-17,89.43,89.88,88.99,89.52,92317020,128.66,129.31,128.02,128.79,64169800,2025-12-23T03:47:22Z
SPY,2006-04-18,90.85,91.02,89.56,89.63,133310261,130.7,130.94,128.84,128.95,92664304,2025-12-23T03:47:22Z
SPY,2006-04-19,91.02,91.11,90.53,90.86,125554535,130.95,131.07,130.24,130.72,87273296,2025-12-23T03:47:22Z
SPY,2006-04-20,91.15,91.66,90.78,91.06,123755108,131.13,131.86,130.6,131,86022496,2025-12-23T03:47:22Z
SPY,2006-04-21,91.16,91.61,90.79,91.57,104098730,131.15,131.79,130.62,131.73,72359296,2025-12-23T03:47:22Z
SPY,2006-04-24,91,91.11,90.63,91.01,75597024,130.91,131.07,130.38,130.93,52547700,2025-12-23T03:47:22Z
SPY,2006-04-25,90.62,91.14,90.31,91.09,121363988,130.37,131.12,129.92,131.04,84360400,2025-12-23T03:47:22Z
SPY,2006-04-26,90.64,91.16,90.57,90.71,96772579,130.4,131.14,130.3,130.5,67266896,2025-12-23T03:47:22Z
SPY,2006-04-27,91.08,91.5,90.08,90.29,179261864,131.03,131.63,129.59,129.9,124605400,2025-12-23T03:47:22Z
SPY,2006-04-28,91.39,91.58,90.86,90.91,80355132,131.47,131.75,130.71,130.79,55855100,2025-12-23T03:47:22Z
SPY,2006-05-01,90.64,91.61,90.59,91.39,93520842,130.4,131.8,130.32,131.47,65006600,2025-12-23T03:47:22Z
SPY,2006-05-02,91.32,91.38,90.88,91.06,67309907,131.38,131.46,130.74,131.01,46787300,2025-12-23T03:47:22Z
SPY,2006-05-03,90.98,91.28,90.68,91.21,87504468,130.89,131.32,130.45,131.22,60824600,2025-12-23T03:47:22Z
SPY,2006-05-04,91.31,91.49,90.6,91.11,61768562,131.36,131.62,130.34,131.08,42935500,2025-12-23T03:47:22Z
SPY,2006-05-05,92.11,92.31,91.65,91.79,89748335,132.52,132.8,131.85,132.05,62384300,2025-12-23T03:47:22Z
SPY,2006-05-08,92,92.29,92,92.11,43183975,132.36,132.77,132.36,132.51,30017300,2025-12-23T03:47:22Z
SPY,2006-05-09,92.18,92.29,91.97,92.05,42964880,132.62,132.77,132.31,132.42,29865000,2025-12-23T03:47:22Z
SPY,2006-05-10,92.14,92.28,91.68,92.04,92658789,132.55,132.75,131.89,132.41,64407400,2025-12-23T03:47:22Z
SPY,2006-05-11,91.02,92.14,90.72,92.11,116033635,130.95,132.55,130.52,132.51,80655296,2025-12-23T03:47:22Z
SPY,2006-05-12,89.84,90.86,89.8,90.7,131970971,129.24,130.72,129.19,130.48,91733400,2025-12-23T03:47:22Z
SPY,2006-05-15,90.02,90.18,89.4,89.52,120905015,129.5,129.74,128.61,128.79,84041400,2025-12-23T03:47:22Z
SPY,2006-05-16,89.88,90.36,89.67,90.2,89393151,129.31,130,129.01,129.76,62137400,2025-12-23T03:47:22Z
SPY,2006-05-17,88.17,89.74,88.12,89.44,205385577,126.85,129.1,126.77,128.67,142764096,2025-12-23T03:47:22Z
SPY,2006-05-18,87.73,88.8,87.66,88.54,126490393,126.21,127.75,126.11,127.38,87923800,2025-12-23T03:47:22Z
SPY,2006-05-19,88.35,88.62,87.44,88.19,178867197,127.1,127.49,125.8,126.87,124331000,2025-12-23T03:47:22Z
SPY,2006-05-22,87.67,88.4,87.23,87.78,159512542,126.13,127.17,125.5,126.28,110877600,2025-12-23T03:47:22Z
SPY,2006-05-23,87.01,88.72,87.01,88.4,130579412,125.17,127.63,125.17,127.18,90766096,2025-12-23T03:47:22Z
SPY,2006-05-24,87.7,88.2,86.72,87.36,240459567,126.17,126.89,124.76,125.68,167144096,2025-12-23T03:47:22Z
SPY,2006-05-25,88.79,88.78,87.88,88.22,113641158,127.73,127.73,126.43,126.92,78992304,2025-12-23T03:47:22Z
SPY,2006-05-26,89.24,89.24,88.63,88.97,90622424,128.38,128.38,127.51,128,62991900,2025-12-23T03:47:22Z
SPY,2006-05-30,87.65,88.97,87.62,88.95,104222930,126.1,128,126.05,127.97,72445600,2025-12-23T03:47:22Z
SPY,2006-05-31,88.63,88.63,87.72,87.99,125067345,127.51,127.51,126.2,126.58,86934600,2025-12-23T03:47:22Z
SPY,2006-06-01,89.48,89.63,88.47,88.54,105480495,128.73,128.94,127.27,127.38,73319800,2025-12-23T03:47:22Z
SPY,2006-06-02,89.67,89.97,89.2,89.84,131890938,129,129.43,128.32,129.25,91677696,2025-12-23T03:47:22Z
SPY,2006-06-05,88.36,89.57,88.12,89.52,123894150,127.12,128.86,126.77,128.79,86119200,2025-12-23T03:47:22Z
SPY,2006-06-06,88.15,88.54,87.42,88.42,188285636,126.81,127.38,125.76,127.21,130877904,2025-12-23T03:47:22Z
SPY,2006-06-07,87.49,88.73,87.44,88.22,156241833,125.86,127.65,125.79,126.91,108604096,2025-12-23T03:47:22Z
SPY,2006-06-08,87.41,87.93,86.1,87.29,294863776,125.75,126.5,123.87,125.58,204960704,2025-12-23T03:47:22Z
SPY,2006-06-09,87.13,88.25,87.09,87.83,136636972,125.35,126.96,125.29,126.36,94976704,2025-12-23T03:47:22Z
SPY,2006-06-12,86.19,87.53,86.07,87.5,137928082,123.99,125.93,123.82,125.88,95874200,2025-12-23T03:47:22Z
SPY,2006-06-13,85.18,86.78,85.19,86.04,267153881,122.55,124.84,122.55,123.78,185699296,2025-12-23T03:47:22Z
SPY,2006-06-14,85.85,85.94,85.04,85.39,235436955,123.5,123.63,122.34,122.84,163652896,2025-12-23T03:47:22Z
SPY,2006-06-15,87.67,87.83,86.09,86.14,193424481,126.12,126.36,123.86,123.92,134449792,2025-12-23T03:47:22Z
SPY,2006-06-16,87.03,87.66,86.89,87.41,135016262,124.65,125.56,124.46,125.19,94265400,2025-12-23T03:47:22Z
SPY,2006-06-19,86.34,87.61,86.26,87.55,137240050,123.67,125.48,123.55,125.4,95817904,2025-12-23T03:47:22Z
SPY,2006-06-20,86.64,87.14,86.38,86.58,93842407,124.09,124.81,123.72,124.01,65518700,2025-12-23T03:47:22Z
SPY,2006-06-21,87.28,87.76,86.55,86.57,107477941,125.01,125.7,123.96,124,75038704,2025-12-23T03:47:22Z
SPY,2006-06-22,86.9,87.31,86.6,87.24,107415493,124.46,125.06,124.04,124.95,74995104,2025-12-23T03:47:22Z
SPY,2006-06-23,86.88,87.48,86.59,86.8,77505366,124.44,125.3,124.03,124.33,54112500,2025-12-23T03:47:22Z
SPY,2006-06-26,87.27,87.31,86.75,86.95,54291643,124.99,125.06,124.25,124.54,37905200,2025-12-23T03:47:22Z
SPY,2006-06-27,86.51,87.47,86.41,87.28,99947334,123.91,125.29,123.77,125.01,69781000,2025-12-23T03:47:22Z
SPY,2006-06-28,87.1,87.11,86.33,86.71,89329803,124.75,124.77,123.65,124.19,62368100,2025-12-23T03:47:22Z
SPY,2006-06-29,88.86,88.91,87.39,87.41,158552995,127.27,127.35,125.17,125.2,110698200,2025-12-23T03:47:22Z
SPY,2006-06-30,88.83,89.13,88.64,89,77673450,127.23,127.66,126.96,127.47,54229900,2025-12-23T03:47:22Z
SPY,2006-07-03,89.23,89.37,88.89,88.97,34283827,127.8,128.01,127.31,127.43,23936200,2025-12-23T03:47:22Z
SPY,2006-07-05,88.72,88.98,88.33,88.87,99764762,127.07,127.45,126.52,127.29,69653504,2025-12-23T03:47:22Z
SPY,2006-07-06,88.98,89.26,88.72,88.81,73462216,127.44,127.85,127.08,127.2,51289700,2025-12-23T03:47:22Z
SPY,2006-07-07,88.4,89.06,88.17,88.8,116916338,126.61,127.56,126.29,127.19,81628400,2025-12-23T03:47:22Z
SPY,2006-07-10,88.56,88.97,88.26,88.63,87313524,126.85,127.43,126.41,126.94,60960400,2025-12-23T03:47:22Z
SPY,2006-07-11,88.95,88.95,87.93,88.4,105382938,127.41,127.41,125.94,126.61,73576000,2025-12-23T03:47:22Z
SPY,2006-07-12,88.01,88.95,87.78,88.81,118252551,126.05,127.4,125.72,127.21,82561296,2025-12-23T03:47:22Z
SPY,2006-07-13,86.57,87.75,86.57,87.62,146783900,124,125.68,124,125.5,102481200,2025-12-23T03:47:22Z
SPY,2006-07-14,86.24,86.76,85.76,86.69,147875264,123.52,124.26,122.83,124.16,103243200,2025-12-23T03:47:22Z
SPY,2006-07-17,86.11,86.64,85.98,86.24,116431588,123.34,124.1,123.15,123.52,81289904,2025-12-23T03:47:22Z
SPY,2006-07-18,86.55,86.61,85.45,86.39,177171930,123.97,124.05,122.39,123.74,123697504,2025-12-23T03:47:22Z
SPY,2006-07-19,87.75,88.15,86.38,86.7,192502471,125.69,126.26,123.72,124.18,134400992,2025-12-23T03:47:22Z
SPY,2006-07-20,87.15,88.18,87.03,88.05,160908204,124.83,126.3,124.66,126.12,112342496,2025-12-23T03:47:22Z
SPY,2006-07-21,86.54,87.41,86.45,87.38,145477040,123.95,125.19,123.82,125.15,101568800,2025-12-23T03:47:22Z
SPY,2006-07-24,88.12,88.19,86.88,86.88,133046235,126.21,126.32,124.44,124.44,92889904,2025-12-23T03:47:22Z
SPY,2006-07-25,88.43,88.88,87.78,87.96,136820456,126.66,127.3,125.72,125.98,95525000,2025-12-23T03:47:22Z
SPY,2006-07-26,88.55,88.98,88.1,88.38,121069436,126.83,127.45,126.18,126.59,84528000,2025-12-23T03:47:22Z
SPY,2006-07-27,88.47,89.15,88.11,88.9,124978924,126.71,127.69,126.2,127.33,87257504,2025-12-23T03:47:22Z
SPY,2006-07-28,89.35,89.47,88.57,88.66,117645388,127.98,128.14,126.86,126.99,82137400,2025-12-23T03:47:22Z
SPY,2006-07-31,89.26,89.34,88.35,89.13,71026488,127.85,127.96,126.55,127.66,49589100,2025-12-23T03:47:22Z
SPY,2006-08-01,88.82,88.93,88.39,88.91,93422603,127.22,127.38,126.6,127.34,65225600,2025-12-23T03:47:22Z
SPY,2006-08-02,89.42,89.69,89.05,89.07,92798155,128.08,128.46,127.55,127.58,64789600,2025-12-23T03:47:22Z
SPY,2006-08-03,89.66,89.75,88.77,88.9,91290344,128.42,128.55,127.15,127.33,63736900,2025-12-23T03:47:22Z
SPY,2006-08-04,89.51,90.36,89,90.11,137926024,128.2,129.43,127.48,129.06,96296896,2025-12-23T03:47:22Z
SPY,2006-08-07,89.33,89.42,88.95,89.3,65075721,127.95,128.08,127.4,127.9,45434400,2025-12-23T03:47:22Z
SPY,2006-08-08,88.95,89.69,88.63,89.43,130193239,127.41,128.46,126.95,128.09,90898000,2025-12-23T03:47:22Z
SPY,2006-08-09,88.65,89.79,88.4,89.51,113031534,126.98,128.6,126.61,128.2,78916096,2025-12-23T03:47:22Z
SPY,2006-08-10,88.93,89.02,88.17,88.34,99293194,127.37,127.5,126.28,126.53,69324304,2025-12-23T03:47:22Z
SPY,2006-08-11,88.68,88.81,88.24,88.79,68019037,127.01,127.2,126.39,127.17,47489400,2025-12-23T03:47:22Z
SPY,2006-08-14,88.75,89.48,88.61,89.11,83137112,127.11,128.16,126.92,127.63,58044500,2025-12-23T03:47:22Z
SPY,2006-08-15,89.81,89.97,89.3,89.51,97618131,128.63,128.87,127.9,128.21,68154800,2025-12-23T03:47:22Z
SPY,2006-08-16,90.62,90.69,90.09,90.29,102781544,129.79,129.89,129.04,129.32,71759800,2025-12-23T03:47:22Z
SPY,2006-08-17,90.78,91.02,90.41,90.47,101732068,130.03,130.37,129.49,129.58,71027104,2025-12-23T03:47:22Z
SPY,2006-08-18,91.24,91.25,90.48,90.9,83486574,130.69,130.69,129.59,130.19,58288500,2025-12-23T03:47:22Z
SPY,2006-08-21,90.85,90.96,90.62,90.89,60348082,130.13,130.28,129.8,130.18,42133700,2025-12-23T03:47:22Z
SPY,2006-08-22,90.85,91.13,90.54,90.72,87141833,130.12,130.52,129.68,129.94,60840500,2025-12-23T03:47:22Z
SPY,2006-08-23,90.6,91.07,90.2,90.89,95427177,129.76,130.44,129.19,130.18,66625100,2025-12-23T03:47:22Z
SPY,2006-08-24,90.52,90.83,90.34,90.76,83049233,129.65,130.1,129.4,129.99,57983100,2025-12-23T03:47:22Z
SPY,2006-08-25,90.63,90.94,90.45,90.51,59809811,129.81,130.25,129.55,129.64,41757900,2025-12-23T03:47:22Z
SPY,2006-08-28,91.06,91.34,90.51,90.52,75452862,130.43,130.82,129.64,129.65,52679500,2025-12-23T03:47:22Z
SPY,2006-08-29,91.17,91.34,90.63,91.11,88540444,130.58,130.83,129.81,130.49,61817000,2025-12-23T03:47:22Z
SPY,2006-08-30,91.22,91.49,91.15,91.37,71691921,130.66,131.04,130.55,130.87,50053700,2025-12-23T03:47:22Z
SPY,2006-08-31,91.21,91.45,91.17,91.36,55235817,130.64,130.99,130.58,130.85,38564400,2025-12-23T03:47:22Z
SPY,2006-09-01,91.75,91.87,91.35,91.56,69897115,131.42,131.58,130.84,131.14,48800600,2025-12-23T03:47:22Z
SPY,2006-09-05,91.93,92.06,91.6,91.82,73761414,131.67,131.85,131.2,131.51,51498600,2025-12-23T03:47:22Z
SPY,2006-09-06,91.12,91.57,90.99,91.54,77051415,130.51,131.16,130.33,131.11,53795600,2025-12-23T03:47:22Z
SPY,2006-09-07,90.7,91.16,90.31,90.81,123608739,129.91,130.57,129.35,130.06,86300896,2025-12-23T03:47:22Z
SPY,2006-09-08,90.96,91.08,90.64,90.82,64600019,130.28,130.46,129.83,130.08,45102300,2025-12-23T03:47:22Z
SPY,2006-09-11,91.05,91.25,90.4,90.67,98109641,130.41,130.69,129.48,129.86,68498000,2025-12-23T03:47:22Z
SPY,2006-09-12,91.94,92.05,91.02,91.15,100117090,131.69,131.84,130.37,130.56,69899504,2025-12-23T03:47:22Z
SPY,2006-09-13,92.31,92.47,91.82,91.91,90110252,132.22,132.45,131.52,131.64,62913000,2025-12-23T03:47:22Z
SPY,2006-09-14,92.32,92.33,91.98,92.13,82804453,132.23,132.24,131.75,131.96,57812200,2025-12-23T03:47:22Z
SPY,2006-09-15,92.54,92.84,92.34,92.78,105617490,131.96,132.39,131.68,132.31,74064304,2025-12-23T03:47:22Z
SPY,2006-09-18,92.66,92.84,92.32,92.42,91310206,132.14,132.39,131.65,131.79,64031300,2025-12-23T03:47:22Z
SPY,2006-09-19,92.43,92.66,91.91,92.65,129194664,131.81,132.13,131.07,132.12,90597800,2025-12-23T03:47:22Z
SPY,2006-09-20,92.92,93.11,92.61,92.74,107255367,132.51,132.77,132.06,132.25,75212800,2025-12-23T03:47:22Z
SPY,2006-09-21,92.47,93.09,92.16,92.99,126840690,131.87,132.75,131.42,132.61,88947000,2025-12-23T03:47:22Z
SPY,2006-09-22,92.19,92.34,91.86,92.33,94073765,131.47,131.68,131,131.67,65969200,2025-12-23T03:47:22Z
SPY,2006-09-25,92.9,93.16,91.9,92.38,128364054,132.48,132.85,131.05,131.73,90015296,2025-12-23T03:47:22Z
SPY,2006-09-26,93.67,93.69,92.85,92.92,102300296,133.58,133.6,132.4,132.5,71738096,2025-12-23T03:47:22Z
SPY,2006-09-27,93.79,93.95,93.46,93.61,117552632,133.74,133.97,133.27,133.49,82433800,2025-12-23T03:47:22Z
SPY,2006-09-28,93.75,93.96,93.46,93.78,83567355,133.69,133.99,133.28,133.74,58601600,2025-12-23T03:47:22Z
SPY,2006-09-29,93.67,93.92,93.6,93.83,68437348,133.58,133.94,133.48,133.8,47991700,2025-12-23T03:47:22Z
SPY,2006-10-02,93.32,93.85,92.8,93.64,74787204,133.08,133.83,132.34,133.54,52444500,2025-12-23T03:47:22Z
SPY,2006-10-03,93.52,93.88,93.02,93.19,104257821,133.36,133.87,132.65,132.89,73110800,2025-12-23T03:47:22Z
SPY,2006-10-04,94.61,94.67,93.32,93.43,115355920,134.92,135,133.08,133.23,80893296,2025-12-23T03:47:22Z
SPY,2006-10-05,94.8,94.96,87.9,94.61,86474125,135.18,135.41,125.35,134.92,60640000,2025-12-23T03:47:22Z
SPY,2006-10-06,94.68,94.74,94.25,94.63,92694155,135.01,135.1,134.4,134.95,65001800,2025-12-23T03:47:22Z
SPY,2006-10-09,94.73,94.88,94.42,94.56,58720685,135.09,135.3,134.64,134.85,41177900,2025-12-23T03:47:22Z
SPY,2006-10-10,94.86,94.98,94.56,94.75,80468439,135.27,135.45,134.84,135.11,56428500,2025-12-23T03:47:22Z
SPY,2006-10-11,94.75,94.97,94.18,94.56,148417520,135.11,135.43,134.3,134.84,104077800,2025-12-23T03:47:22Z
SPY,2006-10-12,95.57,95.64,94.95,94.98,84382078,136.28,136.39,135.4,135.45,59172900,2025-12-23T03:47:22Z
SPY,2006-10-13,95.81,95.87,95.4,95.48,76927339,136.63,136.71,136.04,136.16,53945300,2025-12-23T03:47:22Z
SPY,2006-10-16,95.96,96.11,95.67,95.73,60353824,136.84,137.05,136.42,136.52,42323100,2025-12-23T03:47:22Z
SPY,2006-10-17,95.66,95.86,95.14,95.7,129463828,136.41,136.7,135.67,136.47,90786496,2025-12-23T03:47:22Z
SPY,2006-10-18,95.78,96.33,95.44,96.11,124595706,136.59,137.37,136.1,137.05,87372704,2025-12-23T03:47:22Z
SPY,2006-10-19,95.94,95.99,95.53,95.64,91382534,136.81,136.88,136.23,136.39,64082000,2025-12-23T03:47:22Z
SPY,2006-10-20,95.96,96.04,95.6,95.94,68591123,136.84,136.95,136.33,136.81,48099500,2025-12-23T03:47:22Z
SPY,2006-10-23,96.4,96.63,95.64,95.76,94451369,137.47,137.8,136.39,136.56,66234000,2025-12-23T03:47:22Z
SPY,2006-10-24,96.69,96.72,96.22,96.27,76087311,137.88,137.93,137.22,137.28,53356200,2025-12-23T03:47:22Z
SPY,2006-10-25,97.02,97.06,96.43,96.59,115152708,138.35,138.41,137.51,137.74,80750800,2025-12-23T03:47:22Z
SPY,2006-10-26,97.32,97.47,96.76,97.23,95327604,138.78,139,137.98,138.66,66848500,2025-12-23T03:47:22Z
SPY,2006-10-27,96.71,97.3,96.51,97.2,114423528,137.91,138.75,137.63,138.61,80239504,2025-12-23T03:47:22Z
SPY,2006-10-30,96.64,96.91,96.35,96.53,70899222,137.81,138.2,137.4,137.66,49718100,2025-12-23T03:47:22Z
SPY,2006-10-31,96.63,96.95,96.25,96.82,101671625,137.79,138.26,137.25,138.07,71297200,2025-12-23T03:47:22Z
SPY,2006-11-01,95.97,96.99,95.88,96.93,118369607,136.86,138.31,136.72,138.22,83006704,2025-12-23T03:47:22Z
SPY,2006-11-02,95.92,96.08,95.62,95.73,86565253,136.78,137.01,136.36,136.51,60703900,2025-12-23T03:47:22Z
SPY,2006-11-03,95.75,96.34,95.1,96.26,101741708,136.54,137.39,135.62,137.27,71346400,2025-12-23T03:47:22Z
SPY,2006-11-06,96.83,96.97,96.04,96.04,90287058,138.08,138.28,136.95,136.96,63313800,2025-12-23T03:47:22Z
SPY,2006-11-07,97.2,97.46,96.77,96.91,90361176,138.61,138.98,138,138.2,63365800,2025-12-23T03:47:22Z
SPY,2006-11-08,97.41,97.51,95.97,96.77,124807182,138.91,139.05,136.86,138,87521000,2025-12-23T03:47:22Z
SPY,2006-11-09,96.9,97.57,96.7,97.48,136780922,138.18,139.14,137.9,139.01,95917600,2025-12-23T03:47:22Z
SPY,2006-11-10,96.94,97.01,96.58,96.87,69863817,138.24,138.34,137.72,138.14,48992000,2025-12-23T03:47:22Z
SPY,2006-11-13,97.18,97.5,96.82,96.9,84725586,138.58,139.04,138.07,138.18,59413800,2025-12-23T03:47:22Z
SPY,2006-11-14,97.91,97.99,96.86,97.45,137903054,139.62,139.74,138.12,138.97,96704496,2025-12-23T03:47:22Z
SPY,2006-11-15,98.19,98.49,97.84,97.87,109117042,140.02,140.45,139.53,139.57,76518304,2025-12-23T03:47:22Z
SPY,2006-11-16,98.44,98.65,97.82,98.48,109445678,140.38,140.68,139.49,140.44,76748800,2025-12-23T03:47:22Z
SPY,2006-11-17,98.47,98.48,97.99,98.13,80366939,140.42,140.43,139.73,139.93,56357300,2025-12-23T03:47:22Z
SPY,2006-11-20,98.53,98.69,98.13,98.39,98660994,140.5,140.74,139.94,140.3,69186000,2025-12-23T03:47:22Z
SPY,2006-11-21,98.62,98.64,98.38,98.52,73258322,140.64,140.67,140.29,140.49,51372400,2025-12-23T03:47:22Z
SPY,2006-11-22,98.82,98.99,98.53,98.7,64896572,140.92,141.16,140.5,140.75,45508700,2025-12-23T03:47:22Z
SPY,2006-11-24,98.42,98.76,98.31,98.34,44204651,140.35,140.84,140.2,140.24,30998500,2025-12-23T03:47:22Z
SPY,2006-11-27,97.07,98.42,97.04,98.37,120567724,138.42,140.35,138.38,140.28,84548096,2025-12-23T03:47:22Z
SPY,2006-11-28,97.49,97.59,96.85,96.94,152110759,139.02,139.16,138.11,138.24,106667696,2025-12-23T03:47:22Z
SPY,2006-11-29,98.5,98.55,97.53,97.8,130541292,140.47,140.53,139.08,139.47,91542096,2025-12-23T03:47:22Z
SPY,2006-11-30,98.55,98.91,98.01,98.48,119784050,140.53,141.05,139.76,140.44,83998600,2025-12-23T03:47:22Z
SPY,2006-12-01,98.33,98.64,97.45,98.55,179904990,140.22,140.66,138.97,140.53,126158400,2025-12-23T03:47:22Z
SPY,2006-12-04,99.08,99.26,98.34,98.35,125225973,141.29,141.55,140.23,140.25,87814704,2025-12-23T03:47:22Z
SPY,2006-12-05,99.51,99.55,99.06,99.27,104642824,141.9,141.96,141.26,141.56,73380800,2025-12-23T03:47:22Z
SPY,2006-12-06,99.42,99.63,99.23,99.49,76043511,141.78,142.07,141.5,141.87,53325500,2025-12-23T03:47:22Z
SPY,2006-12-07,98.99,99.79,98.95,99.6,89626048,141.16,142.3,141.11,142.03,62850300,2025-12-23T03:47:22Z
SPY,2006-12-08,99.17,99.51,98.72,98.97,113546641,141.42,141.9,140.78,141.13,79624600,2025-12-23T03:47:22Z
SPY,2006-12-11,99.46,99.64,99.11,99.17,56727981,141.83,142.09,141.34,141.42,39780500,2025-12-23T03:47:22Z
SPY,2006-12-12,99.38,99.49,98.8,99.36,110454102,141.72,141.87,140.89,141.69,77455904,2025-12-23T03:47:22Z
SPY,2006-12-13,99.49,99.82,99.27,99.74,79242809,141.87,142.34,141.56,142.23,55569000,2025-12-23T03:47:22Z
SPY,2006-12-14,100.36,100.45,99.47,99.48,92376752,143.12,143.24,141.84,141.86,64779200,2025-12-23T03:47:22Z
SPY,2006-12-15,100.37,100.76,100.3,100.58,100486504,142.34,142.89,142.24,142.64,70858800,2025-12-23T03:47:22Z
SPY,2006-12-18,100.1,100.75,99.96,100.51,68236034,141.95,142.88,141.75,142.54,48117100,2025-12-23T03:47:22Z
SPY,2006-12-19,100.29,100.53,99.56,99.81,92288409,142.22,142.56,141.19,141.55,65077800,2025-12-23T03:47:22Z
SPY,2006-12-20,100.23,100.6,100.14,100.33,58814000,142.14,142.66,142.01,142.28,41473100,2025-12-23T03:47:22Z
SPY,2006-12-21,99.86,100.44,99.65,100.32,69060527,141.62,142.43,141.32,142.27,48698500,2025-12-23T03:47:22Z
SPY,2006-12-22,99.25,99.89,99.19,99.88,88027730,140.75,141.65,140.67,141.64,62073400,2025-12-23T03:47:22Z
SPY,2006-12-26,99.84,99.86,99.27,99.29,46369263,141.58,141.61,140.78,140.81,32697600,2025-12-23T03:47:22Z
SPY,2006-12-27,100.49,100.56,100.01,100.04,56347605,142.51,142.6,141.83,141.87,39733900,2025-12-23T03:47:22Z
SPY,2006-12-28,100.28,100.63,100.12,100.42,52883388,142.21,142.7,141.99,142.41,37291100,2025-12-23T03:47:22Z
SPY,2006-12-29,99.86,100.51,99.73,100.2,64478140,141.62,142.54,141.43,142.1,45467200,2025-12-23T03:47:22Z
SPY,2007-01-03,99.69,100.74,99.12,100.31,134450543,141.37,142.86,140.57,142.25,94808800,2025-12-23T03:47:22Z
SPY,2007-01-04,99.9,100.17,99.15,99.59,98750489,141.67,142.05,140.61,141.23,69634600,2025-12-23T03:47:22Z
SPY,2007-01-05,99.1,99.71,98.99,99.66,108755741,140.54,141.4,140.38,141.33,76689904,2025-12-23T03:47:22Z
SPY,2007-01-08,99.56,99.72,98.9,99.3,101616975,141.19,141.41,140.25,140.82,71655904,2025-12-23T03:47:22Z
SPY,2007-01-09,99.48,99.85,99,99.65,107328022,141.07,141.6,140.4,141.31,75683104,2025-12-23T03:47:22Z
SPY,2007-01-10,99.81,99.83,98.93,99.13,100911727,141.54,141.57,140.3,140.58,71158600,2025-12-23T03:47:22Z
SPY,2007-01-11,100.25,100.57,99.78,99.82,78752971,142.16,142.62,141.5,141.56,55533200,2025-12-23T03:47:22Z
SPY,2007-01-12,101.01,101.01,100.21,100.22,81735267,143.24,143.24,142.11,142.12,57636200,2025-12-23T03:47:22Z
SPY,2007-01-16,100.81,101.15,100.65,100.89,62666434,142.96,143.44,142.73,143.07,44189700,2025-12-23T03:47:22Z
SPY,2007-01-17,100.85,101.16,100.65,100.73,73170908,143.02,143.46,142.73,142.85,51597000,2025-12-23T03:47:22Z
SPY,2007-01-18,100.51,101.02,100.35,100.96,96802812,142.54,143.26,142.31,143.17,68261200,2025-12-23T03:47:22Z
SPY,2007-01-19,100.71,100.91,100.46,100.51,80810253,142.82,143.1,142.46,142.54,56983900,2025-12-23T03:47:22Z
SPY,2007-01-22,100.4,100.91,100.08,100.89,85458522,142.38,143.1,141.93,143.07,60261700,2025-12-23T03:47:22Z
SPY,2007-01-23,100.7,100.89,100.17,100.32,76688182,142.8,143.08,142.06,142.26,54077200,2025-12-23T03:47:22Z
SPY,2007-01-24,101.51,101.53,100.77,100.82,80080565,143.95,143.98,142.91,142.97,56469400,2025-12-23T03:47:22Z
SPY,2007-01-25,100.32,101.49,100.14,101.43,106311676,142.26,143.92,142.01,143.84,74966400,2025-12-23T03:47:22Z
SPY,2007-01-26,100.25,100.59,99.84,100.53,105771640,142.16,142.65,141.58,142.57,74585600,2025-12-23T03:47:22Z
SPY,2007-01-29,100.17,100.7,99.95,100.27,89900079,142.05,142.8,141.74,142.19,63393700,2025-12-23T03:47:22Z
SPY,2007-01-30,100.69,100.74,100.17,100.38,99851771,142.79,142.86,142.06,142.35,70411200,2025-12-23T03:47:22Z
SPY,2007-01-31,101.37,101.63,100.41,100.58,130308455,143.75,144.13,142.4,142.63,91887904,2025-12-23T03:47:22Z
SPY,2007-02-01,101.97,102.01,101.48,101.65,98299903,144.61,144.66,143.91,144.15,69316896,2025-12-23T03:47:22Z
SPY,2007-02-02,102.11,102.21,101.81,102.06,70349852,144.81,144.95,144.38,144.73,49607700,2025-12-23T03:47:22Z
SPY,2007-02-05,102.14,102.21,101.78,102.04,64879732,144.85,144.94,144.34,144.7,45750400,2025-12-23T03:47:22Z
SPY,2007-02-06,102.17,102.27,101.78,102.23,80951333,144.89,145.03,144.33,144.97,57083400,2025-12-23T03:47:22Z
SPY,2007-02-07,102.4,102.5,101.94,102.33,78981244,145.21,145.36,144.57,145.12,55694200,2025-12-23T03:47:22Z
SPY,2007-02-08,102.26,102.33,101.73,102.09,100187584,145.02,145.12,144.27,144.78,70648000,2025-12-23T03:47:22Z
SPY,2007-02-09,101.5,102.48,101.11,102.29,112153609,143.94,145.33,143.39,145.06,79085904,2025-12-23T03:47:22Z
SPY,2007-02-12,101.15,101.57,100.97,101.5,93109728,143.45,144.04,143.19,143.94,65657000,2025-12-23T03:47:22Z
SPY,2007-02-13,102.01,102.18,101.37,101.37,90911678,144.66,144.9,143.76,143.76,64107000,2025-12-23T03:47:22Z
SPY,2007-02-14,102.68,102.88,102.09,102.11,93684530,145.61,145.9,144.78,144.8,66062300,2025-12-23T03:47:22Z
SPY,2007-02-15,102.81,102.92,102.55,102.72,54912876,145.8,145.95,145.43,145.67,38722200,2025-12-23T03:47:22Z
SPY,2007-02-16,102.76,102.78,102.41,102.56,56502042,145.73,145.76,145.23,145.44,39842800,2025-12-23T03:47:22Z
SPY,2007-02-20,102.98,103.09,101.58,102.64,80725158,146.04,146.2,144.06,145.56,56923900,2025-12-23T03:47:22Z
SPY,2007-02-21,102.94,103,102.5,102.68,90752568,145.98,146.07,145.35,145.61,63994800,2025-12-23T03:47:22Z
SPY,2007-02-22,102.86,103.25,102.37,102.99,112145470,145.87,146.42,145.17,146.05,79080200,2025-12-23T03:47:22Z
SPY,2007-02-23,102.46,102.81,102.07,102.77,102064377,145.3,145.79,144.75,145.74,71971400,2025-12-23T03:47:22Z
SPY,2007-02-26,102.42,102.92,102.07,102.83,99390639,145.24,145.95,144.75,145.83,70086000,2025-12-23T03:47:22Z
SPY,2007-02-27,98.37,101.68,98.02,101.46,389873165,139.5,144.2,139,143.88,274921792,2025-12-23T03:47:22Z
SPY,2007-02-28,99.38,100.12,98.58,99,251787534,140.93,141.98,139.8,140.39,177549792,2025-12-23T03:47:22Z
SPY,2007-03-01,99.08,99.6,97.35,98.26,301835094,140.51,141.25,138.05,139.34,212841104,2025-12-23T03:47:22Z
SPY,2007-03-02,97.78,99.19,97.78,98.76,230592232,138.67,140.66,138.66,140.05,162603696,2025-12-23T03:47:22Z
SPY,2007-03-05,96.85,98.43,96.84,97.26,204298088,137.35,139.58,137.33,137.93,144062208,2025-12-23T03:47:22Z
SPY,2007-03-06,98.51,98.81,97.11,97.86,203331814,139.7,140.12,137.72,138.78,143380800,2025-12-23T03:47:22Z
SPY,2007-03-07,98.41,99.05,98.3,98.43,163406749,139.56,140.46,139.4,139.59,115227400,2025-12-23T03:47:22Z
SPY,2007-03-08,99.24,99.54,98.77,99.1,167193981,140.74,141.16,140.07,140.54,117898000,2025-12-23T03:47:22Z
SPY,2007-03-09,99.27,99.72,98.78,99.65,152825671,140.78,141.42,140.08,141.31,107766096,2025-12-23T03:47:22Z
SPY,2007-03-12,99.42,99.67,98.83,99.02,113980708,140.99,141.34,140.16,140.42,80374304,2025-12-23T03:47:22Z
SPY,2007-03-13,97.49,99.27,97.34,98.85,269562813,138.25,140.77,138.04,140.18,190084192,2025-12-23T03:47:22Z
SPY,2007-03-14,98.21,98.27,96.43,97.61,328759999,139.28,139.36,136.75,138.43,231827504,2025-12-23T03:47:22Z
SPY,2007-03-15,98.35,98.72,97.88,98,187785464,139.47,139.99,138.8,138.97,132418304,2025-12-23T03:47:22Z
SPY,2007-03-16,98.07,98.85,97.78,98.62,172395537,138.53,139.63,138.12,139.31,122048400,2025-12-23T03:47:22Z
SPY,2007-03-19,99.26,99.35,98.09,98.59,135904393,140.2,140.33,138.55,139.26,96214304,2025-12-23T03:47:22Z
SPY,2007-03-20,99.8,99.86,99.08,99.17,117750187,140.97,141.05,139.96,140.08,83361904,2025-12-23T03:47:22Z
SPY,2007-03-21,101.44,101.7,99.69,99.89,216554078,143.29,143.65,140.82,141.1,153310592,2025-12-23T03:47:22Z
SPY,2007-03-22,101.37,101.72,101.09,101.58,168024060,143.18,143.68,142.79,143.48,118953600,2025-12-23T03:47:22Z
SPY,2007-03-23,101.51,101.81,101.34,101.44,105130087,143.39,143.81,143.15,143.28,74427400,2025-12-23T03:47:22Z
SPY,2007-03-26,101.38,101.7,100.59,101.59,160761555,143.2,143.65,142.09,143.5,113812000,2025-12-23T03:47:22Z
SPY,2007-03-27,101.14,101.35,100.81,101.32,142018285,142.86,143.16,142.39,143.12,100542600,2025-12-23T03:47:22Z
SPY,2007-03-28,100.4,100.86,100.01,100.63,216062338,141.82,142.47,141.26,142.14,152962592,2025-12-23T03:47:22Z
SPY,2007-03-29,100.51,100.96,99.96,100.91,197020512,141.97,142.61,141.19,142.54,139481696,2025-12-23T03:47:22Z
SPY,2007-03-30,100.53,101.12,99.51,100.7,181096664,142,142.84,140.56,142.24,128208400,2025-12-23T03:47:22Z
SPY,2007-04-02,100.64,100.86,99.74,100.64,112194010,142.16,142.46,140.89,142.16,79428400,2025-12-23T03:47:22Z
SPY,2007-04-03,101.73,101.93,101.17,101.22,116534613,143.69,143.98,142.91,142.97,82501296,2025-12-23T03:47:22Z
SPY,2007-04-04,101.84,101.91,101.35,101.73,90410340,143.85,143.95,143.16,143.69,64006500,2025-12-23T03:47:22Z
SPY,2007-04-05,102.12,102.26,101.67,101.71,66166871,144.24,144.44,143.61,143.67,46843200,2025-12-23T03:47:22Z
SPY,2007-04-09,102.26,102.51,102.05,102.41,72232924,144.44,144.8,144.15,144.65,51137700,2025-12-23T03:47:22Z
SPY,2007-04-10,102.38,102.55,102.14,102.18,79994467,144.61,144.85,144.27,144.33,56632500,2025-12-23T03:47:22Z
SPY,2007-04-11,101.96,102.55,101.62,102.53,150506852,144.02,144.86,143.54,144.82,106552200,2025-12-23T03:47:22Z
SPY,2007-04-12,102.41,102.6,101.48,101.76,164501081,144.66,144.92,143.34,143.74,116459400,2025-12-23T03:47:22Z
SPY,2007-04-13,102.88,102.88,102.2,102.58,120320424,145.32,145.32,144.36,144.9,85181504,2025-12-23T03:47:22Z
SPY,2007-04-16,103.86,103.97,103.23,103.24,117533200,146.7,146.86,145.82,145.83,83208304,2025-12-23T03:47:22Z
SPY,2007-04-17,104.13,104.35,103.82,104.05,153176948,147.09,147.4,146.65,146.97,108442496,2025-12-23T03:47:22Z
SPY,2007-04-18,104.26,104.56,103.77,103.79,124800792,147.27,147.7,146.57,146.6,88353400,2025-12-23T03:47:22Z
SPY,2007-04-19,104.23,104.35,103.62,103.75,145974831,147.23,147.4,146.36,146.55,103343696,2025-12-23T03:47:22Z
SPY,2007-04-20,105.22,105.22,104.1,104.93,175333824,148.62,148.62,147.04,148.22,124128496,2025-12-23T03:47:22Z
SPY,2007-04-23,104.82,105.29,104.76,105.04,109574805,148.06,148.73,147.97,148.37,77574096,2025-12-23T03:47:22Z
SPY,2007-04-24,104.86,105.06,104.3,104.94,161698814,148.12,148.4,147.32,148.23,114475600,2025-12-23T03:47:22Z
SPY,2007-04-25,105.83,105.95,104.79,105.29,154189458,149.48,149.66,148.02,148.73,109159296,2025-12-23T03:47:22Z
SPY,2007-04-26,105.95,106.05,105.56,105.83,125360462,149.65,149.8,149.1,149.49,88749600,2025-12-23T03:47:22Z
SPY,2007-04-27,105.86,106.01,105.37,105.55,152823138,149.53,149.74,148.84,149.09,108192000,2025-12-23T03:47:22Z
SPY,2007-04-30,104.98,106.01,104.93,105.94,142686960,148.29,149.74,148.21,149.64,101016000,2025-12-23T03:47:22Z
SPY,2007-05-01,105.25,105.82,104.54,105.08,189895760,148.67,149.47,147.67,148.42,134437696,2025-12-23T03:47:22Z
SPY,2007-05-02,105.87,106.16,105.31,105.42,123145829,149.54,149.95,148.75,148.9,87181800,2025-12-23T03:47:22Z
SPY,2007-05-03,106.44,106.48,105.52,106.17,124082387,150.35,150.4,149.05,149.97,87844800,2025-12-23T03:47:22Z
SPY,2007-05-04,106.84,106.99,106.35,106.72,136193501,150.92,151.12,150.22,150.75,96418896,2025-12-23T03:47:22Z
SPY,2007-05-07,106.87,107.04,106.77,106.96,89963266,150.95,151.2,150.81,151.08,63690000,2025-12-23T03:47:22Z
SPY,2007-05-08,106.72,106.84,106.28,106.6,115168247,150.75,150.92,150.13,150.58,81534000,2025-12-23T03:47:22Z
SPY,2007-05-09,107.01,108.19,106.45,106.65,145415860,151.16,152.82,150.37,150.64,102948000,2025-12-23T03:47:22Z
SPY,2007-05-10,105.9,106.92,105.68,106.71,217101878,149.58,151.02,149.27,150.73,153698496,2025-12-23T03:47:22Z
SPY,2007-05-11,106.8,106.85,106,106.02,160198019,150.86,150.93,149.72,149.75,113413104,2025-12-23T03:47:22Z
SPY,2007-05-14,106.57,107.11,106.05,106.8,152641580,150.53,151.3,149.79,150.86,108063400,2025-12-23T03:47:22Z
SPY,2007-05-15,106.6,107.37,106.33,106.69,255582076,150.57,151.66,150.19,150.7,180940800,2025-12-23T03:47:22Z
SPY,2007-05-16,107.33,107.35,106.46,106.76,161977054,151.6,151.63,150.38,150.8,114672600,2025-12-23T03:47:22Z
SPY,2007-05-17,107.11,107.58,106.98,107.17,143467299,151.3,151.96,151.11,151.38,101568496,2025-12-23T03:47:22Z
SPY,2007-05-18,108.05,108.05,107.47,107.62,140097452,152.62,152.62,151.81,152.01,99182800,2025-12-23T03:47:22Z
SPY,2007-05-21,107.99,108.48,107.96,108.02,246776018,152.54,153.23,152.5,152.58,174706400,2025-12-23T03:47:22Z
SPY,2007-05-22,107.91,108.43,107.88,108.11,116185526,152.42,153.16,152.38,152.7,82254200,2025-12-23T03:47:22Z
SPY,2007-05-23,107.92,108.67,107.86,108.28,189209264,152.44,153.5,152.36,152.95,133951696,2025-12-23T03:47:22Z
SPY,2007-05-24,106.94,108.47,106.72,107.98,265230260,151.06,153.21,150.74,152.53,187771296,2025-12-23T03:47:22Z
SPY,2007-05-25,107.39,107.62,107.03,107.25,117675591,151.69,152.02,151.18,151.49,83309104,2025-12-23T03:47:22Z
SPY,2007-05-29,107.78,107.96,107.22,107.57,118595968,152.24,152.5,151.45,151.94,83960704,2025-12-23T03:47:22Z
SPY,2007-05-30,108.66,108.7,107.14,107.23,185452918,153.48,153.54,151.34,151.46,131292400,2025-12-23T03:47:22Z
SPY,2007-05-31,108.54,108.95,108.4,108.78,163538299,153.32,153.89,153.12,153.66,115777800,2025-12-23T03:47:22Z
SPY,2007-06-01,109.08,109.31,108.68,109.27,152280599,154.08,154.4,153.51,154.34,107807904,2025-12-23T03:47:22Z
SPY,2007-06-04,109.1,109.3,108.66,108.7,110260121,154.1,154.39,153.48,153.54,78059296,2025-12-23T03:47:22Z
SPY,2007-06-05,108.66,108.95,108.22,108.84,180721942,153.49,153.9,152.86,153.74,127943104,2025-12-23T03:47:22Z
SPY,2007-06-06,107.5,108.28,107.43,108.25,231848108,151.84,152.95,151.75,152.91,164138208,2025-12-23T03:47:22Z
SPY,2007-06-07,105.56,107.96,105.53,107.3,328390894,149.1,152.5,149.06,151.56,232486208,2025-12-23T03:47:22Z
SPY,2007-06-08,106.93,107.04,105.55,105.84,249991398,151.04,151.19,149.09,149.5,176982800,2025-12-23T03:47:22Z
SPY,2007-06-11,107.11,107.57,106.69,106.85,144835182,151.3,151.95,150.7,150.93,102536896,2025-12-23T03:47:22Z
SPY,2007-06-12,105.95,107.28,105.88,106.67,332983597,149.65,151.54,149.55,150.67,235737504,2025-12-23T03:47:22Z
SPY,2007-06-13,107.53,107.66,106,106.55,272974669,151.89,152.07,149.72,150.5,193254000,2025-12-23T03:47:22Z
SPY,2007-06-14,108.22,108.4,107.63,107.65,207144318,152.86,153.12,152.03,152.06,146648992,2025-12-23T03:47:22Z
SPY,2007-06-15,108.83,109.25,108.73,108.88,217180406,153.07,153.66,152.93,153.14,154416304,2025-12-23T03:47:22Z
SPY,2007-06-18,108.71,109.06,108.54,109.05,124663320,152.89,153.39,152.66,153.38,88636200,2025-12-23T03:47:22Z
SPY,2007-06-19,108.98,109.05,108.33,108.46,156296567,153.27,153.38,152.36,152.55,111127600,2025-12-23T03:47:22Z
SPY,2007-06-20,107.46,109.2,107.33,109.19,249281780,151.14,153.58,150.96,153.57,177240608,2025-12-23T03:47:22Z
SPY,2007-06-21,108.06,108.15,106.83,107.42,288710576,151.98,152.11,150.25,151.08,205274592,2025-12-23T03:47:22Z
SPY,2007-06-22,107.04,107.91,106.54,107.73,288544950,150.55,151.77,149.85,151.52,205156896,2025-12-23T03:47:22Z
SPY,2007-06-25,106.53,107.54,105.95,106.82,326387643,149.83,151.25,149.02,150.24,232063296,2025-12-23T03:47:22Z
SPY,2007-06-26,105.43,106.98,105.43,106.8,278972230,148.29,150.46,148.28,150.21,198350592,2025-12-23T03:47:22Z
SPY,2007-06-27,106.94,107.06,105.27,105.32,300471310,150.4,150.57,148.06,148.13,213636496,2025-12-23T03:47:22Z
SPY,2007-06-28,106.92,107.65,106.42,106.92,221801056,150.38,151.41,149.67,150.38,157701600,2025-12-23T03:47:22Z
SPY,2007-06-29,106.96,107.82,106.05,107.29,280866606,150.43,151.65,149.15,150.9,199697600,2025-12-23T03:47:22Z
SPY,2007-07-02,107.92,108.02,107.2,107.27,145360502,151.79,151.92,150.77,150.87,103352000,2025-12-23T03:47:22Z
SPY,2007-07-03,108.31,108.43,108.07,108.2,76016764,152.34,152.5,151.99,152.18,54048300,2025-12-23T03:47:22Z
SPY,2007-07-05,108.2,108.47,107.81,108.36,125546699,152.18,152.56,151.63,152.4,89264304,2025-12-23T03:47:22Z
SPY,2007-07-06,108.77,108.91,108.02,108.34,114073502,152.98,153.17,151.93,152.38,81106800,2025-12-23T03:47:22Z
SPY,2007-07-09,108.78,109.04,108.51,108.9,101748337,153,153.36,152.62,153.16,72343600,2025-12-23T03:47:22Z
SPY,2007-07-10,107.3,108.51,107.2,108.28,253663981,150.92,152.61,150.77,152.29,180356400,2025-12-23T03:47:22Z
SPY,2007-07-11,108.07,108.11,107.02,107.18,246918090,151.99,152.05,150.52,150.75,175559904,2025-12-23T03:47:22Z
SPY,2007-07-12,109.77,110.03,108.31,108.34,188275114,154.39,154.75,152.34,152.37,133864600,2025-12-23T03:47:22Z
SPY,2007-07-13,110.1,110.53,109.77,109.9,157233539,154.85,155.46,154.39,154.57,111793800,2025-12-23T03:47:22Z
SPY,2007-07-16,110.08,110.58,109.91,110.2,138364715,154.83,155.53,154.58,154.99,98378000,2025-12-23T03:47:22Z
SPY,2007-07-17,110.03,110.92,109.98,110.16,177409759,154.75,156,154.68,154.93,126139200,2025-12-23T03:47:22Z
SPY,2007-07-18,109.83,110.06,109,109.66,334400287,154.47,154.8,153.3,154.23,237760192,2025-12-23T03:47:22Z
SPY,2007-07-19,110.26,110.58,110.03,110.35,204241967,155.07,155.53,154.75,155.2,145216992,2025-12-23T03:47:22Z
SPY,2007-07-20,109.14,110.38,108.28,110.13,345288492,153.5,155.25,152.29,154.89,245501904,2025-12-23T03:47:22Z
SPY,2007-07-23,109.47,110.01,109,109.62,170437402,153.97,154.72,153.3,154.18,121181800,2025-12-23T03:47:22Z
SPY,2007-07-24,107.58,109.69,107.19,108.87,361218359,151.3,154.28,150.76,153.12,256827904,2025-12-23T03:47:22Z
SPY,2007-07-25,107.8,108.35,106.83,108.09,372995994,151.61,152.39,150.25,152.02,265202096,2025-12-23T03:47:22Z
SPY,2007-07-26,105.24,107.22,104.08,106.79,657488450,148.02,150.8,146.39,150.19,467477696,2025-12-23T03:47:22Z
SPY,2007-07-27,103.17,105.85,103.13,105.38,594862277,145.11,148.87,145.05,148.21,422949888,2025-12-23T03:47:22Z
SPY,2007-07-30,104.79,105.09,103.3,103.76,396932428,147.38,147.81,145.29,145.93,282220896,2025-12-23T03:47:22Z
SPY,2007-07-31,103.61,106.27,103.12,105.46,445608919,145.72,149.46,145.04,148.33,316830016,2025-12-23T03:47:22Z
SPY,2007-08-01,104.11,104.53,102.35,103.22,657747931,146.43,147.01,143.95,145.18,467661792,2025-12-23T03:47:22Z
SPY,2007-08-02,104.94,105.06,103.28,104.35,414463799,147.6,147.76,145.26,146.76,294685696,2025-12-23T03:47:22Z
SPY,2007-08-03,102.24,104.93,101.82,104.72,505453910,143.8,147.58,143.2,147.28,359380192,2025-12-23T03:47:22Z
SPY,2007-08-06,103.96,104.4,101.34,102.53,456777595,146.21,146.83,142.53,144.21,324771008,2025-12-23T03:47:22Z
SPY,2007-08-07,105.07,105.94,103.26,103.76,394762692,147.77,149,145.23,145.94,280678208,2025-12-23T03:47:22Z
SPY,2007-08-08,106.53,107.07,104.76,105.52,386675529,149.83,150.59,147.34,148.41,274928288,2025-12-23T03:47:22Z
SPY,2007-08-09,103.37,106.61,103.3,104.82,503025390,145.39,149.95,145.29,147.43,357653504,2025-12-23T03:47:22Z
SPY,2007-08-10,102.89,104.16,101.76,102.66,578076576,144.71,146.5,143.12,144.39,411015200,2025-12-23T03:47:22Z
SPY,2007-08-13,103.26,104.44,103.11,104.16,255898330,145.23,146.89,145.02,146.5,181944896,2025-12-23T03:47:22Z
SPY,2007-08-14,101.68,103.85,101.47,103.59,371452307,143.01,146.06,142.72,145.7,264104400,2025-12-23T03:47:22Z
SPY,2007-08-15,100.28,102.71,99.98,101.47,455334532,141.04,144.46,140.62,142.72,323744992,2025-12-23T03:47:22Z
SPY,2007-08-16,101.03,101.63,97.41,99.39,768601741,142.1,142.94,137,139.79,546479616,2025-12-23T03:47:22Z
SPY,2007-08-17,102.89,105.48,100.53,103.45,545959903,144.71,148.35,141.39,145.5,388180096,2025-12-23T03:47:22Z
SPY,2007-08-20,102.84,103.43,101.88,103.22,263121976,144.64,145.47,143.29,145.17,187081104,2025-12-23T03:47:22Z
SPY,2007-08-21,103.05,103.78,102.48,102.81,220823314,144.93,145.97,144.14,144.6,157006400,2025-12-23T03:47:22Z
SPY,2007-08-22,104.27,104.38,103.33,103.81,243211320,146.65,146.8,145.33,146.01,172924496,2025-12-23T03:47:22Z
SPY,2007-08-23,104.18,104.98,103.53,104.76,286721063,146.52,147.65,145.61,147.34,203860000,2025-12-23T03:47:22Z
SPY,2007-08-24,105.46,105.46,104.01,104.38,181278991,148.33,148.33,146.28,146.81,128890304,2025-12-23T03:47:22Z
SPY,2007-08-27,104.48,105.46,104.33,105.12,158934301,146.95,148.33,146.73,147.85,113003104,2025-12-23T03:47:22Z
SPY,2007-08-28,102.19,103.98,102,103.92,308989646,143.72,146.25,143.46,146.16,219693104,2025-12-23T03:47:22Z
SPY,2007-08-29,104.19,104.33,102.36,102.65,292003927,146.54,146.74,143.96,144.37,207616304,2025-12-23T03:47:22Z
SPY,2007-08-30,103.91,104.65,103.32,103.42,269594801,146.15,147.19,145.31,145.45,191683296,2025-12-23T03:47:22Z
SPY,2007-08-31,104.94,105.58,104.4,104.98,260864465,147.59,148.5,146.83,147.65,185475904,2025-12-23T03:47:22Z
SPY,2007-09-04,106,106.64,104.8,104.84,168852876,149.08,149.98,147.4,147.45,120055200,2025-12-23T03:47:22Z
SPY,2007-09-05,105.08,105.48,104.52,105.37,233834270,147.79,148.36,147,148.2,166257296,2025-12-23T03:47:22Z
SPY,2007-09-06,105.32,105.66,104.6,105.19,179850312,148.13,148.61,147.12,147.95,127874496,2025-12-23T03:47:22Z
SPY,2007-09-07,103.86,104.44,103.28,104.15,331144802,146.07,146.89,145.26,146.48,235445600,2025-12-23T03:47:22Z
SPY,2007-09-10,103.66,104.32,102.62,104.18,270547916,145.79,146.72,144.33,146.52,192360896,2025-12-23T03:47:22Z
SPY,2007-09-11,104.87,105.02,103.9,103.98,227939108,147.49,147.7,146.13,146.24,162065792,2025-12-23T03:47:22Z
SPY,2007-09-12,105.14,105.54,104.5,104.71,210378008,147.87,148.44,146.98,147.27,149579808,2025-12-23T03:47:22Z
SPY,2007-09-13,105.88,106.26,105.37,105.62,216506693,148.91,149.45,148.2,148.55,153937408,2025-12-23T03:47:22Z
SPY,2007-09-14,105.87,106,105.04,105.2,171456816,148.9,149.09,147.74,147.96,121906600,2025-12-23T03:47:22Z
SPY,2007-09-17,105.3,105.86,104.97,105.45,154504617,148.1,148.89,147.63,148.31,109853504,2025-12-23T03:47:22Z
SPY,2007-09-18,108.4,108.43,105.32,105.82,370445293,152.46,152.5,148.13,148.83,263388400,2025-12-23T03:47:22Z
SPY,2007-09-19,109.04,109.77,105.3,109.08,272538923,153.36,154.39,148.1,153.41,193776496,2025-12-23T03:47:22Z
SPY,2007-09-20,108.27,109.09,108.15,109.03,246389093,152.28,153.43,152.11,153.34,175183808,2025-12-23T03:47:22Z
SPY,2007-09-21,108.56,109.39,108.4,109.09,198017846,151.97,153.12,151.74,152.71,141459296,2025-12-23T03:47:22Z
SPY,2007-09-24,108.36,109.17,108.13,108.89,195057883,151.69,152.82,151.36,152.42,139344800,2025-12-23T03:47:22Z
SPY,2007-09-25,108.15,108.34,107.49,107.73,199179917,151.39,151.66,150.47,150.81,142289504,2025-12-23T03:47:22Z
SPY,2007-09-26,108.72,109.14,108.15,108.76,189741761,152.19,152.77,151.39,152.25,135547104,2025-12-23T03:47:22Z
SPY,2007-09-27,109.36,109.37,108.72,109.23,143773902,153.09,153.1,152.19,152.91,102708704,2025-12-23T03:47:22Z
SPY,2007-09-28,109,109.44,108.57,109.19,186692244,152.58,153.19,151.98,152.85,133368600,2025-12-23T03:47:22Z
SPY,2007-10-01,110.23,110.55,108.94,109.01,207392169,154.3,154.75,152.5,152.6,148156096,2025-12-23T03:47:22Z
SPY,2007-10-02,110.08,110.48,109.88,110.46,158095594,154.09,154.65,153.81,154.62,112939800,2025-12-23T03:47:22Z
SPY,2007-10-03,109.86,110.31,109.31,109.88,166638778,153.78,154.41,153.01,153.81,119042800,2025-12-23T03:47:22Z
SPY,2007-10-04,110.03,110.2,109.72,110.09,107457875,154.02,154.26,153.59,154.11,76765400,2025-12-23T03:47:22Z
SPY,2007-10-05,111.34,111.51,110.46,110.75,188392227,155.85,156.1,154.63,155.03,134583008,2025-12-23T03:47:22Z
SPY,2007-10-08,110.74,111.08,110.56,111.01,99774930,155.02,155.49,154.77,155.39,71276896,2025-12-23T03:47:22Z
SPY,2007-10-09,111.79,111.8,110.75,111.16,131656802,156.48,156.5,155.03,155.6,94052496,2025-12-23T03:47:22Z
SPY,2007-10-10,111.6,111.76,111.02,111.47,142325227,156.22,156.44,155.41,156.04,101673800,2025-12-23T03:47:22Z
SPY,2007-10-11,111.06,112.53,110.4,112.11,326882988,155.47,157.52,154.54,156.93,233517504,2025-12-23T03:47:22Z
SPY,2007-10-12,111.68,111.69,110.92,111.06,174340528,156.33,156.35,155.27,155.46,124544800,2025-12-23T03:47:22Z
SPY,2007-10-15,110.74,111.7,109.97,111.64,225532346,155.01,156.36,153.94,156.27,161115008,2025-12-23T03:47:22Z
SPY,2007-10-16,109.86,111.79,109.64,110.31,233006725,153.78,156.48,153.47,154.41,166454496,2025-12-23T03:47:22Z
SPY,2007-10-17,110.19,110.79,108.92,110.71,303303307,154.25,155.09,152.47,154.98,216672800,2025-12-23T03:47:22Z
SPY,2007-10-18,109.79,110.15,109.36,109.62,207800705,153.69,154.19,153.08,153.45,148447904,2025-12-23T03:47:22Z
SPY,2007-10-19,106.92,111.79,106.91,109.36,415958641,149.67,156.48,149.66,153.09,297151008,2025-12-23T03:47:22Z
SPY,2007-10-22,107.54,107.7,106.2,106.34,366677363,150.54,150.76,148.66,148.86,261945600,2025-12-23T03:47:22Z
SPY,2007-10-23,108.41,108.55,107.33,108.2,252011586,151.76,151.95,150.25,151.46,180031200,2025-12-23T03:47:22Z
SPY,2007-10-24,108.21,108.4,105.73,108.02,457210918,151.48,151.74,148,151.21,326620896,2025-12-23T03:47:22Z
SPY,2007-10-25,108.47,108.79,107.07,108.33,332256511,151.84,152.29,149.88,151.65,237356192,2025-12-23T03:47:22Z
SPY,2007-10-26,109.74,109.74,108.51,109.34,247053080,153.62,153.62,151.9,153.06,176488896,2025-12-23T03:47:22Z
SPY,2007-10-29,110.11,110.33,109.69,109.96,149549776,154.13,154.44,153.55,153.93,106834896,2025-12-23T03:47:22Z
SPY,2007-10-30,109.34,109.83,109.21,109.62,186141994,153.06,153.75,152.87,153.45,132975504,2025-12-23T03:47:22Z
SPY,2007-10-31,110.48,110.92,109.19,110,309264005,154.65,155.27,152.84,153.98,220930896,2025-12-23T03:47:22Z
SPY,2007-11-01,107.89,109.59,107.58,109.51,466099814,151.03,153.41,150.59,153.29,332970816,2025-12-23T03:47:22Z
SPY,2007-11-02,108.01,108.58,106.59,108.25,463654492,151.2,152,149.21,151.53,331223808,2025-12-23T03:47:22Z
SPY,2007-11-05,107.19,107.98,105.73,106.9,317432606,150.05,151.16,148,149.64,226766400,2025-12-23T03:47:22Z
SPY,2007-11-06,108.64,108.66,107.08,107.77,248835546,152.07,152.11,149.9,150.86,177762208,2025-12-23T03:47:22Z
SPY,2007-11-07,105.66,108.66,105.41,107.47,429155197,147.91,152.11,147.55,150.44,306578304,2025-12-23T03:47:22Z
SPY,2007-11-08,105.13,106.66,103.64,105.72,524150942,147.16,149.3,145.07,147.99,374441312,2025-12-23T03:47:22Z
SPY,2007-11-09,103.68,105.4,103.51,104.08,388774530,145.14,147.54,144.89,145.69,277731392,2025-12-23T03:47:22Z
SPY,2007-11-12,102.66,104.73,102.66,103.73,340212883,143.7,146.61,143.7,145.21,243040096,2025-12-23T03:47:22Z
SPY,2007-11-13,105.78,105.95,103.74,103.85,267495158,148.08,148.31,145.22,145.37,191092304,2025-12-23T03:47:22Z
SPY,2007-11-14,105.49,106.73,104.86,106.6,322711301,147.67,149.4,146.78,149.22,230537408,2025-12-23T03:47:22Z
SPY,2007-11-15,103.97,105.36,103.24,104.71,368232811,145.54,147.49,144.52,146.57,263056992,2025-12-23T03:47:22Z
SPY,2007-11-16,104.15,104.64,103.28,104.52,432218505,145.79,146.47,144.57,146.31,308766912,2025-12-23T03:47:22Z
SPY,2007-11-19,102.7,103.84,102.29,103.78,374756036,143.76,145.36,143.19,145.28,267716992,2025-12-23T03:47:22Z
SPY,2007-11-20,103.33,103.96,101.52,102.89,580557973,144.64,145.53,142.11,144.02,414736896,2025-12-23T03:47:22Z
SPY,2007-11-21,101.21,102.81,101.21,102.23,362775378,141.68,143.91,141.67,143.11,259158304,2025-12-23T03:47:22Z
SPY,2007-11-23,102.96,103.11,101.94,102.21,108749795,144.13,144.34,142.7,143.07,77688304,2025-12-23T03:47:22Z
SPY,2007-11-26,100.69,103.5,100.48,103.18,299811828,140.95,144.88,140.66,144.43,214178592,2025-12-23T03:47:22Z
SPY,2007-11-27,101.85,102.32,100.69,101.26,411342615,142.57,143.23,140.95,141.74,293853600,2025-12-23T03:47:22Z
SPY,2007-11-28,105.11,105.35,102.97,103.01,362660773,147.13,147.47,144.14,144.19,259076304,2025-12-23T03:47:22Z
SPY,2007-11-29,105.14,105.53,104.37,104.74,278848414,147.18,147.72,146.1,146.62,199202704,2025-12-23T03:47:22Z
SPY,2007-11-30,106.2,107.06,105.25,106.47,312004552,148.66,149.87,147.33,149.04,222888704,2025-12-23T03:47:22Z
SPY,2007-12-03,105.5,106.05,105.22,105.86,204275513,147.68,148.45,147.29,148.19,145929600,2025-12-23T03:47:22Z
SPY,2007-12-04,104.56,105.4,104.52,104.77,191115694,146.36,147.54,146.31,146.66,136528496,2025-12-23T03:47:22Z
SPY,2007-12-05,106.31,106.58,105.61,105.68,239497300,148.81,149.2,147.83,147.93,171091296,2025-12-23T03:47:22Z
SPY,2007-12-06,107.83,108.02,106.14,106.18,216308740,150.94,151.21,148.57,148.63,154525904,2025-12-23T03:47:22Z
SPY,2007-12-07,107.81,108.23,107.55,108.17,208542894,150.91,151.5,150.55,151.42,148978208,2025-12-23T03:47:22Z
SPY,2007-12-10,108.64,108.76,107.77,108.07,173428963,152.08,152.25,150.86,151.28,123893600,2025-12-23T03:47:22Z
SPY,2007-12-11,105.66,109.22,105.61,108.69,350340435,147.91,152.89,147.83,152.14,250274896,2025-12-23T03:47:22Z
SPY,2007-12-12,106.71,108.42,105.16,107.91,451290526,149.37,151.77,147.2,151.06,322391296,2025-12-23T03:47:22Z
SPY,2007-12-13,106.48,106.72,105.23,105.96,332577580,149.06,149.39,147.3,148.32,237585696,2025-12-23T03:47:22Z
SPY,2007-12-14,105.13,106.51,105.08,105.68,222774798,147.17,149.1,147.1,147.93,159145104,2025-12-23T03:47:22Z
SPY,2007-12-17,103.63,104.92,103.48,104.73,248018120,145.07,146.87,144.86,146.61,177178304,2025-12-23T03:47:22Z
SPY,2007-12-18,104.21,104.64,102.84,104.37,343741258,145.88,146.48,143.96,146.1,245560800,2025-12-23T03:47:22Z
SPY,2007-12-19,104.21,104.94,103.54,104.26,278430071,145.88,146.89,144.94,145.94,198904000,2025-12-23T03:47:22Z
SPY,2007-12-20,104.87,104.91,103.71,104.9,300659050,146.8,146.86,145.18,146.84,214783808,2025-12-23T03:47:22Z
SPY,2007-12-21,106.38,106.59,105.64,105.84,203418885,148.13,148.42,147.09,147.37,146088896,2025-12-23T03:47:22Z
SPY,2007-12-24,107.17,107.35,106.63,106.88,63496703,149.23,149.48,148.48,148.82,45601300,2025-12-23T03:47:22Z
SPY,2007-12-26,107.4,107.5,106.65,106.76,93429001,149.55,149.68,148.5,148.65,67097700,2025-12-23T03:47:22Z
SPY,2007-12-27,106.05,107.03,105.8,107.02,171192753,147.67,149.03,147.32,149.02,122945200,2025-12-23T03:47:22Z
SPY,2007-12-28,105.79,106.73,105.5,106.68,162064100,147.3,148.61,146.9,148.54,116389200,2025-12-23T03:47:22Z
SPY,2007-12-31,105,106.01,104.9,105.64,150551047,146.21,147.61,146.06,147.1,108120896,2025-12-23T03:47:22Z
SPY,2008-01-02,104.08,105.56,103.33,105.23,285342242,144.93,146.99,143.88,146.53,204923696,2025-12-23T03:47:22Z
SPY,2008-01-03,104.03,104.49,103.47,104.07,174204260,144.86,145.49,144.07,144.91,125107904,2025-12-23T03:47:22Z
SPY,2008-01-04,101.48,103.01,101.2,102.94,323491791,141.31,143.44,140.91,143.34,232321408,2025-12-23T03:47:22Z
SPY,2008-01-07,101.4,102.14,100.61,101.84,327186243,141.19,142.23,140.1,141.81,234974592,2025-12-23T03:47:22Z
SPY,2008-01-08,99.76,102.63,99.42,102.04,454422160,138.91,142.9,138.44,142.08,326351392,2025-12-23T03:47:22Z
SPY,2008-01-09,100.81,101.11,98.89,99.89,420347782,140.37,140.79,137.7,139.09,301880192,2025-12-23T03:47:22Z
SPY,2008-01-10,101.47,102.55,100.09,100.31,467405599,141.29,142.8,139.37,139.68,335675584,2025-12-23T03:47:22Z
SPY,2008-01-11,100.65,101.91,99.83,101.1,371861743,140.15,141.9,139,140.78,267059104,2025-12-23T03:47:22Z
SPY,2008-01-14,101.46,101.88,100.83,101.38,237139564,141.28,141.86,140.4,141.17,170306096,2025-12-23T03:47:22Z
SPY,2008-01-15,99.23,101.61,99.03,100.39,334774364,138.17,141.49,137.9,139.79,240424304,2025-12-23T03:47:22Z
SPY,2008-01-16,98.37,99.91,97.87,98.65,527630673,136.98,139.12,136.28,137.36,378927296,2025-12-23T03:47:22Z
SPY,2008-01-17,95.83,99.02,95.47,98.97,554603399,133.43,137.88,132.93,137.81,398298208,2025-12-23T03:47:22Z
SPY,2008-01-18,94.84,96.97,94.15,96.77,485302832,132.06,135.02,131.1,134.74,348529088,2025-12-23T03:47:22Z
SPY,2008-01-22,93.88,95.11,90.49,91.36,606923325,130.72,132.43,126,127.21,435872800,2025-12-23T03:47:22Z
SPY,2008-01-23,96.13,96.37,91.09,91.27,712216511,133.86,134.19,126.84,127.09,511491296,2025-12-23T03:47:22Z
SPY,2008-01-24,96.95,97.28,95.74,96.58,361866718,134.99,135.46,133.31,134.48,259881104,2025-12-23T03:47:22Z
SPY,2008-01-25,95.55,98.22,95.23,98.04,375400621,133.04,136.76,132.6,136.51,269600800,2025-12-23T03:47:22Z
SPY,2008-01-28,97.12,97.33,94.84,95.7,303378310,135.24,135.52,132.06,133.26,217876496,2025-12-23T03:47:22Z
SPY,2008-01-29,97.61,97.99,96.87,97.74,235218796,135.91,136.45,134.88,136.1,168926592,2025-12-23T03:47:22Z
SPY,2008-01-30,96.89,99.5,96.67,97.38,466274013,134.91,138.54,134.6,135.59,334862912,2025-12-23T03:47:22Z
SPY,2008-01-31,98.65,99.5,95.66,95.8,478150398,137.37,138.54,133.2,133.4,343392192,2025-12-23T03:47:22Z
SPY,2008-02-01,100.24,100.26,98.76,99.06,288006397,139.58,139.61,137.52,137.94,206836992,2025-12-23T03:47:22Z
SPY,2008-02-04,98.98,100.04,98.85,99.98,173574604,137.82,139.3,137.64,139.21,124655696,2025-12-23T03:47:22Z
SPY,2008-02-05,96.33,97.85,96,97.63,399314816,134.13,136.25,133.67,135.94,286775200,2025-12-23T03:47:22Z
SPY,2008-02-06,95.55,97.13,95.09,96.65,349141065,133.05,135.25,132.41,134.58,250741792,2025-12-23T03:47:22Z
SPY,2008-02-07,96.18,96.8,94.6,94.65,414250888,133.93,134.79,131.73,131.8,297501600,2025-12-23T03:47:22Z
SPY,2008-02-08,95.57,96.39,94.87,95.58,308616580,133.07,134.22,132.1,133.09,221638496,2025-12-23T03:47:22Z
SPY,2008-02-11,96.06,96.4,94.83,95.59,262516500,133.75,134.23,132.04,133.1,188531008,2025-12-23T03:47:22Z
SPY,2008-02-12,96.95,97.89,96.22,96.89,357246199,134.99,136.31,133.98,134.91,256562800,2025-12-23T03:47:22Z
SPY,2008-02-13,97.94,98.46,97.05,97.68,253314463,136.37,137.1,135.14,136.01,181922400,2025-12-23T03:47:22Z
SPY,2008-02-14,97.07,98.39,96.8,98.35,299603200,135.17,137,134.79,136.95,215165504,2025-12-23T03:47:22Z
SPY,2008-02-15,97.05,97.74,95.78,96.63,214585488,135.14,136.1,133.36,134.55,154108400,2025-12-23T03:47:22Z
SPY,2008-02-19,97.33,98.31,96.67,98.17,202137718,135.52,136.89,134.61,136.69,145168800,2025-12-23T03:47:22Z
SPY,2008-02-20,97.61,98.82,96.06,96.23,307281268,135.92,137.6,133.76,133.99,220679600,2025-12-23T03:47:22Z
SPY,2008-02-21,96.8,98.4,96.28,98.14,279920744,134.79,137.01,134.07,136.66,201030208,2025-12-23T03:47:22Z
SPY,2008-02-22,97.4,97.56,95.42,96.93,286112410,135.62,135.85,132.86,134.97,205476704,2025-12-23T03:47:22Z
SPY,2008-02-25,98.63,98.86,96.8,97.34,264594391,137.33,137.65,134.78,135.54,190023200,2025-12-23T03:47:22Z
SPY,2008-02-26,99.37,99.79,98.03,98.21,295761517,138.36,138.95,136.5,136.75,212406400,2025-12-23T03:47:22Z
SPY,2008-02-27,99.27,99.93,98.68,98.79,234429356,138.22,139.14,137.41,137.56,168359696,2025-12-23T03:47:22Z
SPY,2008-02-28,98.3,99.08,98.07,98.56,237647721,136.87,137.96,136.55,137.24,170670896,2025-12-23T03:47:22Z
SPY,2008-02-29,96.11,98.4,95.36,97.38,351818128,133.82,137.02,132.78,135.59,252664400,2025-12-23T03:47:22Z
SPY,2008-03-03,95.88,96.1,94.97,95.62,268158232,133.5,133.81,132.24,133.15,192582592,2025-12-23T03:47:22Z
SPY,2008-03-04,95.51,95.8,94.07,94.98,393253383,132.99,133.4,130.99,132.25,282422112,2025-12-23T03:47:22Z
SPY,2008-03-05,96.11,96.79,95.04,95.81,376882396,133.83,134.77,132.34,133.41,270664800,2025-12-23T03:47:22Z
SPY,2008-03-06,94.12,95.67,93.76,95.5,345100567,131.06,133.22,130.55,132.98,247840192,2025-12-23T03:47:22Z
SPY,2008-03-07,93.15,94.61,92.34,93.1,454512749,129.71,131.74,128.58,129.63,326416608,2025-12-23T03:47:22Z
SPY,2008-03-10,91.93,93.31,91.63,93.22,328150957,128,129.93,127.59,129.81,235667504,2025-12-23T03:47:22Z
SPY,2008-03-11,95.23,95.31,91.72,93.88,475968887,132.6,132.72,127.72,130.72,341825696,2025-12-23T03:47:22Z
SPY,2008-03-12,94.34,96.07,94.19,95.32,319025789,131.36,133.77,131.16,132.73,229114000,2025-12-23T03:47:22Z
SPY,2008-03-13,94.55,95.26,92.36,93.08,489898966,131.65,132.64,128.6,129.61,351829696,2025-12-23T03:47:22Z
SPY,2008-03-14,93.08,95.38,91.77,95.35,674876567,129.61,132.81,127.78,132.77,484674496,2025-12-23T03:47:22Z
SPY,2008-03-17,92.14,92.83,90.54,90.9,564237828,128.3,129.26,126.07,126.57,405217312,2025-12-23T03:47:22Z
SPY,2008-03-18,95.97,96.01,93.35,93.8,465610634,133.63,133.69,129.98,130.61,334386688,2025-12-23T03:47:22Z
SPY,2008-03-19,93.59,96.7,93.39,96.33,481598220,130.32,134.65,130.04,134.14,345868192,2025-12-23T03:47:22Z
SPY,2008-03-20,95.33,95.92,93.29,93.86,339895948,132.08,132.91,129.26,130.05,245310800,2025-12-23T03:47:22Z
SPY,2008-03-24,97.23,98.02,96.16,96.21,289693746,134.72,135.81,133.24,133.31,209078800,2025-12-23T03:47:22Z
SPY,2008-03-25,97.32,97.83,96.55,97.33,267247114,134.85,135.55,133.77,134.86,192878496,2025-12-23T03:47:22Z
SPY,2008-03-26,96.13,97.5,96.07,97.04,272834326,133.2,135.09,133.11,134.46,196911008,2025-12-23T03:47:22Z
SPY,2008-03-27,95.83,97.03,95.53,96.86,311944001,132.78,134.44,132.36,134.2,225137200,2025-12-23T03:47:22Z
SPY,2008-03-28,94.91,96.25,94.59,95.98,250654021,131.51,133.36,131.06,132.99,180902800,2025-12-23T03:47:22Z
SPY,2008-03-31,95.25,95.79,94.61,94.75,230931233,131.97,132.73,131.09,131.29,166668400,2025-12-23T03:47:22Z
SPY,2008-04-01,98.59,98.76,96.36,96.5,352582022,136.61,136.84,133.51,133.71,254466592,2025-12-23T03:47:22Z
SPY,2008-04-02,98.66,99.36,98.14,98.92,292199576,136.7,137.67,135.98,137.06,210887296,2025-12-23T03:47:22Z
SPY,2008-04-03,98.91,99.19,97.94,98.11,243675289,137.04,137.44,135.71,135.94,175866208,2025-12-23T03:47:22Z
SPY,2008-04-04,98.8,99.57,98.24,98.96,283309138,136.89,137.96,136.12,137.12,204470800,2025-12-23T03:47:22Z
SPY,2008-04-07,98.85,100.01,98.69,99.5,213862509,136.96,138.57,136.74,137.87,154349504,2025-12-23T03:47:22Z
SPY,2008-04-08,98.75,98.99,98.12,98.29,206035171,136.82,137.16,135.95,136.19,148700400,2025-12-23T03:47:22Z
SPY,2008-04-09,98.03,98.73,97.35,98.59,270969287,135.83,136.8,134.89,136.61,195564896,2025-12-23T03:47:22Z
SPY,2008-04-10,98.19,98.64,97.36,97.71,263103070,136.05,136.67,134.9,135.39,189887696,2025-12-23T03:47:22Z
SPY,2008-04-11,96.26,98.14,96,97.01,308930876,133.38,135.98,133.01,134.42,222962704,2025-12-23T03:47:22Z
SPY,2008-04-14,95.94,96.38,95.66,96.13,222381023,132.93,133.54,132.55,133.19,160497600,2025-12-23T03:47:22Z
SPY,2008-04-15,96.16,96.49,95.51,96.41,238797380,133.24,133.69,132.33,133.58,172345600,2025-12-23T03:47:22Z
SPY,2008-04-16,98.77,98.83,97,97.1,262147953,136.85,136.93,134.4,134.54,189198208,2025-12-23T03:47:22Z
SPY,2008-04-17,98.91,99.06,97.91,98.17,248972083,137.05,137.25,135.66,136.02,179688992,2025-12-23T03:47:22Z
SPY,2008-04-18,99.94,100.72,99.78,100.28,302771812,138.48,139.56,138.26,138.95,218517600,2025-12-23T03:47:22Z
SPY,2008-04-21,99.99,100.31,98.78,99.76,164301699,138.55,138.98,136.87,138.23,118580400,2025-12-23T03:47:22Z
SPY,2008-04-22,99.55,99.86,98.62,99.73,224660368,137.94,138.37,136.64,138.19,162142592,2025-12-23T03:47:22Z
SPY,2008-04-23,99.4,100.16,98.96,99.66,267827396,137.72,138.78,137.12,138.08,193297200,2025-12-23T03:47:22Z
SPY,2008-04-24,99.83,100.85,98.91,99.66,317794430,138.32,139.74,137.04,138.08,229359696,2025-12-23T03:47:22Z
SPY,2008-04-25,100.75,100.96,99.53,100.61,264332264,139.6,139.89,137.91,139.41,190774800,2025-12-23T03:47:22Z
SPY,2008-04-28,100.77,101.22,100.59,100.95,146328276,139.63,140.25,139.38,139.88,105608496,2025-12-23T03:47:22Z
SPY,2008-04-29,100.38,100.85,100.04,100.61,173891818,139.08,139.73,138.61,139.4,125501800,2025-12-23T03:47:22Z
SPY,2008-04-30,99.79,101.47,99.78,100.53,288721606,138.26,140.59,138.26,139.29,208377200,2025-12-23T03:47:22Z
SPY,2008-05-01,101.85,101.85,99.79,99.88,259469484,141.12,141.12,138.27,138.39,187265200,2025-12-23T03:47:22Z
SPY,2008-05-02,102.13,102.75,101.44,102.72,251572895,141.51,142.37,140.56,142.33,181566096,2025-12-23T03:47:22Z
SPY,2008-05-05,101.64,102.2,101.34,101.8,164199894,140.83,141.61,140.41,141.05,118506896,2025-12-23T03:47:22Z
SPY,2008-05-06,102.52,102.63,100.82,101.05,248472365,142.05,142.2,139.69,140.01,179328304,2025-12-23T03:47:22Z
SPY,2008-05-07,100.69,102.51,100.41,102.41,276087635,139.52,142.04,139.13,141.89,199259008,2025-12-23T03:47:22Z
SPY,2008-05-08,100.48,101.27,100.31,100.85,244671507,139.22,140.32,138.98,139.74,176585104,2025-12-23T03:47:22Z
SPY,2008-05-09,100.25,100.6,99.92,100.04,211405316,138.9,139.39,138.45,138.61,152576192,2025-12-23T03:47:22Z
SPY,2008-05-12,101.37,101.44,100.12,100.5,209056762,140.46,140.56,138.73,139.25,150881200,2025-12-23T03:47:22Z
SPY,2008-05-13,101.39,101.68,100.85,101.62,220490970,140.48,140.89,139.73,140.8,159133504,2025-12-23T03:47:22Z
SPY,2008-05-14,101.6,102.63,101.37,101.81,252040187,140.77,142.2,140.46,141.07,181903296,2025-12-23T03:47:22Z
SPY,2008-05-15,102.87,102.94,101.64,101.79,231278963,142.53,142.63,140.83,141.04,166919392,2025-12-23T03:47:22Z
SPY,2008-05-16,102.96,103.11,102.2,103.11,282973554,142.66,142.87,141.61,142.86,204228704,2025-12-23T03:47:22Z
SPY,2008-05-19,103.24,104.14,102.7,103.07,229586507,143.05,144.3,142.3,142.81,165697904,2025-12-23T03:47:22Z
SPY,2008-05-20,102.41,102.73,101.76,102.68,247380604,141.89,142.34,141,142.27,178540304,2025-12-23T03:47:22Z
SPY,2008-05-21,100.67,102.57,100.32,102.36,350147181,139.49,142.12,139,141.83,252709408,2025-12-23T03:47:22Z
SPY,2008-05-22,100.69,101.16,100.32,100.61,236665375,139.51,140.17,139,139.41,170806896,2025-12-23T03:47:22Z
SPY,2008-05-23,99.34,100.8,99.25,100.36,251386347,137.64,139.66,137.52,139.05,181431392,2025-12-23T03:47:22Z
SPY,2008-05-27,100.07,100.32,99.26,99.45,233206301,138.66,139,137.53,137.8,168310496,2025-12-23T03:47:22Z
SPY,2008-05-28,100.54,101.04,99.6,100.44,251175630,139.3,140,138,139.17,181279392,2025-12-23T03:47:22Z
SPY,2008-05-29,101.04,101.71,100.38,100.41,240964840,140,140.93,139.08,139.13,173910000,2025-12-23T03:47:22Z
SPY,2008-05-30,101.29,101.58,101,101.38,162604232,140.35,140.74,139.94,140.47,117355296,2025-12-23T03:47:22Z
SPY,2008-06-02,100.25,100.94,99.6,100.92,250862669,138.9,139.86,138,139.83,181053504,2025-12-23T03:47:22Z
SPY,2008-06-03,99.66,100.77,99.04,100.54,376908322,138.09,139.62,137.23,139.3,272023616,2025-12-23T03:47:22Z
SPY,2008-06-04,99.61,100.44,99.21,99.38,341851777,138.02,139.16,137.46,137.7,246722496,2025-12-23T03:47:22Z
SPY,2008-06-05,101.6,101.68,99.83,100.02,329550267,140.78,140.89,138.32,138.58,237844096,2025-12-23T03:47:22Z
SPY,2008-06-06,98.36,100.9,98.31,100.74,532417283,136.29,139.8,136.22,139.58,384258112,2025-12-23T03:47:22Z
SPY,2008-06-09,98.6,99.24,97.73,98.78,316270068,136.62,137.5,135.41,136.86,228259392,2025-12-23T03:47:22Z
SPY,2008-06-10,98.11,98.95,97.69,97.92,360567161,135.94,137.1,135.35,135.68,260229792,2025-12-23T03:47:22Z
SPY,2008-06-11,96.67,98.34,96.66,98.13,393563372,133.94,136.26,133.93,135.97,284043808,2025-12-23T03:47:22Z
SPY,2008-06-12,97.04,98.06,96.36,97.14,350244463,134.45,135.87,133.52,134.6,252779600,2025-12-23T03:47:22Z
SPY,2008-06-13,98.26,98.53,97.01,97.56,339076140,136.15,136.52,134.42,135.17,244719104,2025-12-23T03:47:22Z
SPY,2008-06-16,98.32,98.83,97.77,97.83,257479887,136.23,136.93,135.46,135.55,185829296,2025-12-23T03:47:22Z
SPY,2008-06-17,97.84,98.96,97.7,98.93,265654505,135.57,137.12,135.37,137.07,191728992,2025-12-23T03:47:22Z
SPY,2008-06-18,96.89,97.81,96.5,97.22,369884496,134.25,135.52,133.71,134.7,266954400,2025-12-23T03:47:22Z
SPY,2008-06-19,97.01,97.61,95.27,96.82,421596246,134.42,135.24,132,134.15,304276000,2025-12-23T03:47:22Z
SPY,2008-06-20,95.44,96.53,95.18,96.35,398798679,131.58,133.09,131.22,132.84,289262400,2025-12-23T03:47:22Z
SPY,2008-06-23,95.35,95.91,95.25,95.81,227633633,131.45,132.23,131.32,132.09,165110496,2025-12-23T03:47:22Z
SPY,2008-06-24,95.16,96.06,94.43,95.06,368504060,131.19,132.44,130.19,131.05,267288608,2025-12-23T03:47:22Z
SPY,2008-06-25,95.61,96.76,95.19,95.54,396803969,131.81,133.4,131.24,131.72,287815488,2025-12-23T03:47:22Z
SPY,2008-06-26,93.01,95.32,92.9,94.71,410455192,128.23,131.42,128.08,130.57,297717184,2025-12-23T03:47:22Z
SPY,2008-06-27,92.5,93.47,92.14,93.05,418307697,127.53,128.86,127.03,128.29,303412992,2025-12-23T03:47:22Z
SPY,2008-06-30,92.83,93.5,92.33,92.76,356886826,127.98,128.91,127.3,127.89,258862304,2025-12-23T03:47:22Z
SPY,2008-07-01,93.12,93.18,91.34,91.77,535771104,128.38,128.47,125.93,126.52,388613088,2025-12-23T03:47:22Z
SPY,2008-07-02,91.52,93.68,91.36,93.43,401467775,126.18,129.16,125.95,128.81,291198400,2025-12-23T03:47:22Z
SPY,2008-07-03,91.62,92.2,90.66,92.17,329998918,126.31,127.11,124.99,127.07,239359600,2025-12-23T03:47:22Z
SPY,2008-07-07,90.68,92.36,89.88,91.97,513410806,125.02,127.34,123.92,126.79,372394496,2025-12-23T03:47:22Z
SPY,2008-07-08,92.29,92.4,90.09,90.65,518617289,127.24,127.39,124.2,124.98,376171200,2025-12-23T03:47:22Z
SPY,2008-07-09,90.51,92.65,90.22,92.48,464244675,124.79,127.74,124.39,127.5,336732704,2025-12-23T03:47:22Z
SPY,2008-07-10,90.88,91.24,89.64,90.25,601739298,125.3,125.79,123.58,124.43,436462208,2025-12-23T03:47:22Z
SPY,2008-07-11,89.83,91.32,88.85,89.92,663284329,123.84,125.9,122.49,123.97,481102912,2025-12-23T03:47:22Z
SPY,2008-07-14,89.01,91.03,88.78,90.86,444832509,122.72,125.5,122.4,125.26,322652192,2025-12-23T03:47:22Z
SPY,2008-07-15,87.76,89.57,87.06,88.35,692736380,120.99,123.49,120.02,121.8,502465504,2025-12-23T03:47:22Z
SPY,2008-07-16,89.91,90.36,87.84,88.09,512318053,123.96,124.57,121.1,121.45,371602112,2025-12-23T03:47:22Z
SPY,2008-07-17,90.81,91.58,90.01,90.78,517651642,125.2,126.26,124.09,125.15,375470688,2025-12-23T03:47:22Z
SPY,2008-07-18,91.38,91.7,90.78,91.52,368138043,125.98,126.42,125.15,126.17,267023104,2025-12-23T03:47:22Z
SPY,2008-07-21,91.43,91.97,90.81,91.76,307201081,126.05,126.8,125.19,126.51,222823504,2025-12-23T03:47:22Z
SPY,2008-07-22,92.47,92.7,90.56,90.78,409326112,127.48,127.8,124.85,125.15,296898208,2025-12-23T03:47:22Z
SPY,2008-07-23,92.97,93.68,92.52,92.76,429697004,128.17,129.15,127.55,127.89,311673984,2025-12-23T03:47:22Z
SPY,2008-07-24,91.04,93.14,90.78,93.1,342750835,125.51,128.41,125.16,128.35,248608896,2025-12-23T03:47:22Z
SPY,2008-07-25,91.02,91.75,90.79,91.31,302106475,125.48,126.49,125.17,125.89,219128304,2025-12-23T03:47:22Z
SPY,2008-07-28,89.68,91.44,89.52,91.04,282843617,123.64,126.06,123.42,125.51,205156096,2025-12-23T03:47:22Z
SPY,2008-07-29,91.6,91.67,89.68,89.93,360448332,126.28,126.38,123.64,123.98,261445504,2025-12-23T03:47:22Z
SPY,2008-07-30,93.23,93.28,91.59,92.2,488958049,128.53,128.6,126.28,127.11,354657984,2025-12-23T03:47:22Z
SPY,2008-07-31,91.99,93.26,91.85,92.41,382414240,126.83,128.57,126.63,127.4,277378304,2025-12-23T03:47:22Z
SPY,2008-08-01,91.51,92.32,91,92.2,342863602,126.16,127.28,125.46,127.12,248690800,2025-12-23T03:47:22Z
SPY,2008-08-04,90.66,91.49,90.49,91.42,259521117,124.99,126.14,124.76,126.04,188239504,2025-12-23T03:47:22Z
SPY,2008-08-05,93.1,93.25,90.64,91.41,346850753,128.36,128.56,124.97,126.02,251582704,2025-12-23T03:47:22Z
SPY,2008-08-06,93.52,93.79,92.47,92.86,288842222,128.93,129.3,127.48,128.03,209507296,2025-12-23T03:47:22Z
SPY,2008-08-07,92.12,93.6,91.78,92.81,339549114,127.01,129.05,126.54,127.96,246286592,2025-12-23T03:47:22Z
SPY,2008-08-08,93.84,94.24,91.67,91.83,359519591,129.37,129.93,126.38,126.6,260771904,2025-12-23T03:47:22Z
SPY,2008-08-11,94.81,95.39,93.73,93.91,343860571,130.71,131.51,129.23,129.47,249414000,2025-12-23T03:47:22Z
SPY,2008-08-12,93.82,94.8,93.37,94.5,293911360,129.35,130.7,128.73,130.29,213184000,2025-12-23T03:47:22Z
SPY,2008-08-13,93.26,94.04,92.6,93.41,353488056,128.57,129.65,127.67,128.78,256397200,2025-12-23T03:47:22Z
SPY,2008-08-14,93.96,94.5,92.66,92.73,330236144,129.54,130.28,127.75,127.84,239531600,2025-12-23T03:47:22Z
SPY,2008-08-15,94.42,94.66,93.79,94.24,249545388,130.17,130.5,129.3,129.93,181003904,2025-12-23T03:47:22Z
SPY,2008-08-18,93.13,94.64,92.6,94.61,237431399,128.39,130.48,127.66,130.43,172217200,2025-12-23T03:47:22Z
SPY,2008-08-19,92.11,92.93,91.78,92.42,268369242,126.99,128.12,126.53,127.42,194657408,2025-12-23T03:47:22Z
SPY,2008-08-20,92.54,92.81,91.64,92.4,310879676,127.58,127.95,126.34,127.39,225491808,2025-12-23T03:47:22Z
SPY,2008-08-21,92.7,93.16,91.83,91.94,248993113,127.8,128.44,126.6,126.75,180603200,2025-12-23T03:47:22Z
SPY,2008-08-22,94.04,94.04,92.7,93.33,231186610,129.65,129.65,127.8,128.67,167687600,2025-12-23T03:47:22Z
SPY,2008-08-25,92.13,94.04,91.94,93.42,237033072,127.02,129.65,126.75,128.8,171928304,2025-12-23T03:47:22Z
SPY,2008-08-26,92.4,92.75,91.81,92.13,219360644,127.39,127.87,126.58,127.02,159109904,2025-12-23T03:47:22Z
SPY,2008-08-27,93.3,93.44,92.33,92.52,235779728,128.63,128.83,127.3,127.55,171019200,2025-12-23T03:47:22Z
SPY,2008-08-28,94.43,94.54,93.3,93.77,230807990,130.19,130.34,128.63,129.28,167412992,2025-12-23T03:47:22Z
SPY,2008-08-29,93.42,94.39,93.21,94.1,260847562,128.79,130.14,128.51,129.73,189201696,2025-12-23T03:47:22Z
SPY,2008-09-02,92.84,94.81,92.5,94.31,347982472,127.99,130.71,127.52,130.03,252403808,2025-12-23T03:47:22Z
SPY,2008-09-03,92.76,93.21,92.07,92.76,347320897,127.88,128.5,126.93,127.88,251923904,2025-12-23T03:47:22Z
SPY,2008-09-04,89.96,92.28,89.91,92.1,469173490,124.03,127.23,123.96,126.97,340307584,2025-12-23T03:47:22Z
SPY,2008-09-05,90.25,90.63,88.49,89.42,399049648,124.42,124.95,122,123.28,289444416,2025-12-23T03:47:22Z
SPY,2008-09-08,92.11,93.02,90.25,92.87,502028795,126.99,128.24,124.42,128.04,364138688,2025-12-23T03:47:22Z
SPY,2008-09-09,89.38,92.38,89.07,92.19,519864224,123.22,127.36,122.8,127.1,377075392,2025-12-23T03:47:22Z
SPY,2008-09-10,89.74,90.59,88.89,89.86,412069085,123.72,124.9,122.55,123.89,298888000,2025-12-23T03:47:22Z
SPY,2008-09-11,91.04,91.2,88.2,88.57,517445341,125.51,125.74,121.6,122.11,375320800,2025-12-23T03:47:22Z
SPY,2008-09-12,91.46,91.54,89.82,90.15,410526989,126.09,126.21,123.83,124.29,297769312,2025-12-23T03:47:22Z
SPY,2008-09-15,87.11,91.14,86.96,88.22,666277114,120.09,125.65,119.89,121.63,483273696,2025-12-23T03:47:22Z
SPY,2008-09-16,88.56,88.72,84.86,85.01,798006200,122.1,122.32,117,117.2,578821184,2025-12-23T03:47:22Z
SPY,2008-09-17,84.58,88.38,84.14,86.78,860097823,116.61,121.85,116,119.64,623858176,2025-12-23T03:47:22Z
SPY,2008-09-18,87.09,88.34,82.54,85.61,1045803995,120.07,121.79,113.8,118.03,758557568,2025-12-23T03:47:22Z
SPY,2008-09-19,90.55,93.38,85,92.43,686889516,124.12,128,116.52,126.7,501107808,2025-12-23T03:47:22Z
SPY,2008-09-22,88.5,91.01,87.81,90.79,342618930,121.31,124.75,120.36,124.45,249951696,2025-12-23T03:47:22Z
SPY,2008-09-23,86.49,89.02,86.29,88.16,449579405,118.55,122.02,118.28,120.85,327982496,2025-12-23T03:47:22Z
SPY,2008-09-24,86.76,87.54,85.93,87.07,427450875,118.93,120,117.79,119.35,311839296,2025-12-23T03:47:22Z
SPY,2008-09-25,88.12,88.94,86.41,87.11,449727084,120.79,121.91,118.44,119.4,328090400,2025-12-23T03:47:22Z
SPY,2008-09-26,88.16,88.64,86.46,86.69,391857675,120.85,121.5,118.51,118.83,285872896,2025-12-23T03:47:22Z
SPY,2008-09-29,81.26,88.41,80.96,86.95,610900184,111.38,121.18,110.97,119.18,445671392,2025-12-23T03:47:22Z
SPY,2008-09-30,84.62,85.21,80.64,82.82,450141966,115.99,116.8,110.53,113.53,328392896,2025-12-23T03:47:22Z
SPY,2008-10-01,84.67,85.13,83.13,84.09,456508051,116.06,116.69,113.95,115.27,333037312,2025-12-23T03:47:22Z
SPY,2008-10-02,81.6,83.98,81.02,83.86,501151949,111.85,115.11,111.06,114.95,365606592,2025-12-23T03:47:22Z
SPY,2008-10-03,80.5,84.22,80.02,82.33,633036387,110.34,115.45,109.68,112.86,461820512,2025-12-23T03:47:22Z
SPY,2008-10-06,76.4,78.51,73.42,78.17,837088212,104.72,107.62,100.64,107.15,610682688,2025-12-23T03:47:22Z
SPY,2008-10-07,72.98,78.3,72.7,77.94,740354643,100.03,107.33,99.65,106.84,540112512,2025-12-23T03:47:22Z
SPY,2008-10-08,71.14,74.54,70.63,71.14,994698258,97.51,102.18,96.81,97.52,725664576,2025-12-23T03:47:22Z
SPY,2008-10-09,66.17,73.41,65.84,72.7,732814457,90.7,100.62,90.25,99.66,534612000,2025-12-23T03:47:22Z
SPY,2008-10-10,64.56,68.53,60.97,63.33,1194394401,88.5,93.94,83.58,86.81,871349120,2025-12-23T03:47:22Z
SPY,2008-10-13,73.94,73.94,65.62,68.48,625814726,101.35,101.35,89.95,93.87,456552096,2025-12-23T03:47:22Z
SPY,2008-10-14,72.84,76.99,70.84,76.35,749049727,99.85,105.53,97.11,104.66,546456000,2025-12-23T03:47:22Z
SPY,2008-10-15,65.67,71.35,65.45,71.1,664187919,90.02,97.8,89.71,97.46,484546592,2025-12-23T03:47:22Z
SPY,2008-10-16,68.41,69.14,63.13,66.58,971374700,93.77,94.77,86.54,91.27,708648832,2025-12-23T03:47:22Z
SPY,2008-10-17,68,71.92,66.86,67.11,653505444,93.21,98.59,91.65,91.99,476753312,2025-12-23T03:47:22Z
SPY,2008-10-20,72.09,72.3,68.64,69.56,440240588,98.81,99.1,94.09,95.35,321169792,2025-12-23T03:47:22Z
SPY,2008-10-21,69.93,71.96,69.47,70.74,488525776,95.86,98.64,95.22,96.97,356395488,2025-12-23T03:47:22Z
SPY,2008-10-22,66.12,69.93,63.86,67.99,707463490,90.64,95.86,87.53,93.2,516117408,2025-12-23T03:47:22Z
SPY,2008-10-23,66.89,67.44,62.6,65.94,869841354,91.69,92.45,85.81,90.38,634577216,2025-12-23T03:47:22Z
SPY,2008-10-24,63.5,65.6,61.28,61.33,748052015,87.04,89.92,84,84.06,545728192,2025-12-23T03:47:22Z
SPY,2008-10-27,61.24,65.3,61.06,62.72,548310768,83.95,89.51,83.7,85.97,400010208,2025-12-23T03:47:22Z
SPY,2008-10-28,68.4,68.75,61.67,63.8,877043598,93.76,94.24,84.53,87.46,639831168,2025-12-23T03:47:22Z
SPY,2008-10-29,67.9,70.89,67.19,68.41,728260466,93.08,97.17,92.1,93.77,531289792,2025-12-23T03:47:22Z
SPY,2008-10-30,70.25,70.43,67.77,69.95,568186591,96.3,96.54,92.9,95.88,414510688,2025-12-23T03:47:22Z
SPY,2008-10-31,70.64,71.91,68.93,69.37,564040775,96.83,98.57,94.48,95.09,411485888,2025-12-23T03:47:22Z
SPY,2008-11-03,70.84,71.27,70,70.61,281679294,97.11,97.69,95.95,96.79,205494208,2025-12-23T03:47:22Z
SPY,2008-11-04,73.25,73.58,70.55,72.27,475530300,100.41,100.86,96.71,99.06,346914496,2025-12-23T03:47:22Z
SPY,2008-11-05,70.17,73.47,69.31,72.35,535007584,96.19,100.71,95,99.17,390305216,2025-12-23T03:47:22Z
SPY,2008-11-06,66.29,69.63,65.7,68.94,655101382,90.86,95.44,90.06,94.5,477917600,2025-12-23T03:47:22Z
SPY,2008-11-07,68.47,68.58,66.29,66.86,521561466,93.86,94,90.87,91.65,380495904,2025-12-23T03:47:22Z
SPY,2008-11-10,67.58,69.69,66.33,69.46,413710243,92.63,95.53,90.92,95.21,301815104,2025-12-23T03:47:22Z
SPY,2008-11-11,65.49,67.22,64.67,66.22,573677129,89.77,92.14,88.65,90.77,418515904,2025-12-23T03:47:22Z
SPY,2008-11-12,62.61,65.77,62.1,64.37,622537358,85.82,90.15,85.12,88.23,454161408,2025-12-23T03:47:22Z
SPY,2008-11-13,66.51,66.92,59.89,62.84,1032606556,91.17,91.73,82.09,86.13,753319168,2025-12-23T03:47:22Z
SPY,2008-11-14,63.19,67.16,63.12,65.23,740610030,86.62,92.06,86.52,89.41,540299008,2025-12-23T03:47:22Z
SPY,2008-11-17,62.35,64.61,62.13,63.02,569515919,85.47,88.56,85.16,86.38,415480096,2025-12-23T03:47:22Z
SPY,2008-11-18,63.53,63.63,60.49,62.12,718305946,87.08,87.22,82.91,85.15,524027584,2025-12-23T03:47:22Z
SPY,2008-11-19,59.46,63.37,59.03,62.67,765736057,81.5,86.87,80.92,85.91,558629376,2025-12-23T03:47:22Z
SPY,2008-11-20,55.04,60.19,54.75,58.46,1115668241,75.45,82.51,75.05,80.13,813915904,2025-12-23T03:47:22Z
SPY,2008-11-21,58.01,59.02,54.23,56.52,985076591,79.52,80.9,74.34,77.47,718645120,2025-12-23T03:47:22Z
SPY,2008-11-24,62.03,63.46,58.62,59.76,717477298,85.03,86.99,80.36,81.92,523422592,2025-12-23T03:47:22Z
SPY,2008-11-25,62.49,63.84,61.15,63.67,622544723,85.66,87.51,83.82,87.28,454166208,2025-12-23T03:47:22Z
SPY,2008-11-26,64.91,65.07,61.46,61.5,507552611,88.97,89.19,84.24,84.3,370276096,2025-12-23T03:47:22Z
SPY,2008-11-28,65.72,65.75,64.55,64.66,164359039,90.09,90.13,88.48,88.63,119905296,2025-12-23T03:47:22Z
SPY,2008-12-01,59.9,63.87,59.72,63.84,507869451,82.11,87.55,81.86,87.51,370507200,2025-12-23T03:47:22Z
SPY,2008-12-02,62.21,62.37,59.85,60.85,643761967,85.27,85.49,82.04,83.41,469644992,2025-12-23T03:47:22Z
SPY,2008-12-03,63.7,64.08,60.65,60.84,712795668,87.32,87.83,83.14,83.4,520007808,2025-12-23T03:47:22Z
SPY,2008-12-04,62.23,64.23,61.09,62.78,608863448,85.3,88.05,83.74,86.06,444185504,2025-12-23T03:47:22Z
SPY,2008-12-05,64.15,64.5,60,61.02,647049115,87.93,88.42,82.24,83.65,472043392,2025-12-23T03:47:22Z
SPY,2008-12-08,66.39,67.39,64.26,65.91,566019854,91,92.38,88.08,90.34,412929504,2025-12-23T03:47:22Z
SPY,2008-12-09,65.29,67.21,64.91,65.93,508297633,89.5,92.13,88.98,90.37,370819296,2025-12-23T03:47:22Z
SPY,2008-12-10,65.74,66.65,64.93,65.89,543157338,90.11,91.36,89,90.32,396250496,2025-12-23T03:47:22Z
SPY,2008-12-11,64.16,66.39,63.74,65.32,501445466,87.94,91,87.37,89.54,365820800,2025-12-23T03:47:22Z
SPY,2008-12-12,64.92,64.98,62.16,62.41,569005735,88.99,89.07,85.2,85.55,415108192,2025-12-23T03:47:22Z
SPY,2008-12-15,64.02,65.04,62.95,64.94,351892208,87.75,89.15,86.29,89.02,256716896,2025-12-23T03:47:22Z
SPY,2008-12-16,67.03,67.13,64.33,64.42,516140861,91.88,92.02,88.18,88.3,376541312,2025-12-23T03:47:22Z
SPY,2008-12-17,66.38,67.43,65.7,66.27,391900274,90.99,92.43,90.06,90.84,285903712,2025-12-23T03:47:22Z
SPY,2008-12-18,65.14,66.88,64.35,66.68,513652548,89.29,91.67,88.21,91.4,374725888,2025-12-23T03:47:22Z
SPY,2008-12-19,64.86,66.65,64.79,65.53,409957166,88.19,90.62,88.09,89.1,301504704,2025-12-23T03:47:22Z
SPY,2008-12-22,64.03,65.21,62.87,65.15,331896212,87.06,88.67,85.49,88.58,244094704,2025-12-23T03:47:22Z
SPY,2008-12-23,63.37,64.67,63.1,64.37,301490430,86.16,87.93,85.8,87.53,221732608,2025-12-23T03:47:22Z
SPY,2008-12-24,63.73,63.89,63.25,63.58,84495217,86.66,86.87,86,86.45,62142400,2025-12-23T03:47:22Z
SPY,2008-12-26,64.1,64.2,63.62,64.16,101667093,87.16,87.3,86.5,87.24,74771504,2025-12-23T03:47:22Z
SPY,2008-12-29,63.92,64.23,62.95,64.16,174422627,86.91,87.33,85.6,87.24,128279800,2025-12-23T03:47:22Z
SPY,2008-12-30,65.43,65.49,63.9,64.36,228883036,88.97,89.05,86.88,87.51,168333104,2025-12-23T03:47:22Z
SPY,2008-12-31,66.37,66.9,65.36,65.51,263901906,90.24,90.97,88.87,89.08,194087808,2025-12-23T03:47:22Z
SPY,2009-01-02,68.37,68.72,66.08,66.51,309480441,92.96,93.44,89.85,90.44,227608608,2025-12-23T03:47:22Z
SPY,2009-01-05,68.29,69.54,67.58,68.12,327041533,92.85,94.55,91.89,92.63,240524000,2025-12-23T03:47:22Z
SPY,2009-01-06,68.74,69.46,68.16,68.87,446470001,93.47,94.45,92.68,93.64,328358208,2025-12-23T03:47:22Z
SPY,2009-01-07,66.68,67.85,66.34,67.66,382037528,90.67,92.26,90.2,92,280971392,2025-12-23T03:47:22Z
SPY,2009-01-08,66.96,66.99,65.95,66.31,358683773,91.04,91.09,89.67,90.16,263795696,2025-12-23T03:47:22Z
SPY,2009-01-09,65.52,67.16,65.32,67.04,450234249,89.09,91.32,88.81,91.16,331126592,2025-12-23T03:47:22Z
SPY,2009-01-12,63.95,65.39,63.55,65.34,377894590,86.95,88.91,86.41,88.84,277924416,2025-12-23T03:47:22Z
SPY,2009-01-13,64.07,64.63,63.4,63.79,484812524,87.11,87.88,86.2,86.73,356557312,2025-12-23T03:47:22Z
SPY,2009-01-14,62.05,63.06,61.16,62.91,592629843,84.37,85.75,83.16,85.54,435852288,2025-12-23T03:47:22Z
SPY,2009-01-15,62.07,62.7,60.1,61.87,725574296,84.4,85.25,81.72,84.12,533627200,2025-12-23T03:47:22Z
SPY,2009-01-16,62.56,63.24,61.08,63.15,542916030,85.06,85.99,83.05,85.86,399290304,2025-12-23T03:47:22Z
SPY,2009-01-20,59.26,62.56,58.87,61.95,571074878,80.57,85.06,80.05,84.23,419999808,2025-12-23T03:47:22Z
SPY,2009-01-21,61.81,61.95,59.18,60.26,495778618,84.05,84.24,80.47,81.94,364622304,2025-12-23T03:47:22Z
SPY,2009-01-22,60.86,61.81,59.7,60.62,581760983,82.75,84.04,81.17,82.42,427859008,2025-12-23T03:47:22Z
SPY,2009-01-23,61.12,61.77,59.26,59.5,525909563,83.11,83.99,80.57,80.9,386782400,2025-12-23T03:47:22Z
SPY,2009-01-26,61.54,62.78,60.9,61.48,432611225,83.68,85.36,82.81,83.59,318165696,2025-12-23T03:47:22Z
SPY,2009-01-27,62.17,62.62,61.26,61.87,372498979,84.53,85.15,83.3,84.13,273956192,2025-12-23T03:47:22Z
SPY,2009-01-28,64.27,64.68,63.3,63.54,448937947,87.39,87.95,86.07,86.4,330173600,2025-12-23T03:47:22Z
SPY,2009-01-29,62.18,64.34,62.12,63.33,400343191,84.55,87.49,84.47,86.11,294434304,2025-12-23T03:47:22Z
SPY,2009-01-30,60.92,62.81,60.46,62.5,521356323,82.83,85.4,82.21,84.98,383433888,2025-12-23T03:47:22Z
SPY,2009-02-02,60.73,61.17,59.8,59.99,392166287,82.58,83.18,81.31,81.57,288420288,2025-12-23T03:47:22Z
SPY,2009-02-03,61.59,62.04,60.47,61.12,378579108,83.74,84.36,82.22,83.1,278427904,2025-12-23T03:47:22Z
SPY,2009-02-04,61.29,62.79,61.07,62,439062800,83.33,85.37,83.04,84.3,322910592,2025-12-23T03:47:22Z
SPY,2009-02-05,62.2,62.73,60.4,60.82,567788937,84.57,85.29,82.12,82.7,417583008,2025-12-23T03:47:22Z
SPY,2009-02-06,63.97,64.23,62.28,62.41,497705038,86.98,87.34,84.68,84.86,366039200,2025-12-23T03:47:22Z
SPY,2009-02-09,64.06,64.53,63.48,63.95,325841168,87.1,87.74,86.32,86.96,239641408,2025-12-23T03:47:22Z
SPY,2009-02-10,61.12,64.01,60.64,63.45,728891199,83.11,87.03,82.45,86.27,536066112,2025-12-23T03:47:22Z
SPY,2009-02-11,61.48,61.81,60.6,61.37,441240565,83.6,84.05,82.4,83.45,324512384,2025-12-23T03:47:22Z
SPY,2009-02-12,61.53,61.65,59.61,60.43,638006293,83.66,83.82,81.05,82.17,469224384,2025-12-23T03:47:22Z
SPY,2009-02-13,60.87,61.95,60.85,61.45,399710240,82.76,84.24,82.74,83.55,293968608,2025-12-23T03:47:22Z
SPY,2009-02-17,58.26,61.01,58.23,58.95,651132804,79.22,82.96,79.17,80.16,478878496,2025-12-23T03:47:22Z
SPY,2009-02-18,58.12,58.79,57.57,58.68,493321165,79.03,79.94,78.28,79.79,362815488,2025-12-23T03:47:22Z
SPY,2009-02-19,57.5,58.95,57.38,58.72,430787325,78.18,80.15,78.02,79.84,316824288,2025-12-23T03:47:22Z
SPY,2009-02-20,56.94,57.62,55.73,56.43,648800950,77.42,78.34,75.77,76.73,477163712,2025-12-23T03:47:22Z
SPY,2009-02-23,54.9,57.56,54.86,57.56,516010905,74.65,78.27,74.59,78.27,379502688,2025-12-23T03:47:22Z
SPY,2009-02-24,56.98,57.33,54.94,55.37,579704131,77.48,77.95,74.7,75.29,426345888,2025-12-23T03:47:22Z
SPY,2009-02-25,56.53,57.67,55.62,56.73,627999708,76.87,78.42,75.63,77.14,461865312,2025-12-23T03:47:22Z
SPY,2009-02-26,55.62,57.64,55.55,57.23,493969817,75.62,78.37,75.53,77.82,363292512,2025-12-23T03:47:22Z
SPY,2009-02-27,54.37,55.67,54.28,54.43,639781553,73.93,75.69,73.81,74.01,470529792,2025-12-23T03:47:22Z
SPY,2009-03-02,51.92,54.37,51.75,53.34,579706108,70.6,73.92,70.37,72.52,426347584,2025-12-23T03:47:22Z
SPY,2009-03-03,51.53,52.73,51.22,52.67,603270746,70.07,71.7,69.64,71.61,443678208,2025-12-23T03:47:22Z
SPY,2009-03-04,52.75,53.59,51.53,52.39,629101430,71.73,72.87,70.07,71.23,462675008,2025-12-23T03:47:22Z
SPY,2009-03-05,50.6,52.75,50.14,51.55,659946647,68.8,71.73,68.17,70.1,485360992,2025-12-23T03:47:22Z
SPY,2009-03-06,50.69,51.81,49.35,51.04,666874982,68.92,70.45,67.1,69.4,490456000,2025-12-23T03:47:22Z
SPY,2009-03-09,50.09,51.48,49.81,49.97,516339969,68.11,70,67.73,67.95,379744512,2025-12-23T03:47:22Z
SPY,2009-03-10,53.08,53.23,51.02,51.12,552105635,72.17,72.37,69.37,69.51,406048192,2025-12-23T03:47:22Z
SPY,2009-03-11,53.42,54.24,52.83,53.69,484998320,72.64,73.75,71.83,73,356694112,2025-12-23T03:47:22Z
SPY,2009-03-12,55.53,55.71,52.93,53.41,557131827,75.5,75.75,71.97,72.62,409744992,2025-12-23T03:47:22Z
SPY,2009-03-13,55.96,56.62,54.96,55.9,458264635,76.09,76.98,74.73,76.01,337032608,2025-12-23T03:47:22Z
SPY,2009-03-16,55.79,57.34,55.76,56.6,490533918,75.86,77.97,75.81,76.96,360765504,2025-12-23T03:47:22Z
SPY,2009-03-17,57.5,57.63,55.49,55.95,485309986,78.18,78.36,75.45,76.07,356923200,2025-12-23T03:47:22Z
SPY,2009-03-18,58.78,59.5,56.68,57.23,643771048,79.93,80.9,77.07,77.81,473464512,2025-12-23T03:47:22Z
SPY,2009-03-19,58.06,59.57,57.87,59.52,582726133,78.94,81,78.69,80.93,428568704,2025-12-23T03:47:22Z
SPY,2009-03-20,56.82,58.45,56.69,58.34,501061863,76.71,78.91,76.53,78.76,371145696,2025-12-23T03:47:22Z
SPY,2009-03-23,60.9,60.95,58.01,58.32,567115867,82.22,82.29,78.31,78.74,420073408,2025-12-23T03:47:22Z
SPY,2009-03-24,59.7,61.01,59.63,60.18,446585802,80.6,82.36,80.51,81.24,330794304,2025-12-23T03:47:22Z
SPY,2009-03-25,60.33,61.26,58.56,60.17,596435270,81.45,82.7,79.06,81.23,441790496,2025-12-23T03:47:22Z
SPY,2009-03-26,61.56,61.7,60.23,60.92,569617866,83.11,83.3,81.32,82.25,421926400,2025-12-23T03:47:22Z
SPY,2009-03-27,60.45,61.13,60.23,60.78,435135725,81.61,82.53,81.31,82.05,322312896,2025-12-23T03:47:22Z
SPY,2009-03-30,58.36,59.16,57.75,59.11,437403496,78.79,79.87,77.96,79.8,323992800,2025-12-23T03:47:22Z
SPY,2009-03-31,58.9,60.06,58.55,58.93,491559487,79.52,81.08,79.05,79.56,364107008,2025-12-23T03:47:22Z
SPY,2009-04-01,60.04,60.31,58.02,58.17,508842905,81.06,81.42,78.33,78.53,376909088,2025-12-23T03:47:22Z
SPY,2009-04-02,61.8,62.67,60.09,61.54,642870201,83.43,84.61,81.13,83.08,476185504,2025-12-23T03:47:22Z
SPY,2009-04-03,62.41,62.43,61.23,61.84,384196010,84.26,84.28,82.67,83.49,284580896,2025-12-23T03:47:22Z
SPY,2009-04-06,61.92,62.42,60.95,61.73,357429800,83.6,84.27,82.29,83.34,264755008,2025-12-23T03:47:22Z
SPY,2009-04-07,60.48,61.22,60.38,60.92,349627920,81.65,82.65,81.51,82.25,258976000,2025-12-23T03:47:22Z
SPY,2009-04-08,61.13,61.44,60.4,60.78,310866542,82.53,82.94,81.54,82.06,230264608,2025-12-23T03:47:22Z
SPY,2009-04-09,63.56,63.57,62.47,62.72,363995948,85.81,85.82,84.33,84.67,269618304,2025-12-23T03:47:22Z
SPY,2009-04-13,63.58,64.1,62.65,62.9,303527176,85.83,86.54,84.58,84.92,224828304,2025-12-23T03:47:22Z
SPY,2009-04-14,62.48,63.52,62.28,62.98,373261146,84.35,85.76,84.08,85.03,276481408,2025-12-23T03:47:22Z
SPY,2009-04-15,63.15,63.27,61.93,62.1,338429267,85.25,85.42,83.61,83.84,250680608,2025-12-23T03:47:22Z
SPY,2009-04-16,64.07,64.55,62.79,63.65,452442854,86.5,87.15,84.77,85.93,335132512,2025-12-23T03:47:22Z
SPY,2009-04-17,64.5,64.92,63.81,64.32,354521415,87.08,87.65,86.14,86.83,262600704,2025-12-23T03:47:22Z
SPY,2009-04-20,61.8,64.48,61.73,63.36,396404446,83.43,87.05,83.34,85.54,293623904,2025-12-23T03:47:22Z
SPY,2009-04-21,63.01,63.06,61.29,61.35,405599657,85.06,85.13,82.75,82.82,300435104,2025-12-23T03:47:22Z
SPY,2009-04-22,62.62,63.95,62.27,62.44,459500806,84.54,86.34,84.07,84.29,340360512,2025-12-23T03:47:22Z
SPY,2009-04-23,63.24,63.27,61.95,62.75,438537594,85.37,85.42,83.63,84.71,324832704,2025-12-23T03:47:22Z
SPY,2009-04-24,64.19,64.67,63.47,63.72,388336275,86.66,87.31,85.69,86.03,287648000,2025-12-23T03:47:22Z
SPY,2009-04-27,63.58,64.45,63.36,63.47,390888980,85.84,87.01,85.54,85.68,289538816,2025-12-23T03:47:22Z
SPY,2009-04-28,63.38,64.14,62.78,62.94,334434909,85.57,86.59,84.76,84.97,247722208,2025-12-23T03:47:22Z
SPY,2009-04-29,64.73,65.45,63.92,64.09,420466285,87.39,88.36,86.3,86.52,311447200,2025-12-23T03:47:22Z
SPY,2009-04-30,64.75,65.94,64.38,65.59,406847760,87.42,89.02,86.92,88.55,301359616,2025-12-23T03:47:22Z
SPY,2009-05-01,65.1,65.34,64.23,64.77,318720785,87.89,88.21,86.72,87.44,236082208,2025-12-23T03:47:22Z
SPY,2009-05-04,67.32,67.36,65.47,65.59,387470940,90.88,90.94,88.38,88.55,287006912,2025-12-23T03:47:22Z
SPY,2009-05-05,67.09,67.35,66.55,67.09,328042307,90.57,90.93,89.84,90.57,242987104,2025-12-23T03:47:22Z
SPY,2009-05-06,68.25,68.29,67.12,67.91,393958415,92.14,92.2,90.61,91.68,291812288,2025-12-23T03:47:22Z
SPY,2009-05-07,67.3,69,66.87,68.89,428978266,90.86,93.15,90.28,93.01,317752192,2025-12-23T03:47:22Z
SPY,2009-05-08,68.87,69.05,67.34,68.17,403748030,92.98,93.22,90.91,92.03,299063616,2025-12-23T03:47:22Z
SPY,2009-05-11,67.58,68.23,67.44,67.92,334596731,91.24,92.11,91.04,91.7,247841792,2025-12-23T03:47:22Z
SPY,2009-05-12,67.38,68.02,66.55,67.87,381115967,90.97,91.83,89.85,91.63,282299808,2025-12-23T03:47:22Z
SPY,2009-05-13,65.69,66.67,65.55,66.47,363865196,88.68,90.01,88.5,89.74,269521600,2025-12-23T03:47:22Z
SPY,2009-05-14,66.25,66.75,65.55,65.72,351069334,89.44,90.12,88.5,88.72,260043696,2025-12-23T03:47:22Z
SPY,2009-05-15,65.71,66.67,65.29,66.2,344614121,88.71,90,88.15,89.37,255261904,2025-12-23T03:47:22Z
SPY,2009-05-18,67.58,67.66,65.61,66.33,326902576,91.23,91.34,88.57,89.55,242142592,2025-12-23T03:47:22Z
SPY,2009-05-19,67.49,68.12,67.27,67.54,278128624,91.12,91.97,90.81,91.18,206015104,2025-12-23T03:47:22Z
SPY,2009-05-20,67.04,68.74,66.97,68.11,385815874,90.51,92.8,90.41,91.95,285780800,2025-12-23T03:47:22Z
SPY,2009-05-21,66.08,66.52,65.38,66.27,349606760,89.21,89.8,88.26,89.46,258960192,2025-12-23T03:47:22Z
SPY,2009-05-22,65.94,66.67,65.69,66.27,225155975,89.02,90,88.68,89.46,166777296,2025-12-23T03:47:22Z
SPY,2009-05-26,67.63,67.82,65.42,65.45,318879699,91.3,91.56,88.32,88.36,236200096,2025-12-23T03:47:22Z
SPY,2009-05-27,66.42,67.96,66.32,67.73,332378223,89.67,91.75,89.53,91.44,246198592,2025-12-23T03:47:22Z
SPY,2009-05-28,67.35,67.66,66,67,390261595,90.92,91.34,89.1,90.46,289073888,2025-12-23T03:47:22Z
SPY,2009-05-29,68.54,69.41,67.17,67.72,349007950,92.53,93.7,90.68,91.42,258516704,2025-12-23T03:47:22Z
SPY,2009-06-01,70.2,70.49,69.2,69.38,372873191,94.77,95.17,93.43,93.67,276194112,2025-12-23T03:47:22Z
SPY,2009-06-02,70.26,70.64,69.83,69.92,311594419,94.85,95.37,94.27,94.4,230803600,2025-12-23T03:47:22Z
SPY,2009-06-03,69.37,69.72,68.71,69.66,317750212,93.65,94.13,92.76,94.04,235363504,2025-12-23T03:47:22Z
SPY,2009-06-04,70.02,70.12,69.11,69.63,283547462,94.53,94.67,93.3,94,210028800,2025-12-23T03:47:22Z
SPY,2009-06-05,70.03,70.86,69.48,70.73,383724939,94.55,95.67,93.8,95.49,284232000,2025-12-23T03:47:22Z
SPY,2009-06-08,69.75,70.44,68.92,69.51,322030222,94.16,95.1,93.04,93.84,238533904,2025-12-23T03:47:22Z
SPY,2009-06-09,70.1,70.47,69.64,70.14,303784209,94.64,95.14,94.02,94.69,225018592,2025-12-23T03:47:22Z
SPY,2009-06-10,69.92,70.73,69.03,70.72,399541137,94.4,95.49,93.19,95.48,295947392,2025-12-23T03:47:22Z
SPY,2009-06-11,70.23,71.19,70.04,70.06,371752017,94.82,96.11,94.56,94.58,275363488,2025-12-23T03:47:22Z
SPY,2009-06-12,70.43,70.47,69.63,69.92,248901238,95.08,95.14,94,94.4,184365696,2025-12-23T03:47:22Z
SPY,2009-06-15,68.81,69.64,68.44,69.6,302631250,92.9,94.02,92.4,93.96,224164400,2025-12-23T03:47:22Z
SPY,2009-06-16,67.88,69.1,67.83,69.06,306720751,91.64,93.29,91.58,93.23,227193600,2025-12-23T03:47:22Z
SPY,2009-06-17,67.81,68.39,67.28,67.85,301533769,91.55,92.33,90.83,91.6,223351696,2025-12-23T03:47:22Z
SPY,2009-06-18,68.31,68.64,67.59,67.92,285836490,92.22,92.67,91.25,91.69,211724496,2025-12-23T03:47:22Z
SPY,2009-06-19,68.56,69.05,68.17,68.96,289508491,92.04,92.7,91.52,92.58,215655504,2025-12-23T03:47:22Z
SPY,2009-06-22,66.5,67.93,66.48,67.9,338183289,89.28,91.19,89.25,91.15,251913600,2025-12-23T03:47:22Z
SPY,2009-06-23,66.56,66.95,66.19,66.65,252797797,89.35,89.88,88.85,89.47,188309600,2025-12-23T03:47:22Z
SPY,2009-06-24,67.13,67.85,66.74,67.16,284034010,90.12,91.08,89.6,90.16,211577600,2025-12-23T03:47:22Z
SPY,2009-06-25,68.59,68.66,66.72,66.8,375097433,92.08,92.17,89.57,89.67,279410912,2025-12-23T03:47:22Z
SPY,2009-06-26,68.41,68.71,67.99,68.36,224967363,91.84,92.24,91.27,91.77,167578896,2025-12-23T03:47:22Z
SPY,2009-06-29,69.05,69.14,68.23,68.61,226178736,92.7,92.82,91.6,92.11,168481200,2025-12-23T03:47:22Z
SPY,2009-06-30,68.49,69.32,67.99,69.07,307272490,91.95,93.06,91.27,92.72,228888096,2025-12-23T03:47:22Z
SPY,2009-07-01,68.78,69.45,68.69,68.78,232300161,92.33,93.23,92.21,92.34,173041104,2025-12-23T03:47:22Z
SPY,2009-07-02,66.9,68.8,66.86,67.88,285016861,89.81,92.36,89.76,91.13,212309792,2025-12-23T03:47:22Z
SPY,2009-07-06,66.89,66.99,66.04,66.25,229129798,89.8,89.93,88.66,88.94,170679504,2025-12-23T03:47:22Z
SPY,2009-07-07,65.6,66.91,65.55,66.83,266601512,88.06,89.82,88,89.71,198592096,2025-12-23T03:47:22Z
SPY,2009-07-08,65.55,66.15,64.81,65.99,332997379,88,88.8,87,88.59,248050496,2025-12-23T03:47:22Z
SPY,2009-07-09,65.68,66.22,65.48,66.01,219864194,88.17,88.9,87.91,88.61,163777504,2025-12-23T03:47:22Z
SPY,2009-07-10,65.52,65.92,65.07,65.33,232940515,87.96,88.49,87.35,87.7,173517904,2025-12-23T03:47:22Z
SPY,2009-07-13,67.12,67.17,65.25,65.78,291737983,90.1,90.17,87.59,88.31,217316304,2025-12-23T03:47:22Z
SPY,2009-07-14,67.5,67.56,66.84,67.32,243730353,90.61,90.69,89.73,90.38,181555296,2025-12-23T03:47:22Z
SPY,2009-07-15,69.47,69.66,67.55,68.39,296519102,93.26,93.51,90.68,91.81,220877792,2025-12-23T03:47:22Z
SPY,2009-07-16,69.36,70.4,69.14,69.28,310341826,93.11,94.51,92.82,93,231174496,2025-12-23T03:47:22Z
SPY,2009-07-17,70.12,70.26,69.68,70.07,186012988,94.13,94.32,93.54,94.06,138561600,2025-12-23T03:47:22Z
SPY,2009-07-20,70.86,70.98,70.16,70.53,220403772,95.13,95.29,94.19,94.68,164179392,2025-12-23T03:47:22Z
SPY,2009-07-21,71.19,71.44,70.33,71.41,292277424,95.57,95.9,94.42,95.87,217718096,2025-12-23T03:47:22Z
SPY,2009-07-22,71.18,71.61,70.68,70.74,263212430,95.55,96.13,94.89,94.96,196067504,2025-12-23T03:47:22Z
SPY,2009-07-23,72.75,73.06,71.16,71.22,347421903,97.66,98.08,95.53,95.61,258795504,2025-12-23T03:47:22Z
SPY,2009-07-24,73.05,73.11,72.03,72.4,206742471,98.06,98.14,96.69,97.2,154002896,2025-12-23T03:47:22Z
SPY,2009-07-27,73.26,73.3,72.51,72.91,213781294,98.35,98.4,97.34,97.88,159246304,2025-12-23T03:47:22Z
SPY,2009-07-28,72.92,73.28,72.3,72.75,250617630,97.89,98.37,97.06,97.66,186685696,2025-12-23T03:47:22Z
SPY,2009-07-29,72.74,73.07,72.24,72.58,260972923,97.65,98.09,96.98,97.44,194399296,2025-12-23T03:47:22Z
SPY,2009-07-30,73.5,74.36,73.45,73.62,302810243,98.67,99.83,98.6,98.83,225564000,2025-12-23T03:47:22Z
SPY,2009-07-31,73.6,74.1,73.28,73.48,278368578,98.81,99.47,98.38,98.65,207357408,2025-12-23T03:47:22Z
SPY,2009-08-03,74.82,74.89,73.98,74.38,235972803,100.44,100.53,99.31,99.85,175776704,2025-12-23T03:47:22Z
SPY,2009-08-04,75.01,75.12,74.33,74.48,237231645,100.7,100.84,99.78,99.99,176714496,2025-12-23T03:47:22Z
SPY,2009-08-05,74.8,75.12,74.18,75.06,247987108,100.41,100.85,99.58,100.77,184726304,2025-12-23T03:47:22Z
SPY,2009-08-06,74.41,75.25,74.06,75.14,259367791,99.89,101.02,99.42,100.87,193203696,2025-12-23T03:47:22Z
SPY,2009-08-07,75.38,76,74.78,75.19,296259545,101.2,102.03,100.39,100.94,220684400,2025-12-23T03:47:22Z
SPY,2009-08-10,75.23,75.4,74.69,75.04,175725148,100.99,101.22,100.27,100.74,130898096,2025-12-23T03:47:22Z
SPY,2009-08-11,74.29,74.94,74.09,74.89,211169606,99.73,100.61,99.46,100.54,157300704,2025-12-23T03:47:22Z
SPY,2009-08-12,75.09,75.65,74.12,74.16,294056527,100.8,101.56,99.51,99.56,219043504,2025-12-23T03:47:22Z
SPY,2009-08-13,75.66,75.69,74.68,75.43,236875680,101.57,101.61,100.26,101.26,176449408,2025-12-23T03:47:22Z
SPY,2009-08-14,75.08,75.68,74.27,75.62,268077049,100.79,101.6,99.7,101.52,199691200,2025-12-23T03:47:22Z
SPY,2009-08-17,73.23,73.71,73.08,73.63,319345139,98.31,98.95,98.11,98.85,237881104,2025-12-23T03:47:22Z
SPY,2009-08-18,73.81,74.07,73.26,73.39,232864537,99.09,99.44,98.35,98.53,173461408,2025-12-23T03:47:22Z
SPY,2009-08-19,74.46,74.71,73.16,73.23,258842706,99.96,100.3,98.21,98.31,192812704,2025-12-23T03:47:22Z
SPY,2009-08-20,75.23,75.4,74.39,74.56,233763767,100.99,101.22,99.87,100.09,174131200,2025-12-23T03:47:22Z
SPY,2009-08-21,76.7,76.82,75.7,75.85,301522592,102.97,103.13,101.62,101.82,224604896,2025-12-23T03:47:22Z
SPY,2009-08-24,76.7,77.43,76.42,77.02,256783689,102.96,103.95,102.59,103.39,191278896,2025-12-23T03:47:22Z
SPY,2009-08-25,76.84,77.66,76.68,77,289042556,103.16,104.26,102.94,103.37,215308400,2025-12-23T03:47:22Z
SPY,2009-08-26,76.85,77.2,76.34,76.61,261269870,103.17,103.64,102.49,102.84,194620608,2025-12-23T03:47:22Z
SPY,2009-08-27,77.02,77.26,75.94,76.81,263430515,103.4,103.72,101.94,103.11,196230000,2025-12-23T03:47:22Z
SPY,2009-08-28,77.01,77.73,76.48,77.64,197373651,103.38,104.35,102.67,104.23,147024096,2025-12-23T03:47:22Z
SPY,2009-08-31,76.32,76.41,75.82,76.26,236341705,102.46,102.58,101.79,102.37,176051504,2025-12-23T03:47:22Z
SPY,2009-09-01,74.64,76.9,74.48,75.94,431300262,100.2,103.24,99.99,101.95,321276512,2025-12-23T03:47:22Z
SPY,2009-09-02,74.36,74.82,74.17,74.33,230640681,99.82,100.44,99.57,99.78,171804896,2025-12-23T03:47:22Z
SPY,2009-09-03,74.97,75.06,74.19,74.79,192739817,100.65,100.77,99.59,100.4,143572304,2025-12-23T03:47:22Z
SPY,2009-09-04,76.02,76.05,74.9,75.12,191552192,102.06,102.09,100.55,100.85,142687808,2025-12-23T03:47:22Z
SPY,2009-09-08,76.68,76.76,76.27,76.72,178424616,102.94,103.05,102.39,103,132909000,2025-12-23T03:47:22Z
