ticker,tradeDate,clsPx,hiPx,loPx,open,stockVolume,unadjClsPx,unadjHiPx,unadjLoPx,unadjOpen,unadjStockVolume,updatedAt
TFC,2006-01-03,19.26,19.34,18.93,19.18,5169396,42.31,42.49,41.58,42.13,2352900,2026-02-14T03:46:44Z
TFC,2006-01-04,19.41,19.48,19.21,19.21,3596761,42.64,42.79,42.2,42.2,1637100,2026-02-14T03:46:44Z
TFC,2006-01-05,19.41,19.43,19.31,19.35,2020610,42.64,42.7,42.42,42.52,919700,2026-02-14T03:46:44Z
TFC,2006-01-06,19.36,19.5,19.24,19.48,2453869,42.53,42.85,42.26,42.79,1116900,2026-02-14T03:46:44Z
TFC,2006-01-09,19.4,19.42,19.27,19.35,4087368,42.63,42.66,42.34,42.51,1860400,2026-02-14T03:46:44Z
TFC,2006-01-10,19.38,19.43,19.2,19.29,4199185,42.58,42.7,42.19,42.38,1911300,2026-02-14T03:46:44Z
TFC,2006-01-11,19.26,19.38,19.15,19.38,5000234,41.94,42.2,41.7,42.2,2296400,2026-02-14T03:46:44Z
TFC,2006-01-12,18.99,19.21,18.98,19.2,3347793,41.36,41.83,41.33,41.8,1537500,2026-02-14T03:46:44Z
TFC,2006-01-13,19.23,19.27,19.1,19.17,4066131,41.87,41.97,41.58,41.75,1867400,2026-02-14T03:46:44Z
TFC,2006-01-17,19.14,19.18,18.99,19.11,2369907,41.67,41.77,41.35,41.62,1088400,2026-02-14T03:46:44Z
TFC,2006-01-18,19.17,19.36,19.04,19.13,2789938,41.75,42.16,41.46,41.65,1281300,2026-02-14T03:46:44Z
TFC,2006-01-19,18.87,19.02,18.65,18.94,4573250,41.08,41.41,40.61,41.25,2100300,2026-02-14T03:46:44Z
TFC,2006-01-20,18.2,18.87,18.09,18.87,7673245,39.63,41.08,39.38,41.08,3524000,2026-02-14T03:46:44Z
TFC,2006-01-23,18.18,18.36,18.14,18.2,4025193,39.59,39.97,39.5,39.64,1848600,2026-02-14T03:46:44Z
TFC,2006-01-24,18.09,18.29,18.02,18.18,3678318,39.39,39.82,39.24,39.59,1689300,2026-02-14T03:46:44Z
TFC,2006-01-25,18.05,18.16,18,18.09,2553254,39.3,39.54,39.19,39.38,1172600,2026-02-14T03:46:44Z
TFC,2006-01-26,18.38,18.47,18.18,18.21,3434887,40.03,40.22,39.59,39.65,1577500,2026-02-14T03:46:44Z
TFC,2006-01-27,18.39,18.69,18.38,18.46,4307598,40.04,40.69,40.01,40.19,1978300,2026-02-14T03:46:44Z
TFC,2006-01-30,18.18,18.41,18.15,18.37,2683899,39.58,40.09,39.52,39.99,1232600,2026-02-14T03:46:44Z
TFC,2006-01-31,17.93,18.17,17.86,18.17,7926278,39.04,39.57,38.9,39.57,3640200,2026-02-14T03:46:44Z
TFC,2006-02-01,17.92,18.03,17.8,18,4823878,39.03,39.26,38.75,39.2,2215400,2026-02-14T03:46:44Z
TFC,2006-02-02,17.62,17.98,17.56,17.98,5517822,38.37,39.14,38.24,39.14,2534100,2026-02-14T03:46:44Z
TFC,2006-02-03,17.74,17.91,17.69,17.91,5611018,38.63,39,38.51,39,2576900,2026-02-14T03:46:44Z
TFC,2006-02-06,17.72,17.77,17.69,17.73,2492059,38.58,38.7,38.52,38.6,1144500,2026-02-14T03:46:44Z
TFC,2006-02-07,17.65,17.8,17.59,17.7,3446425,38.43,38.76,38.3,38.54,1582800,2026-02-14T03:46:44Z
TFC,2006-02-08,17.86,17.86,17.57,17.63,2994621,38.88,38.89,38.25,38.38,1375300,2026-02-14T03:46:44Z
TFC,2006-02-09,17.92,18.07,17.83,17.86,3834238,39.02,39.34,38.82,38.88,1760900,2026-02-14T03:46:44Z
TFC,2006-02-10,18.04,18.06,17.84,17.9,3143121,39.29,39.32,38.85,38.98,1443500,2026-02-14T03:46:44Z
TFC,2006-02-13,17.87,18.02,17.8,17.95,2289131,38.91,39.23,38.76,39.09,1051300,2026-02-14T03:46:44Z
TFC,2006-02-14,18.18,18.29,17.87,17.92,3227166,39.59,39.82,38.91,39.02,1482100,2026-02-14T03:46:44Z
TFC,2006-02-15,18.1,18.26,17.99,18.1,4708479,39.41,39.76,39.17,39.42,2162400,2026-02-14T03:46:44Z
TFC,2006-02-16,18.41,18.41,18.03,18.08,3728200,40.08,40.09,39.25,39.36,1712200,2026-02-14T03:46:44Z
TFC,2006-02-17,18.25,18.41,18.19,18.41,2816502,39.73,40.09,39.61,40.09,1293500,2026-02-14T03:46:44Z
TFC,2006-02-21,18.2,18.37,18.1,18.32,2985685,39.62,39.99,39.42,39.9,1371200,2026-02-14T03:46:44Z
TFC,2006-02-22,18.59,18.64,18.28,18.31,3302512,40.48,40.58,39.8,39.86,1516700,2026-02-14T03:46:44Z
TFC,2006-02-23,18.34,18.55,18.29,18.52,2802356,39.94,40.39,39.82,40.32,1287000,2026-02-14T03:46:44Z
TFC,2006-02-24,18.34,18.48,18.26,18.38,1505041,39.94,40.23,39.75,40.01,691200,2026-02-14T03:46:44Z
TFC,2006-02-27,18.39,18.55,18.35,18.37,1555116,40.04,40.39,39.96,39.99,714200,2026-02-14T03:46:44Z
TFC,2006-02-28,18.15,18.38,18.13,18.26,4196762,39.53,40.02,39.48,39.76,1927400,2026-02-14T03:46:44Z
TFC,2006-03-01,18.23,18.28,18.1,18.15,3165983,39.7,39.8,39.41,39.52,1454000,2026-02-14T03:46:44Z
TFC,2006-03-02,18.12,18.24,18.04,18.12,3062988,39.45,39.71,39.29,39.46,1406700,2026-02-14T03:46:44Z
TFC,2006-03-03,17.96,18.12,17.96,18.03,2340295,39.1,39.46,39.1,39.25,1074800,2026-02-14T03:46:44Z
TFC,2006-03-06,17.88,18,17.82,18,2700880,38.93,39.2,38.8,39.2,1240400,2026-02-14T03:46:44Z
TFC,2006-03-07,18.07,18.08,17.82,17.86,2288039,39.34,39.37,38.79,38.9,1050800,2026-02-14T03:46:44Z
TFC,2006-03-08,18.2,18.22,17.98,18.04,2456353,39.62,39.67,39.14,39.28,1128100,2026-02-14T03:46:44Z
TFC,2006-03-09,18.03,18.26,18.03,18.19,2731139,39.26,39.75,39.25,39.61,1254300,2026-02-14T03:46:44Z
TFC,2006-03-10,18.14,18.18,18.05,18.05,1788319,39.49,39.59,39.3,39.3,821300,2026-02-14T03:46:44Z
TFC,2006-03-13,18.24,18.34,18.17,18.19,2476825,39.71,39.93,39.56,39.6,1137500,2026-02-14T03:46:44Z
TFC,2006-03-14,18.54,18.59,18.16,18.16,3311217,40.38,40.47,39.55,39.55,1520700,2026-02-14T03:46:44Z
TFC,2006-03-15,18.62,18.65,18.42,18.52,3124389,40.55,40.6,40.11,40.33,1434900,2026-02-14T03:46:44Z
TFC,2006-03-16,18.53,18.7,18.52,18.65,3749519,40.34,40.71,40.33,40.6,1722000,2026-02-14T03:46:44Z
TFC,2006-03-17,18.63,18.74,18.57,18.7,4152349,40.57,40.8,40.44,40.72,1907000,2026-02-14T03:46:44Z
TFC,2006-03-20,18.65,18.73,18.56,18.67,1939647,40.6,40.79,40.42,40.65,890800,2026-02-14T03:46:44Z
TFC,2006-03-21,18.42,18.6,18.41,18.6,3090209,40.1,40.5,40.08,40.5,1419200,2026-02-14T03:46:44Z
TFC,2006-03-22,18.46,18.52,18.31,18.37,2993303,40.19,40.32,39.87,40,1374700,2026-02-14T03:46:44Z
TFC,2006-03-23,18.29,18.45,18.25,18.43,2279988,39.82,40.17,39.74,40.14,1047100,2026-02-14T03:46:44Z
TFC,2006-03-24,18.23,18.3,18.15,18.25,2339213,39.7,39.85,39.53,39.74,1074300,2026-02-14T03:46:44Z
TFC,2006-03-27,18.32,18.34,18.16,18.18,1935078,39.88,39.93,39.55,39.58,888700,2026-02-14T03:46:44Z
TFC,2006-03-28,18.09,18.37,18.05,18.2,2500333,39.39,40,39.3,39.63,1148300,2026-02-14T03:46:44Z
TFC,2006-03-29,18.18,18.22,17.96,18.09,2360550,39.58,39.68,39.1,39.39,1084100,2026-02-14T03:46:44Z
TFC,2006-03-30,18,18.26,17.98,18.17,1919619,39.2,39.75,39.15,39.56,881600,2026-02-14T03:46:44Z
TFC,2006-03-31,18,18.15,17.97,17.97,2708937,39.2,39.53,39.12,39.12,1244100,2026-02-14T03:46:44Z
TFC,2006-04-03,18.14,18.28,17.97,18.05,3516323,39.49,39.8,39.13,39.3,1614900,2026-02-14T03:46:44Z
TFC,2006-04-04,18.27,18.34,18.14,18.15,2675616,39.79,39.94,39.49,39.53,1228800,2026-02-14T03:46:44Z
TFC,2006-04-05,18.32,18.38,18.23,18.32,2396910,39.89,40.03,39.7,39.89,1100800,2026-02-14T03:46:44Z
TFC,2006-04-06,18.2,18.3,18.1,18.22,2266264,39.62,39.85,39.4,39.67,1040800,2026-02-14T03:46:44Z
TFC,2006-04-07,18.19,18.35,18.1,18.26,3287913,39.61,39.95,39.4,39.75,1510000,2026-02-14T03:46:44Z
TFC,2006-04-10,18.46,18.59,18.34,18.37,3754747,40.19,40.47,39.94,40,1724400,2026-02-14T03:46:44Z
TFC,2006-04-11,18.36,18.56,18.34,18.5,2277195,39.61,40.02,39.55,39.91,1055800,2026-02-14T03:46:44Z
TFC,2006-04-12,18.2,18.46,18.14,18.35,2457290,39.25,39.82,39.13,39.58,1139300,2026-02-14T03:46:44Z
TFC,2006-04-13,18.36,18.38,18.12,18.15,2082639,39.59,39.65,39.09,39.14,965600,2026-02-14T03:46:44Z
TFC,2006-04-17,18.21,18.43,18.18,18.27,2726681,39.28,39.75,39.22,39.4,1264200,2026-02-14T03:46:44Z
TFC,2006-04-18,18.74,18.77,18.17,18.18,3544331,40.42,40.49,39.18,39.22,1643300,2026-02-14T03:46:44Z
TFC,2006-04-19,18.59,18.73,18.45,18.68,3001029,40.1,40.4,39.8,40.29,1391400,2026-02-14T03:46:44Z
TFC,2006-04-20,19.33,19.54,18.98,19.12,8596518,41.69,42.14,40.94,41.23,3985700,2026-02-14T03:46:44Z
TFC,2006-04-21,19.44,19.48,19.28,19.46,4634396,41.93,42.02,41.59,41.98,2148700,2026-02-14T03:46:44Z
TFC,2006-04-24,19.42,19.49,19.27,19.33,3660804,41.88,42.03,41.56,41.69,1697300,2026-02-14T03:46:44Z
TFC,2006-04-25,19.34,19.52,19.24,19.34,2710497,41.71,42.09,41.49,41.71,1256700,2026-02-14T03:46:44Z
TFC,2006-04-26,19.46,19.51,19.38,19.39,3031863,41.98,42.07,41.8,41.81,1405700,2026-02-14T03:46:44Z
TFC,2006-04-27,19.68,19.78,19.26,19.35,4644101,42.45,42.67,41.54,41.74,2153200,2026-02-14T03:46:44Z
TFC,2006-04-28,19.91,19.92,19.61,19.68,5372891,42.94,42.97,42.3,42.45,2491100,2026-02-14T03:46:44Z
TFC,2006-05-01,19.77,20.02,19.73,19.94,5654372,42.65,43.18,42.55,43,2621600,2026-02-14T03:46:44Z
TFC,2006-05-02,19.79,19.93,19.68,19.83,3626284,42.69,42.99,42.45,42.77,1681300,2026-02-14T03:46:44Z
TFC,2006-05-03,19.82,19.84,19.64,19.76,3305998,42.75,42.79,42.35,42.62,1532800,2026-02-14T03:46:44Z
TFC,2006-05-04,19.88,19.91,19.81,19.9,2188333,42.88,42.95,42.73,42.91,1014600,2026-02-14T03:46:44Z
TFC,2006-05-05,20.01,20.08,19.87,19.89,3911649,43.15,43.3,42.86,42.89,1813600,2026-02-14T03:46:44Z
TFC,2006-05-08,19.99,20.13,19.97,20.07,2649679,43.12,43.42,43.08,43.28,1228500,2026-02-14T03:46:44Z
TFC,2006-05-09,20.01,20.15,19.9,19.99,2791816,43.15,43.46,42.93,43.12,1294400,2026-02-14T03:46:44Z
TFC,2006-05-10,19.85,20,19.75,19.89,3383006,42.82,43.13,42.59,42.9,1568500,2026-02-14T03:46:44Z
TFC,2006-05-11,19.75,19.89,19.62,19.86,2829129,42.6,42.9,42.31,42.83,1311700,2026-02-14T03:46:44Z
TFC,2006-05-12,19.57,19.83,19.57,19.7,2321411,42.22,42.76,42.2,42.5,1076300,2026-02-14T03:46:44Z
TFC,2006-05-15,19.74,19.77,19.57,19.63,2951636,42.57,42.63,42.21,42.33,1368500,2026-02-14T03:46:44Z
TFC,2006-05-16,19.7,19.78,19.61,19.74,2013621,42.5,42.67,42.3,42.58,933600,2026-02-14T03:46:44Z
TFC,2006-05-17,19.42,19.65,19.33,19.52,3321532,41.88,42.38,41.69,42.1,1540000,2026-02-14T03:46:44Z
TFC,2006-05-18,19.36,19.61,19.33,19.42,2819630,41.76,42.29,41.68,41.88,1307300,2026-02-14T03:46:44Z
TFC,2006-05-19,19.48,19.65,19.37,19.57,3025615,42.02,42.37,41.77,42.2,1402800,2026-02-14T03:46:44Z
TFC,2006-05-22,19.57,19.65,19.37,19.4,2941708,42.2,42.37,41.77,41.85,1363900,2026-02-14T03:46:44Z
TFC,2006-05-23,19.36,19.63,19.36,19.59,2675131,41.75,42.34,41.75,42.26,1240300,2026-02-14T03:46:44Z
TFC,2006-05-24,19.4,19.57,19.24,19.33,2980103,41.85,42.2,41.5,41.68,1381700,2026-02-14T03:46:44Z
TFC,2006-05-25,19.5,19.55,19.28,19.47,3042225,42.05,42.17,41.59,42,1410500,2026-02-14T03:46:44Z
TFC,2006-05-26,19.51,19.62,19.46,19.54,1357082,42.07,42.31,41.97,42.15,629200,2026-02-14T03:46:44Z
TFC,2006-05-30,19.16,19.42,19.16,19.36,1679311,41.32,41.89,41.32,41.75,778600,2026-02-14T03:46:44Z
TFC,2006-05-31,19.27,19.39,19.1,19.22,3563524,41.57,41.81,41.19,41.45,1652200,2026-02-14T03:46:44Z
TFC,2006-06-01,19.61,19.63,19.14,19.33,2717621,42.3,42.34,41.29,41.7,1260000,2026-02-14T03:46:44Z
TFC,2006-06-02,19.62,19.81,19.51,19.73,3135176,42.31,42.73,42.07,42.55,1453600,2026-02-14T03:46:44Z
TFC,2006-06-05,19.36,19.65,19.36,19.52,2796121,41.76,42.37,41.76,42.1,1296400,2026-02-14T03:46:44Z
TFC,2006-06-06,19.48,19.52,19.22,19.47,2914101,42.01,42.09,41.46,42,1351100,2026-02-14T03:46:44Z
TFC,2006-06-07,19.67,19.82,19.43,19.5,3104549,42.42,42.75,41.9,42.05,1439400,2026-02-14T03:46:44Z
TFC,2006-06-08,19.85,19.88,19.45,19.57,4519438,42.81,42.88,41.96,42.21,2095400,2026-02-14T03:46:44Z
TFC,2006-06-09,19.83,19.94,19.73,19.8,3407591,42.76,43,42.56,42.71,1579900,2026-02-14T03:46:44Z
TFC,2006-06-12,19.7,19.91,19.7,19.78,2432047,42.5,42.94,42.5,42.66,1127600,2026-02-14T03:46:44Z
TFC,2006-06-13,19.58,19.88,19.5,19.73,4759707,42.23,42.87,42.05,42.56,2206800,2026-02-14T03:46:44Z
TFC,2006-06-14,19.47,19.65,19.25,19.57,4934202,41.99,42.39,41.51,42.2,2287700,2026-02-14T03:46:44Z
TFC,2006-06-15,19.83,19.84,19.51,19.61,3868071,42.78,42.8,42.08,42.3,1793400,2026-02-14T03:46:44Z
TFC,2006-06-16,19.56,19.84,19.52,19.78,7493289,42.18,42.78,42.1,42.67,3474200,2026-02-14T03:46:44Z
TFC,2006-06-19,19.44,19.7,19.41,19.66,2649036,41.92,42.48,41.86,42.4,1228200,2026-02-14T03:46:44Z
TFC,2006-06-20,19.41,19.53,19.3,19.44,2675347,41.86,42.13,41.63,41.92,1240400,2026-02-14T03:46:44Z
TFC,2006-06-21,19.42,19.61,19.34,19.41,2916909,41.88,42.3,41.72,41.86,1352400,2026-02-14T03:46:44Z
TFC,2006-06-22,19.31,19.45,19.19,19.42,2321193,41.64,41.94,41.38,41.88,1076200,2026-02-14T03:46:44Z
TFC,2006-06-23,19.04,19.24,18.94,19.15,4302682,41.06,41.49,40.85,41.3,1994900,2026-02-14T03:46:44Z
TFC,2006-06-26,19.15,19.15,18.99,19.08,2129450,41.31,41.31,40.95,41.15,987300,2026-02-14T03:46:44Z
TFC,2006-06-27,18.86,19.19,18.86,19.16,2321625,40.68,41.39,40.67,41.32,1076400,2026-02-14T03:46:44Z
TFC,2006-06-28,19.04,19.16,18.93,18.94,2979244,41.06,41.32,40.84,40.86,1381300,2026-02-14T03:46:44Z
TFC,2006-06-29,19.45,19.45,19.06,19.15,3742761,41.96,41.96,41.11,41.31,1735300,2026-02-14T03:46:44Z
TFC,2006-06-30,19.28,19.47,19.25,19.46,3488695,41.59,42,41.51,41.98,1617500,2026-02-14T03:46:44Z
TFC,2006-07-03,19.39,19.41,19.19,19.29,927655,41.82,41.87,41.39,41.6,430100,2026-02-14T03:46:44Z
TFC,2006-07-05,19.16,19.4,19.13,19.28,2229740,41.33,41.85,41.27,41.58,1033800,2026-02-14T03:46:44Z
TFC,2006-07-06,19.14,19.26,19.07,19.16,2065606,41.28,41.55,41.12,41.33,957700,2026-02-14T03:46:44Z
TFC,2006-07-07,19.06,19.31,19.01,19.14,1887661,41.1,41.64,41.01,41.28,875200,2026-02-14T03:46:44Z
TFC,2006-07-10,19.04,19.22,18.98,19.2,2790089,41.06,41.45,40.93,41.42,1293600,2026-02-14T03:46:44Z
TFC,2006-07-11,19.13,19.15,18.88,19.01,2225427,41.25,41.3,40.72,41.01,1031800,2026-02-14T03:46:44Z
TFC,2006-07-12,18.92,19.23,18.9,19.19,2242262,40.4,41.05,40.34,40.97,1050300,2026-02-14T03:46:44Z
TFC,2006-07-13,18.68,18.91,18.68,18.85,2935244,39.89,40.38,39.87,40.25,1374900,2026-02-14T03:46:44Z
TFC,2006-07-14,18.91,18.95,18.7,18.83,3494147,40.36,40.45,39.92,40.2,1636700,2026-02-14T03:46:44Z
TFC,2006-07-17,19.06,19.12,18.82,18.87,3302021,40.69,40.81,40.18,40.29,1546700,2026-02-14T03:46:44Z
TFC,2006-07-18,19.16,19.19,19.04,19.07,3142538,40.91,40.97,40.65,40.72,1472000,2026-02-14T03:46:44Z
TFC,2006-07-19,19.64,19.65,19.17,19.21,4037477,41.92,41.96,40.92,41.01,1891200,2026-02-14T03:46:44Z
TFC,2006-07-20,19.55,19.74,19.33,19.42,3804133,41.74,42.15,41.26,41.45,1781900,2026-02-14T03:46:44Z
TFC,2006-07-21,19.66,19.71,19.19,19.19,4259722,41.97,42.07,40.96,40.96,1995300,2026-02-14T03:46:44Z
TFC,2006-07-24,19.77,19.8,19.65,19.66,3261032,42.2,42.28,41.94,41.97,1527500,2026-02-14T03:46:44Z
TFC,2006-07-25,19.8,19.88,19.63,19.69,3245443,42.28,42.44,41.91,42.03,1520200,2026-02-14T03:46:44Z
TFC,2006-07-26,19.72,19.83,19.66,19.74,2225821,42.11,42.33,41.98,42.14,1042600,2026-02-14T03:46:44Z
TFC,2006-07-27,19.48,19.84,19.42,19.77,2874189,41.58,42.35,41.46,42.2,1346300,2026-02-14T03:46:44Z
TFC,2006-07-28,19.89,19.95,19.54,19.57,3040923,42.46,42.6,41.72,41.77,1424400,2026-02-14T03:46:44Z
TFC,2006-07-31,19.67,19.86,19.62,19.86,3186300,41.99,42.41,41.89,42.41,1492500,2026-02-14T03:46:44Z
TFC,2006-08-01,19.81,19.9,19.41,19.73,3094718,42.29,42.48,41.44,42.13,1449600,2026-02-14T03:46:44Z
TFC,2006-08-02,19.68,19.88,19.66,19.81,1929506,42.01,42.45,41.98,42.3,903800,2026-02-14T03:46:44Z
TFC,2006-08-03,19.88,19.99,19.59,19.62,3021501,42.44,42.68,41.83,41.89,1415300,2026-02-14T03:46:44Z
TFC,2006-08-04,19.99,20.1,19.89,19.95,3211708,42.67,42.92,42.46,42.58,1504400,2026-02-14T03:46:44Z
TFC,2006-08-07,20.03,20.04,19.89,19.91,2248243,42.77,42.79,42.46,42.5,1053100,2026-02-14T03:46:44Z
TFC,2006-08-08,19.98,20.14,19.92,20.11,3348556,42.66,43,42.52,42.93,1568500,2026-02-14T03:46:44Z
TFC,2006-08-09,19.8,20.14,19.77,20.1,2810145,42.26,42.99,42.2,42.91,1316300,2026-02-14T03:46:44Z
TFC,2006-08-10,19.98,20.02,19.69,19.69,3451247,42.65,42.74,42.03,42.04,1616600,2026-02-14T03:46:44Z
TFC,2006-08-11,19.86,19.93,19.73,19.87,2818682,42.4,42.55,42.12,42.42,1320300,2026-02-14T03:46:44Z
TFC,2006-08-14,19.79,20.04,19.75,19.98,3006969,42.25,42.79,42.17,42.65,1408500,2026-02-14T03:46:44Z
TFC,2006-08-15,20.12,20.13,19.94,19.98,3208942,42.95,42.98,42.57,42.66,1503100,2026-02-14T03:46:44Z
TFC,2006-08-16,20.05,20.12,19.95,20.12,3946745,42.8,42.96,42.6,42.96,1848700,2026-02-14T03:46:44Z
TFC,2006-08-17,20.1,20.13,20,20.04,3545390,42.92,42.97,42.7,42.78,1660700,2026-02-14T03:46:44Z
TFC,2006-08-18,20.15,20.18,20.05,20.14,3261034,43.01,43.09,42.8,43,1527500,2026-02-14T03:46:44Z
TFC,2006-08-21,20.12,20.14,20.03,20.08,2050126,42.96,43,42.76,42.86,960300,2026-02-14T03:46:44Z
TFC,2006-08-22,20.11,20.21,20.07,20.13,2467062,42.93,43.14,42.85,42.97,1155600,2026-02-14T03:46:44Z
TFC,2006-08-23,20.04,20.15,20.01,20.13,2464289,42.79,43.01,42.71,42.98,1154300,2026-02-14T03:46:44Z
TFC,2006-08-24,20.08,20.15,19.93,20.02,2562490,42.87,43.01,42.54,42.74,1200300,2026-02-14T03:46:44Z
TFC,2006-08-25,20.01,20.07,19.9,19.96,2277275,42.72,42.84,42.49,42.62,1066700,2026-02-14T03:46:44Z
TFC,2006-08-28,20.12,20.22,19.96,19.98,2617150,42.96,43.17,42.62,42.65,1225900,2026-02-14T03:46:44Z
TFC,2006-08-29,20.04,20.14,19.99,20.1,3401290,42.78,43,42.68,42.91,1593200,2026-02-14T03:46:44Z
TFC,2006-08-30,20.12,20.2,19.97,20.06,2017676,42.96,43.12,42.63,42.82,945100,2026-02-14T03:46:44Z
TFC,2006-08-31,20.05,20.1,19.9,20.1,2763383,42.8,42.92,42.48,42.92,1294400,2026-02-14T03:46:44Z
TFC,2006-09-01,20.1,20.17,19.97,20.1,1897693,42.91,43.07,42.63,42.9,888900,2026-02-14T03:46:44Z
TFC,2006-09-05,20.09,20.16,20.07,20.14,2236502,42.89,43.04,42.84,43,1047600,2026-02-14T03:46:44Z
TFC,2006-09-06,20.09,20.14,19.95,20,3200613,42.9,42.99,42.6,42.7,1499200,2026-02-14T03:46:44Z
TFC,2006-09-07,19.9,20.08,19.86,19.98,2925208,42.48,42.87,42.4,42.65,1370200,2026-02-14T03:46:44Z
TFC,2006-09-08,19.98,20.06,19.83,19.9,2435469,42.66,42.82,42.33,42.48,1140800,2026-02-14T03:46:44Z
TFC,2006-09-11,20,20.02,19.89,19.89,2561207,42.69,42.75,42.46,42.46,1199700,2026-02-14T03:46:44Z
TFC,2006-09-12,20.2,20.22,19.93,20.01,3090229,43.13,43.16,42.54,42.71,1447500,2026-02-14T03:46:44Z
TFC,2006-09-13,20.26,20.28,20.08,20.11,2829788,43.26,43.3,42.86,42.93,1325500,2026-02-14T03:46:44Z
TFC,2006-09-14,20.34,20.37,20.17,20.19,2090472,43.42,43.48,43.05,43.11,979200,2026-02-14T03:46:44Z
TFC,2006-09-15,20.38,20.47,20.34,20.38,4298801,43.51,43.69,43.42,43.5,2013600,2026-02-14T03:46:44Z
TFC,2006-09-18,20.29,20.41,20.24,20.38,2945912,43.32,43.58,43.2,43.5,1379900,2026-02-14T03:46:44Z
TFC,2006-09-19,20.37,20.39,20.25,20.25,2143204,43.48,43.52,43.22,43.22,1003900,2026-02-14T03:46:44Z
TFC,2006-09-20,20.58,20.64,20.37,20.4,3861134,43.94,44.06,43.49,43.55,1808600,2026-02-14T03:46:44Z
TFC,2006-09-21,20.55,20.65,20.45,20.54,2561638,43.87,44.08,43.65,43.84,1199900,2026-02-14T03:46:44Z
TFC,2006-09-22,20.56,20.61,20.48,20.56,2504858,43.89,43.99,43.73,43.89,1173300,2026-02-14T03:46:44Z
TFC,2006-09-25,20.76,20.86,20.54,20.7,4296666,44.33,44.54,43.84,44.2,2012600,2026-02-14T03:46:44Z
TFC,2006-09-26,20.71,20.83,20.64,20.69,6002648,44.21,44.47,44.06,44.16,2811700,2026-02-14T03:46:44Z
TFC,2006-09-27,20.66,20.79,20.62,20.73,1811230,44.11,44.39,44.02,44.25,848400,2026-02-14T03:46:44Z
TFC,2006-09-28,20.65,20.72,20.59,20.66,1727973,44.09,44.24,43.96,44.1,809400,2026-02-14T03:46:44Z
TFC,2006-09-29,20.51,20.71,20.48,20.55,3132510,43.78,44.22,43.73,43.87,1467300,2026-02-14T03:46:44Z
TFC,2006-10-02,20.49,20.61,20.43,20.57,2172877,43.74,43.99,43.61,43.91,1017800,2026-02-14T03:46:44Z
TFC,2006-10-03,20.54,20.64,20.48,20.48,2459379,43.86,44.07,43.72,43.72,1152000,2026-02-14T03:46:44Z
TFC,2006-10-04,20.66,20.72,20.47,20.47,3146599,44.1,44.23,43.7,43.7,1473900,2026-02-14T03:46:44Z
TFC,2006-10-05,20.62,20.67,20.47,20.52,2647681,44.02,44.13,43.71,43.81,1240200,2026-02-14T03:46:44Z
TFC,2006-10-06,20.54,20.61,20.48,20.58,2360324,43.84,43.99,43.72,43.93,1105600,2026-02-14T03:46:44Z
TFC,2006-10-09,20.67,20.68,20.49,20.51,1803757,44.12,44.14,43.75,43.78,844900,2026-02-14T03:46:44Z
TFC,2006-10-10,20.72,20.79,20.63,20.63,3117350,44.23,44.39,44.05,44.05,1460200,2026-02-14T03:46:44Z
TFC,2006-10-11,20.86,20.9,20.71,20.71,3205109,44.12,44.19,43.8,43.8,1515700,2026-02-14T03:46:44Z
TFC,2006-10-12,20.85,20.92,20.79,20.9,2154151,44.09,44.24,43.96,44.2,1018700,2026-02-14T03:46:44Z
TFC,2006-10-13,20.82,20.88,20.69,20.82,2335798,44.03,44.16,43.74,44.02,1104600,2026-02-14T03:46:44Z
TFC,2006-10-16,20.75,20.8,20.69,20.76,1622112,43.87,43.99,43.76,43.9,767100,2026-02-14T03:46:44Z
TFC,2006-10-17,20.75,20.78,20.63,20.68,1942478,43.88,43.95,43.63,43.72,918600,2026-02-14T03:46:44Z
TFC,2006-10-18,20.81,20.87,20.71,20.8,2832720,44,44.13,43.79,43.98,1339600,2026-02-14T03:46:44Z
TFC,2006-10-19,20.55,20.68,20.4,20.67,3756173,43.46,43.72,43.14,43.7,1776300,2026-02-14T03:46:44Z
TFC,2006-10-20,20.46,20.65,20.31,20.65,3674975,43.26,43.66,42.95,43.66,1737900,2026-02-14T03:46:44Z
TFC,2006-10-23,20.33,20.4,20.27,20.34,3262418,42.99,43.13,42.87,43.01,1542800,2026-02-14T03:46:44Z
TFC,2006-10-24,20.37,20.4,20.17,20.26,3299206,43.08,43.14,42.65,42.84,1560200,2026-02-14T03:46:44Z
TFC,2006-10-25,20.3,20.4,20.19,20.37,2100856,42.93,43.13,42.69,43.08,993500,2026-02-14T03:46:44Z
TFC,2006-10-26,20.44,20.45,20.19,20.29,2297099,43.23,43.24,42.69,42.9,1086300,2026-02-14T03:46:44Z
TFC,2006-10-27,20.35,20.46,20.31,20.42,2025162,43.03,43.26,42.95,43.18,957700,2026-02-14T03:46:44Z
TFC,2006-10-30,20.52,20.54,20.34,20.35,2257975,43.39,43.44,43,43.04,1067800,2026-02-14T03:46:44Z
TFC,2006-10-31,20.58,20.7,20.52,20.57,3620410,43.52,43.78,43.39,43.5,1712100,2026-02-14T03:46:44Z
TFC,2006-11-01,20.51,20.79,20.51,20.76,3010981,43.38,43.97,43.37,43.89,1423900,2026-02-14T03:46:44Z
TFC,2006-11-02,20.33,20.52,20.23,20.5,2290544,42.99,43.38,42.77,43.35,1083200,2026-02-14T03:46:44Z
TFC,2006-11-03,20.24,20.46,20.1,20.35,2551912,42.79,43.27,42.5,43.04,1206800,2026-02-14T03:46:44Z
TFC,2006-11-06,20.33,20.46,20.3,20.34,2113967,43,43.26,42.92,43,999700,2026-02-14T03:46:44Z
TFC,2006-11-07,20.33,20.46,20.29,20.33,1927251,42.98,43.27,42.9,42.98,911400,2026-02-14T03:46:44Z
TFC,2006-11-08,20.42,20.49,20.26,20.29,2142524,43.17,43.32,42.85,42.91,1013200,2026-02-14T03:46:44Z
TFC,2006-11-09,20.36,20.44,20.31,20.42,2129411,43.06,43.23,42.94,43.17,1007000,2026-02-14T03:46:44Z
TFC,2006-11-10,20.36,20.44,20.27,20.43,1279972,43.06,43.23,42.86,43.2,605300,2026-02-14T03:46:44Z
TFC,2006-11-13,20.43,20.48,20.33,20.35,1593775,43.21,43.3,42.99,43.04,753700,2026-02-14T03:46:44Z
TFC,2006-11-14,20.53,20.57,20.25,20.48,2510668,43.42,43.49,42.82,43.31,1187300,2026-02-14T03:46:44Z
TFC,2006-11-15,20.6,20.69,20.46,20.48,3204264,43.57,43.76,43.27,43.3,1515300,2026-02-14T03:46:44Z
TFC,2006-11-16,20.77,20.79,20.66,20.69,2305769,43.92,43.96,43.69,43.74,1090400,2026-02-14T03:46:44Z
TFC,2006-11-17,20.7,20.77,20.63,20.69,2101283,43.77,43.91,43.62,43.75,993700,2026-02-14T03:46:44Z
TFC,2006-11-20,20.68,20.73,20.6,20.66,1362232,43.72,43.83,43.57,43.68,644200,2026-02-14T03:46:44Z
TFC,2006-11-21,20.52,20.65,20.51,20.64,1504752,43.39,43.67,43.37,43.65,711600,2026-02-14T03:46:44Z
TFC,2006-11-22,20.52,20.63,20.46,20.52,1181852,43.39,43.62,43.26,43.39,558900,2026-02-14T03:46:44Z
TFC,2006-11-24,20.42,20.53,20.38,20.4,604567,43.17,43.42,43.1,43.14,285900,2026-02-14T03:46:44Z
TFC,2006-11-27,20.16,20.39,20.16,20.36,3015637,42.63,43.11,42.63,43.05,1426100,2026-02-14T03:46:44Z
TFC,2006-11-28,20.15,20.31,20.1,20.17,1666311,42.61,42.95,42.51,42.65,788000,2026-02-14T03:46:44Z
TFC,2006-11-29,20.35,20.36,20.17,20.23,1389717,43.04,43.05,42.66,42.78,657200,2026-02-14T03:46:44Z
TFC,2006-11-30,20.34,20.34,20.09,20.29,3519759,43.01,43.02,42.48,42.91,1664500,2026-02-14T03:46:44Z
TFC,2006-12-01,20.42,20.43,20.21,20.37,3807132,43.18,43.21,42.74,43.08,1800400,2026-02-14T03:46:44Z
TFC,2006-12-04,20.63,20.69,20.45,20.52,2818344,43.63,43.74,43.25,43.4,1332800,2026-02-14T03:46:44Z
TFC,2006-12-05,20.62,20.68,20.54,20.6,2506653,43.6,43.72,43.43,43.55,1185400,2026-02-14T03:46:44Z
TFC,2006-12-06,20.68,20.69,20.59,20.64,1902931,43.73,43.75,43.53,43.64,899900,2026-02-14T03:46:44Z
TFC,2006-12-07,20.63,20.81,20.62,20.69,1728900,43.63,44,43.61,43.74,817600,2026-02-14T03:46:44Z
TFC,2006-12-08,20.75,20.8,20.58,20.62,2511092,43.87,43.99,43.51,43.6,1187500,2026-02-14T03:46:44Z
TFC,2006-12-11,20.75,20.86,20.69,20.71,2280811,43.87,44.1,43.74,43.8,1078600,2026-02-14T03:46:44Z
TFC,2006-12-12,20.85,20.91,20.68,20.69,2671172,44.09,44.21,43.73,43.75,1263200,2026-02-14T03:46:44Z
TFC,2006-12-13,20.76,20.79,20.57,20.67,3825316,43.9,43.96,43.49,43.7,1809000,2026-02-14T03:46:44Z
TFC,2006-12-14,20.88,20.9,20.71,20.73,2098114,44.16,44.19,43.79,43.83,992200,2026-02-14T03:46:44Z
TFC,2006-12-15,20.88,21.04,20.85,20.92,5956639,44.16,44.5,44.08,44.23,2816900,2026-02-14T03:46:44Z
TFC,2006-12-18,20.89,20.97,20.8,20.91,1875653,44.18,44.35,43.99,44.21,887000,2026-02-14T03:46:44Z
TFC,2006-12-19,20.96,20.96,20.82,20.88,2300901,44.32,44.32,44.02,44.15,1088100,2026-02-14T03:46:44Z
TFC,2006-12-20,20.94,20.99,20.87,20.95,2705009,44.27,44.38,44.13,44.3,1279200,2026-02-14T03:46:44Z
TFC,2006-12-21,20.89,20.98,20.85,20.92,3580024,44.18,44.36,44.08,44.23,1693000,2026-02-14T03:46:44Z
TFC,2006-12-22,20.8,20.93,20.78,20.86,1432645,43.98,44.25,43.95,44.12,677500,2026-02-14T03:46:44Z
TFC,2006-12-26,20.93,20.95,20.76,20.78,1458867,44.26,44.31,43.9,43.95,689900,2026-02-14T03:46:44Z
TFC,2006-12-27,21.11,21.16,20.93,20.93,2819402,44.63,44.74,44.26,44.26,1333300,2026-02-14T03:46:44Z
TFC,2006-12-28,20.94,21.13,20.93,21.04,1718332,44.27,44.68,44.25,44.49,812600,2026-02-14T03:46:44Z
TFC,2006-12-29,20.77,20.94,20.72,20.9,2496710,43.93,44.27,43.81,44.19,1180700,2026-02-14T03:46:44Z
TFC,2007-01-03,20.81,20.95,20.63,20.66,3828275,44,44.3,43.63,43.68,1810400,2026-02-14T03:46:44Z
TFC,2007-01-04,20.65,20.79,20.48,20.74,3924703,43.66,43.97,43.3,43.86,1856000,2026-02-14T03:46:44Z
TFC,2007-01-05,20.37,20.65,20.33,20.65,3233442,43.08,43.66,42.99,43.66,1529100,2026-02-14T03:46:44Z
TFC,2007-01-08,20.29,20.36,20.09,20.34,2446387,42.91,43.06,42.49,43,1156900,2026-02-14T03:46:44Z
TFC,2007-01-09,20.25,20.41,20.14,20.29,3248029,42.83,43.16,42.58,42.9,1536000,2026-02-14T03:46:44Z
TFC,2007-01-10,20.36,20.39,20.25,20.3,2901689,42.63,42.7,42.4,42.51,1385800,2026-02-14T03:46:44Z
TFC,2007-01-11,20.53,20.58,20.35,20.43,3080080,42.98,43.09,42.61,42.78,1471000,2026-02-14T03:46:44Z
TFC,2007-01-12,20.35,20.51,20.3,20.51,2802219,42.62,42.95,42.5,42.95,1338300,2026-02-14T03:46:44Z
TFC,2007-01-16,20.45,20.47,20.3,20.36,2921991,42.82,42.85,42.5,42.64,1395500,2026-02-14T03:46:44Z
TFC,2007-01-17,20.41,20.53,20.3,20.51,3474352,42.74,42.98,42.51,42.94,1659300,2026-02-14T03:46:44Z
TFC,2007-01-18,20.62,20.82,20.42,20.54,3549109,43.18,43.59,42.75,43,1695000,2026-02-14T03:46:44Z
TFC,2007-01-19,20.43,20.73,20.36,20.72,3252197,42.77,43.4,42.62,43.38,1553200,2026-02-14T03:46:44Z
TFC,2007-01-22,20.42,20.49,20.3,20.36,2308286,42.75,42.91,42.51,42.64,1102400,2026-02-14T03:46:44Z
TFC,2007-01-23,20.43,20.49,20.32,20.45,1788790,42.78,42.9,42.55,42.82,854300,2026-02-14T03:46:44Z
TFC,2007-01-24,20.54,20.54,20.4,20.43,2077541,43,43,42.71,42.77,992200,2026-02-14T03:46:44Z
TFC,2007-01-25,20.16,20.59,20.15,20.59,3340357,42.21,43.11,42.18,43.11,1595300,2026-02-14T03:46:44Z
TFC,2007-01-26,20.15,20.22,20.02,20.12,2576296,42.19,42.33,41.92,42.13,1230400,2026-02-14T03:46:44Z
TFC,2007-01-29,20.08,20.22,20.04,20.18,2971624,42.05,42.34,41.97,42.25,1419200,2026-02-14T03:46:44Z
TFC,2007-01-30,20.14,20.16,20.03,20.12,2352249,42.16,42.21,41.94,42.12,1123400,2026-02-14T03:46:44Z
TFC,2007-01-31,20.18,20.22,20.04,20.17,3433532,42.26,42.33,41.97,42.24,1639800,2026-02-14T03:46:44Z
TFC,2007-02-01,20.36,20.45,20.24,20.4,4651748,42.63,42.81,42.37,42.72,2221600,2026-02-14T03:46:44Z
TFC,2007-02-02,20.3,20.47,20.28,20.42,3831576,42.51,42.85,42.47,42.75,1829900,2026-02-14T03:46:44Z
TFC,2007-02-05,20.36,20.43,20.25,20.29,4056874,42.64,42.78,42.39,42.48,1937500,2026-02-14T03:46:44Z
TFC,2007-02-06,20.45,20.54,20.38,20.4,2438107,42.83,43,42.68,42.72,1164400,2026-02-14T03:46:44Z
TFC,2007-02-07,20.48,20.53,20.42,20.42,2159201,42.88,42.98,42.75,42.76,1031200,2026-02-14T03:46:44Z
TFC,2007-02-08,20.46,20.53,20.35,20.43,2241068,42.85,42.98,42.6,42.78,1070300,2026-02-14T03:46:44Z
TFC,2007-02-09,20.45,20.59,20.39,20.52,3356054,42.81,43.11,42.7,42.96,1602800,2026-02-14T03:46:44Z
TFC,2007-02-12,20.58,20.64,20.45,20.49,2934767,43.1,43.21,42.82,42.91,1401600,2026-02-14T03:46:44Z
TFC,2007-02-13,20.82,20.82,20.51,20.63,3474984,43.6,43.6,42.94,43.19,1659600,2026-02-14T03:46:44Z
TFC,2007-02-14,20.92,21,20.74,20.83,2878862,43.8,43.98,43.43,43.62,1374900,2026-02-14T03:46:44Z
TFC,2007-02-15,20.89,21.01,20.87,20.94,3140180,43.75,43.99,43.69,43.85,1499700,2026-02-14T03:46:44Z
TFC,2007-02-16,20.94,21.05,20.87,20.89,2913202,43.84,44.08,43.7,43.75,1391300,2026-02-14T03:46:44Z
TFC,2007-02-20,21.09,21.1,20.84,20.95,3052437,44.15,44.17,43.63,43.86,1457800,2026-02-14T03:46:44Z
TFC,2007-02-21,21.02,21.05,20.94,20.95,2498405,44.01,44.08,43.84,43.86,1193200,2026-02-14T03:46:44Z
TFC,2007-02-22,20.99,21.11,20.9,21.04,2099737,43.95,44.19,43.76,44.05,1002800,2026-02-14T03:46:44Z
TFC,2007-02-23,20.9,21.06,20.76,21.06,2144541,43.76,44.09,43.47,44.09,1024200,2026-02-14T03:46:44Z
TFC,2007-02-26,20.83,20.99,20.7,20.91,2189982,43.62,43.94,43.35,43.79,1045900,2026-02-14T03:46:44Z
TFC,2007-02-27,20.25,20.83,20.21,20.76,4371997,42.4,43.62,42.32,43.47,2088000,2026-02-14T03:46:44Z
TFC,2007-02-28,20.27,20.48,20.11,20.25,3572554,42.45,42.89,42.1,42.4,1706200,2026-02-14T03:46:44Z
TFC,2007-03-01,20.1,20.23,19.58,19.58,4658014,42.08,42.35,41,41,2224600,2026-02-14T03:46:44Z
TFC,2007-03-02,19.86,20.19,19.86,19.99,5206209,41.59,42.27,41.59,41.85,2486400,2026-02-14T03:46:44Z
TFC,2007-03-05,19.51,19.84,19.49,19.82,4212663,40.85,41.55,40.81,41.49,2011900,2026-02-14T03:46:44Z
TFC,2007-03-06,19.89,19.91,19.58,19.65,2833424,41.65,41.69,41,41.15,1353200,2026-02-14T03:46:44Z
TFC,2007-03-07,19.71,19.89,19.7,19.85,1995668,41.27,41.65,41.24,41.56,953100,2026-02-14T03:46:44Z
TFC,2007-03-08,19.85,19.95,19.73,19.85,2138258,41.57,41.77,41.32,41.57,1021200,2026-02-14T03:46:44Z
TFC,2007-03-09,19.82,19.98,19.77,19.98,2741090,41.51,41.84,41.39,41.84,1309100,2026-02-14T03:46:44Z
TFC,2007-03-12,19.76,19.82,19.67,19.79,2149352,41.38,41.5,41.19,41.44,1026500,2026-02-14T03:46:44Z
TFC,2007-03-13,19.24,19.67,19.19,19.65,4662421,40.28,41.19,40.19,41.15,2226700,2026-02-14T03:46:44Z
TFC,2007-03-14,19.31,19.39,18.88,19.31,4857580,40.43,40.59,39.54,40.43,2319900,2026-02-14T03:46:44Z
TFC,2007-03-15,19.43,19.54,19.27,19.32,2674296,40.68,40.92,40.34,40.46,1277200,2026-02-14T03:46:44Z
TFC,2007-03-16,19.37,19.57,19.31,19.5,4887709,40.55,40.98,40.43,40.83,2334300,2026-02-14T03:46:44Z
TFC,2007-03-19,19.6,19.65,19.45,19.51,2438308,41.04,41.15,40.72,40.85,1164500,2026-02-14T03:46:44Z
TFC,2007-03-20,19.74,19.76,19.57,19.62,1751526,41.34,41.37,40.97,41.09,836500,2026-02-14T03:46:44Z
TFC,2007-03-21,20.23,20.24,19.62,19.73,4241762,42.35,42.38,41.09,41.31,2025800,2026-02-14T03:46:44Z
TFC,2007-03-22,20.03,20.26,19.98,20.22,3535285,41.95,42.43,41.83,42.34,1688400,2026-02-14T03:46:44Z
TFC,2007-03-23,20.05,20.19,19.96,20.01,1976194,41.98,42.28,41.8,41.9,943800,2026-02-14T03:46:44Z
TFC,2007-03-26,19.97,20.08,19.7,20.05,3435205,41.81,42.05,41.26,41.98,1640600,2026-02-14T03:46:44Z
TFC,2007-03-27,19.81,19.91,19.77,19.88,2258867,41.48,41.68,41.39,41.63,1078800,2026-02-14T03:46:44Z
TFC,2007-03-28,19.5,19.77,19.47,19.77,3462001,40.83,41.39,40.77,41.39,1653400,2026-02-14T03:46:44Z
TFC,2007-03-29,19.75,19.77,19.52,19.68,5247028,41.36,41.4,40.88,41.2,2505900,2026-02-14T03:46:44Z
TFC,2007-03-30,19.59,19.83,19.47,19.75,4841869,41.02,41.52,40.77,41.36,2312400,2026-02-14T03:46:44Z
TFC,2007-04-02,19.23,19.46,19.08,19.41,6805297,40.27,40.75,39.96,40.64,3250100,2026-02-14T03:46:44Z
TFC,2007-04-03,19.56,19.6,19.1,19.31,3576114,40.96,41.03,40,40.43,1707900,2026-02-14T03:46:44Z
TFC,2007-04-04,19.46,19.58,19.42,19.58,2566033,40.75,41,40.66,40.99,1225500,2026-02-14T03:46:44Z
TFC,2007-04-05,19.49,19.53,19.32,19.39,2632839,40.8,40.9,40.45,40.59,1257400,2026-02-14T03:46:44Z
TFC,2007-04-09,19.3,19.49,19.26,19.49,3550155,40.41,40.8,40.32,40.8,1695500,2026-02-14T03:46:44Z
TFC,2007-04-10,19.45,19.47,19.3,19.33,3765619,40.73,40.76,40.41,40.48,1798400,2026-02-14T03:46:44Z
TFC,2007-04-11,19.2,19.57,19.2,19.54,3980637,39.79,40.55,39.79,40.5,1920900,2026-02-14T03:46:44Z
TFC,2007-04-12,19.11,19.18,18.88,19.14,4196364,39.6,39.75,39.13,39.67,2025000,2026-02-14T03:46:44Z
TFC,2007-04-13,19.26,19.32,18.99,19.24,3750822,39.91,40.03,39.35,39.86,1810000,2026-02-14T03:46:44Z
TFC,2007-04-16,19.65,19.79,19.33,19.38,4343701,40.73,41,40.06,40.15,2096100,2026-02-14T03:46:44Z
TFC,2007-04-17,19.57,19.69,19.53,19.62,3273778,40.56,40.8,40.48,40.65,1579800,2026-02-14T03:46:44Z
TFC,2007-04-18,19.81,19.88,19.53,19.53,4935134,41.05,41.2,40.48,40.48,2381500,2026-02-14T03:46:44Z
TFC,2007-04-19,20.2,20.25,19.74,19.79,7620592,41.86,41.96,40.9,41.01,3677400,2026-02-14T03:46:44Z
TFC,2007-04-20,20.27,20.36,20.12,20.33,7389113,42.01,42.2,41.7,42.12,3565700,2026-02-14T03:46:44Z
TFC,2007-04-23,20.16,20.34,20.13,20.27,3504836,41.77,42.15,41.71,42.01,1691300,2026-02-14T03:46:44Z
TFC,2007-04-24,20.04,20.2,19.92,20.16,3195041,41.52,41.85,41.28,41.77,1541800,2026-02-14T03:46:44Z
TFC,2007-04-25,20.26,20.26,20,20.16,2726707,41.99,41.99,41.44,41.77,1315800,2026-02-14T03:46:44Z
TFC,2007-04-26,20.21,20.35,20.14,20.27,3691978,41.88,42.17,41.74,42,1781600,2026-02-14T03:46:44Z
TFC,2007-04-27,20.31,20.34,20.08,20.14,2946151,42.08,42.14,41.61,41.73,1421700,2026-02-14T03:46:44Z
TFC,2007-04-30,20.08,20.38,20.08,20.36,3904374,41.62,42.24,41.62,42.2,1884100,2026-02-14T03:46:44Z
TFC,2007-05-01,20.28,20.34,20.12,20.26,6004848,42.03,42.14,41.7,41.98,2897700,2026-02-14T03:46:44Z
TFC,2007-05-02,20.35,20.47,20.26,20.27,3819412,42.17,42.41,41.99,42.01,1843100,2026-02-14T03:46:44Z
TFC,2007-05-03,20.48,20.49,20.33,20.37,2731890,42.43,42.47,42.13,42.21,1318300,2026-02-14T03:46:44Z
TFC,2007-05-04,20.48,20.57,20.41,20.51,2357838,42.45,42.62,42.29,42.5,1137800,2026-02-14T03:46:44Z
TFC,2007-05-07,20.62,20.76,20.52,20.56,3596446,42.74,43.02,42.52,42.6,1735500,2026-02-14T03:46:44Z
TFC,2007-05-08,20.56,20.62,20.45,20.57,3250780,42.6,42.72,42.38,42.63,1568700,2026-02-14T03:46:44Z
TFC,2007-05-09,20.68,20.75,20.46,20.46,4453952,42.85,43,42.4,42.4,2149300,2026-02-14T03:46:44Z
TFC,2007-05-10,20.34,20.63,20.34,20.57,4009445,42.14,42.75,42.14,42.62,1934800,2026-02-14T03:46:44Z
TFC,2007-05-11,20.44,20.51,20.28,20.38,2753017,42.36,42.5,42.03,42.23,1328500,2026-02-14T03:46:44Z
TFC,2007-05-14,20.33,20.55,20.23,20.44,2637593,42.13,42.58,41.93,42.36,1272800,2026-02-14T03:46:44Z
TFC,2007-05-15,20.4,20.57,20.34,20.37,3903351,42.27,42.62,42.14,42.21,1883600,2026-02-14T03:46:44Z
TFC,2007-05-16,20.61,20.61,20.42,20.43,3463612,42.7,42.7,42.31,42.33,1671400,2026-02-14T03:46:44Z
TFC,2007-05-17,20.58,20.62,20.47,20.59,2024617,42.65,42.73,42.42,42.67,977000,2026-02-14T03:46:44Z
TFC,2007-05-18,20.68,20.7,20.56,20.68,3544640,42.86,42.9,42.61,42.86,1710500,2026-02-14T03:46:44Z
TFC,2007-05-21,20.7,20.75,20.49,20.65,4321104,42.9,43,42.47,42.8,2085200,2026-02-14T03:46:44Z
TFC,2007-05-22,20.54,20.68,20.5,20.62,3512927,42.57,42.86,42.49,42.73,1695200,2026-02-14T03:46:44Z
TFC,2007-05-23,20.47,20.63,20.44,20.54,3001901,42.41,42.74,42.35,42.57,1448600,2026-02-14T03:46:44Z
TFC,2007-05-24,20.33,20.62,20.3,20.55,3005422,42.13,42.72,42.06,42.58,1450300,2026-02-14T03:46:44Z
TFC,2007-05-25,20.31,20.41,20.22,20.36,2038912,42.09,42.29,41.9,42.19,983900,2026-02-14T03:46:44Z
TFC,2007-05-29,20.29,20.45,20.24,20.38,2268934,42.05,42.38,41.94,42.23,1094900,2026-02-14T03:46:44Z
TFC,2007-05-30,20.33,20.33,20.18,20.24,2490665,42.12,42.13,41.82,41.95,1201900,2026-02-14T03:46:44Z
TFC,2007-05-31,20.32,20.39,20.22,20.28,3460088,42.11,42.25,41.9,42.02,1669700,2026-02-14T03:46:44Z
TFC,2007-06-01,20.45,20.49,20.24,20.49,2926474,42.38,42.46,41.94,42.46,1412200,2026-02-14T03:46:44Z
TFC,2007-06-04,20.44,20.44,20.29,20.39,3555208,42.35,42.35,42.04,42.26,1715600,2026-02-14T03:46:44Z
TFC,2007-06-05,20.4,20.43,20.29,20.4,4320899,42.28,42.33,42.05,42.28,2085100,2026-02-14T03:46:44Z
TFC,2007-06-06,20.14,20.34,20.08,20.33,2964387,41.73,42.15,41.62,42.12,1430500,2026-02-14T03:46:44Z
TFC,2007-06-07,19.8,20.15,19.79,20.08,5209497,41.04,41.75,41.01,41.6,2513900,2026-02-14T03:46:44Z
TFC,2007-06-08,20.05,20.06,19.78,19.79,4767061,41.54,41.56,40.99,41,2300400,2026-02-14T03:46:44Z
TFC,2007-06-11,20.13,20.2,19.98,20.03,2682775,41.72,41.87,41.41,41.5,1294600,2026-02-14T03:46:44Z
TFC,2007-06-12,19.86,20.19,19.86,20.09,3101781,41.15,41.84,41.15,41.64,1496800,2026-02-14T03:46:44Z
TFC,2007-06-13,20.18,20.21,19.86,19.86,4500778,41.82,41.88,41.15,41.16,2171900,2026-02-14T03:46:44Z
TFC,2007-06-14,20.12,20.23,20.07,20.18,2244065,41.69,41.93,41.58,41.82,1082900,2026-02-14T03:46:44Z
TFC,2007-06-15,20.14,20.39,20.14,20.22,4979888,41.74,42.25,41.74,41.9,2403100,2026-02-14T03:46:44Z
TFC,2007-06-18,20.15,20.28,20.13,20.17,3400821,41.76,42.02,41.72,41.79,1641100,2026-02-14T03:46:44Z
TFC,2007-06-19,20.32,20.34,20.1,20.12,2469952,42.11,42.15,41.66,41.7,1191900,2026-02-14T03:46:44Z
TFC,2007-06-20,20.17,20.43,20.17,20.39,5147541,41.79,42.33,41.79,42.25,2484000,2026-02-14T03:46:44Z
TFC,2007-06-21,20.2,20.29,19.96,20.17,4719190,41.85,42.05,41.37,41.8,2277300,2026-02-14T03:46:44Z
TFC,2007-06-22,19.86,20.12,19.81,20.04,5518261,41.15,41.69,41.06,41.53,2662900,2026-02-14T03:46:44Z
TFC,2007-06-25,19.79,20.1,19.74,19.95,3750416,41.02,41.66,40.91,41.35,1809800,2026-02-14T03:46:44Z
TFC,2007-06-26,19.78,20,19.77,19.92,2937252,40.98,41.44,40.98,41.27,1417400,2026-02-14T03:46:44Z
TFC,2007-06-27,19.98,20.01,19.69,19.69,4887477,41.41,41.47,40.8,40.8,2358500,2026-02-14T03:46:44Z
TFC,2007-06-28,19.84,19.99,19.76,19.89,3738181,41.12,41.43,40.95,41.22,1803900,2026-02-14T03:46:44Z
TFC,2007-06-29,19.63,19.97,19.52,19.86,5020086,40.68,41.39,40.45,41.15,2422500,2026-02-14T03:46:44Z
TFC,2007-07-02,19.99,20,19.58,19.58,3874531,41.42,41.45,40.57,40.57,1869700,2026-02-14T03:46:44Z
TFC,2007-07-03,20.17,20.17,20,20.02,2538752,41.8,41.8,41.45,41.49,1225100,2026-02-14T03:46:44Z
TFC,2007-07-05,19.89,20.15,19.87,20.07,3408060,41.22,41.76,41.17,41.58,1644600,2026-02-14T03:46:44Z
TFC,2007-07-06,19.87,19.94,19.77,19.89,5807566,41.17,41.33,40.98,41.22,2802500,2026-02-14T03:46:44Z
TFC,2007-07-09,19.74,19.91,19.69,19.86,4419762,40.9,41.25,40.8,41.16,2132800,2026-02-14T03:46:44Z
TFC,2007-07-10,19.4,19.72,19.38,19.58,8620281,40.2,40.86,40.16,40.57,4159800,2026-02-14T03:46:44Z
TFC,2007-07-11,19.55,19.61,19.33,19.33,5905599,40.04,40.17,39.6,39.6,2882800,2026-02-14T03:46:44Z
TFC,2007-07-12,20.1,20.11,19.55,19.64,5026971,41.17,41.19,40.04,40.24,2453900,2026-02-14T03:46:44Z
TFC,2007-07-13,20.1,20.2,19.91,20.01,3675944,41.17,41.38,40.78,41,1794400,2026-02-14T03:46:44Z
TFC,2007-07-16,20.09,20.14,19.98,20,3822013,41.15,41.26,40.92,40.98,1865700,2026-02-14T03:46:44Z
TFC,2007-07-17,20.08,20.23,20.04,20.14,3532963,41.14,41.44,41.05,41.26,1724600,2026-02-14T03:46:44Z
TFC,2007-07-18,19.82,20.06,19.63,20.02,5472955,40.61,41.1,40.21,41.01,2671600,2026-02-14T03:46:44Z
TFC,2007-07-19,19.59,19.94,19.36,19.89,4770703,40.13,40.85,39.65,40.75,2328800,2026-02-14T03:46:44Z
TFC,2007-07-20,19.14,20.2,19.09,19.95,7829224,39.2,41.37,39.11,40.86,3821800,2026-02-14T03:46:44Z
TFC,2007-07-23,19.18,19.54,19.16,19.54,4979641,39.3,40.03,39.25,40.03,2430800,2026-02-14T03:46:44Z
TFC,2007-07-24,18.59,19.11,18.55,18.81,7462923,38.09,39.14,37.99,38.54,3643000,2026-02-14T03:46:44Z
TFC,2007-07-25,18.95,19.07,18.61,18.79,7410876,38.81,39.07,38.12,38.5,3617600,2026-02-14T03:46:44Z
TFC,2007-07-26,18.57,18.8,18.29,18.77,9898244,38.05,38.51,37.46,38.46,4831800,2026-02-14T03:46:44Z
TFC,2007-07-27,18.36,18.81,18.36,18.57,7812609,37.61,38.53,37.61,38.05,3813700,2026-02-14T03:46:44Z
TFC,2007-07-30,18.56,18.61,18.18,18.31,8926628,38.03,38.12,37.25,37.5,4357500,2026-02-14T03:46:44Z
TFC,2007-07-31,18.27,18.91,18.26,18.75,8579820,37.42,38.73,37.4,38.4,4188200,2026-02-14T03:46:44Z
TFC,2007-08-01,18.8,18.95,18.15,18.29,13307277,38.52,38.81,37.19,37.46,6495900,2026-02-14T03:46:44Z
TFC,2007-08-02,18.8,19.07,18.61,18.81,6522024,38.51,39.06,38.13,38.53,3183700,2026-02-14T03:46:44Z
TFC,2007-08-03,18.07,19.04,18.04,19.04,9925299,37.01,39,36.95,39,4845000,2026-02-14T03:46:44Z
TFC,2007-08-06,19.23,19.27,18.04,18.19,9464777,39.39,39.47,36.96,37.27,4620200,2026-02-14T03:46:44Z
TFC,2007-08-07,19.43,19.68,18.99,19,8410391,39.81,40.32,38.9,38.92,4105500,2026-02-14T03:46:44Z
TFC,2007-08-08,20.18,20.26,19.53,19.53,8682842,41.33,41.5,40,40,4238500,2026-02-14T03:46:44Z
TFC,2007-08-09,19.56,19.95,19.22,19.69,11360122,40.08,40.86,39.38,40.33,5545400,2026-02-14T03:46:44Z
TFC,2007-08-10,19.19,19.48,18.94,19.36,10092073,39.31,39.91,38.8,39.65,4926400,2026-02-14T03:46:44Z
TFC,2007-08-13,18.64,19.35,18.6,19.29,6291565,38.18,39.63,38.11,39.51,3071200,2026-02-14T03:46:44Z
TFC,2007-08-14,18.13,18.65,18.13,18.56,7018574,37.14,38.2,37.14,38.03,3426100,2026-02-14T03:46:44Z
TFC,2007-08-15,18.24,18.8,18.08,18.13,8903705,37.36,38.51,37.03,37.14,4346300,2026-02-14T03:46:44Z
TFC,2007-08-16,19.28,19.38,18.06,18.14,11311976,39.49,39.69,37,37.16,5521900,2026-02-14T03:46:44Z
TFC,2007-08-17,19.94,20.37,19.21,20.17,11272016,40.85,41.73,39.36,41.32,5502400,2026-02-14T03:46:44Z
TFC,2007-08-20,19.48,19.92,19.17,19.74,6815593,39.9,40.8,39.28,40.43,3327000,2026-02-14T03:46:44Z
TFC,2007-08-21,19.71,19.87,19.34,19.34,4527934,40.38,40.7,39.61,39.62,2210300,2026-02-14T03:46:44Z
TFC,2007-08-22,19.83,19.95,19.4,19.84,3749285,40.62,40.88,39.75,40.65,1830200,2026-02-14T03:46:44Z
TFC,2007-08-23,19.61,19.89,19.47,19.85,4183384,40.17,40.75,39.88,40.67,2042100,2026-02-14T03:46:44Z
TFC,2007-08-24,19.96,19.98,19.41,19.51,3646041,40.88,40.93,39.76,39.97,1779800,2026-02-14T03:46:44Z
TFC,2007-08-27,19.65,19.92,19.65,19.92,4070494,40.26,40.8,40.25,40.8,1987000,2026-02-14T03:46:44Z
TFC,2007-08-28,19.01,19.52,19.01,19.5,5106055,38.94,39.99,38.94,39.95,2492500,2026-02-14T03:46:44Z
TFC,2007-08-29,19.36,19.4,18.89,19.1,3975644,39.67,39.75,38.7,39.13,1940700,2026-02-14T03:46:44Z
TFC,2007-08-30,19.2,19.42,19.11,19.21,3864209,39.33,39.78,39.14,39.35,1886300,2026-02-14T03:46:44Z
TFC,2007-08-31,19.39,19.52,19.16,19.46,4038123,39.73,39.99,39.24,39.87,1971200,2026-02-14T03:46:44Z
TFC,2007-09-04,19.42,19.56,19.2,19.21,2999913,39.78,40.06,39.33,39.35,1464400,2026-02-14T03:46:44Z
TFC,2007-09-05,19.15,19.3,19.04,19.26,3728382,39.24,39.54,39,39.45,1820000,2026-02-14T03:46:44Z
TFC,2007-09-06,19.4,19.44,19.02,19.12,3556518,39.75,39.82,38.97,39.16,1736100,2026-02-14T03:46:44Z
TFC,2007-09-07,19.01,19.3,18.93,19.1,5459638,38.94,39.53,38.78,39.13,2665100,2026-02-14T03:46:44Z
TFC,2007-09-10,19.13,19.38,18.84,19.16,3987733,39.18,39.7,38.6,39.24,1946600,2026-02-14T03:46:44Z
TFC,2007-09-11,19.49,19.58,19.17,19.17,4894843,39.92,40.1,39.26,39.26,2389400,2026-02-14T03:46:44Z
TFC,2007-09-12,19.35,19.5,19.23,19.36,3686398,39.64,39.95,39.4,39.66,1799500,2026-02-14T03:46:44Z
TFC,2007-09-13,19.76,19.77,19.43,19.53,4181734,40.47,40.51,39.81,40,2041300,2026-02-14T03:46:44Z
TFC,2007-09-14,19.86,19.93,19.58,19.61,3548521,40.69,40.82,40.12,40.18,1732200,2026-02-14T03:46:44Z
TFC,2007-09-17,19.84,19.91,19.68,19.8,3780007,40.64,40.79,40.32,40.56,1845200,2026-02-14T03:46:44Z
TFC,2007-09-18,20.75,20.75,19.75,19.93,7989005,42.5,42.5,40.45,40.82,3899800,2026-02-14T03:46:44Z
TFC,2007-09-19,20.87,20.99,20.67,20.74,5828999,42.76,43,42.35,42.49,2845400,2026-02-14T03:46:44Z
TFC,2007-09-20,20.48,20.87,20.39,20.87,5571700,41.95,42.75,41.77,42.75,2719800,2026-02-14T03:46:44Z
TFC,2007-09-21,20.29,20.72,20.27,20.72,8163962,41.57,42.45,41.52,42.45,3985200,2026-02-14T03:46:44Z
TFC,2007-09-24,19.86,20.36,19.85,20.26,5549153,40.68,41.7,40.66,41.5,2708800,2026-02-14T03:46:44Z
TFC,2007-09-25,19.86,20,19.67,19.75,3473342,40.68,40.98,40.3,40.46,1695500,2026-02-14T03:46:44Z
TFC,2007-09-26,19.91,20.12,19.78,19.98,2994797,40.79,41.22,40.52,40.93,1461900,2026-02-14T03:46:44Z
TFC,2007-09-27,20.01,20.08,19.81,19.94,2772736,40.99,41.13,40.59,40.85,1353500,2026-02-14T03:46:44Z
TFC,2007-09-28,19.72,20.02,19.7,19.9,4767430,40.39,41.02,40.35,40.76,2327200,2026-02-14T03:46:44Z
TFC,2007-10-01,20.25,20.36,19.81,20.07,6869044,41.49,41.71,40.58,41.12,3353100,2026-02-14T03:46:44Z
TFC,2007-10-02,20.34,20.46,20.13,20.28,3367838,41.66,41.92,41.23,41.54,1644000,2026-02-14T03:46:44Z
TFC,2007-10-03,20.3,20.5,20.21,20.27,2981281,41.58,42,41.4,41.53,1455300,2026-02-14T03:46:44Z
TFC,2007-10-04,20.5,20.5,20.36,20.38,3434018,42,42,41.71,41.75,1676300,2026-02-14T03:46:44Z
TFC,2007-10-05,20.57,20.8,20.38,20.53,6846514,42.13,42.61,41.74,42.05,3342100,2026-02-14T03:46:44Z
TFC,2007-10-08,20.52,20.64,20.43,20.58,4104706,42.04,42.28,41.85,42.15,2003700,2026-02-14T03:46:44Z
TFC,2007-10-09,20.53,20.62,20.33,20.6,4977389,42.05,42.24,41.64,42.2,2429700,2026-02-14T03:46:44Z
TFC,2007-10-10,20.41,20.63,20.27,20.47,3806134,41.35,41.8,41.07,41.47,1878500,2026-02-14T03:46:44Z
TFC,2007-10-11,20.22,20.62,20.16,20.58,5978584,40.96,41.77,40.84,41.69,2950700,2026-02-14T03:46:44Z
TFC,2007-10-12,19.97,20.26,19.92,20.24,4630385,40.46,41.05,40.35,41.01,2285300,2026-02-14T03:46:44Z
TFC,2007-10-15,19.69,20.1,19.51,20.08,4373855,39.9,40.72,39.52,40.68,2158700,2026-02-14T03:46:44Z
TFC,2007-10-16,19.07,19.58,19.03,19.56,6204493,38.64,39.67,38.55,39.63,3062200,2026-02-14T03:46:44Z
TFC,2007-10-17,19.03,19.34,17.79,19.29,7097628,38.56,39.18,36.05,39.08,3503000,2026-02-14T03:46:44Z
TFC,2007-10-18,18.34,18.64,18.14,18.53,12392789,37.15,37.76,36.75,37.54,6116400,2026-02-14T03:46:44Z
TFC,2007-10-19,17.77,18.49,17.75,18.39,8724815,36.01,37.46,35.96,37.27,4306100,2026-02-14T03:46:44Z
TFC,2007-10-22,17.79,18.03,17.63,17.66,7146054,36.05,36.54,35.72,35.78,3526900,2026-02-14T03:46:44Z
TFC,2007-10-23,18.15,18.15,17.8,17.92,6846570,36.77,36.77,36.07,36.31,3379100,2026-02-14T03:46:44Z
TFC,2007-10-24,17.8,18.06,17.37,18.01,6724425,36.06,36.59,35.19,36.48,3318800,2026-02-14T03:46:44Z
TFC,2007-10-25,17.88,18.2,17.56,17.89,6997741,36.22,36.87,35.57,36.25,3453700,2026-02-14T03:46:44Z
TFC,2007-10-26,18.38,18.55,17.93,18.4,5260296,37.25,37.58,36.33,37.29,2596200,2026-02-14T03:46:44Z
TFC,2007-10-29,18.27,18.62,18.18,18.52,4215826,37.01,37.73,36.84,37.52,2080700,2026-02-14T03:46:44Z
TFC,2007-10-30,17.94,18.36,17.93,18.18,6022538,36.35,37.19,36.33,36.84,2972400,2026-02-14T03:46:44Z
TFC,2007-10-31,18.25,18.34,17.86,18.07,7480354,36.97,37.16,36.19,36.62,3691900,2026-02-14T03:46:44Z
TFC,2007-11-01,17.32,18.05,17.28,17.76,9316085,35.1,36.58,35.01,35.98,4597900,2026-02-14T03:46:44Z
TFC,2007-11-02,16.99,17.5,16.82,17.49,9925954,34.42,35.45,34.07,35.43,4898900,2026-02-14T03:46:44Z
TFC,2007-11-05,16.81,17.04,16.56,16.88,8165591,34.06,34.52,33.55,34.2,4030100,2026-02-14T03:46:44Z
TFC,2007-11-06,17.07,17.08,16.52,16.8,8858558,34.58,34.6,33.48,34.03,4372100,2026-02-14T03:46:44Z
TFC,2007-11-07,16.17,16.84,16.14,16.78,9911336,32.77,34.11,32.7,34,4891700,2026-02-14T03:46:44Z
TFC,2007-11-08,16.54,16.64,15.99,16.19,12555108,33.52,33.72,32.39,32.8,6196500,2026-02-14T03:46:44Z
TFC,2007-11-09,16.87,17.23,16.17,16.38,10674205,34.19,34.91,32.76,33.19,5268200,2026-02-14T03:46:44Z
TFC,2007-11-12,16.98,17.48,16.78,16.78,7729970,34.4,35.42,34,34,3815100,2026-02-14T03:46:44Z
TFC,2007-11-13,17.64,17.67,17.05,17.09,7825020,35.74,35.8,34.55,34.62,3862000,2026-02-14T03:46:44Z
TFC,2007-11-14,17.5,18.05,17.39,17.71,6677596,35.45,36.57,35.23,35.89,3295700,2026-02-14T03:46:44Z
TFC,2007-11-15,16.91,17.47,16.78,17.46,8233673,34.26,35.4,34,35.38,4063700,2026-02-14T03:46:44Z
TFC,2007-11-16,16.64,17.1,16.45,17.06,9034232,33.71,34.65,33.32,34.56,4458800,2026-02-14T03:46:44Z
TFC,2007-11-19,16.35,16.54,15.86,16.51,10574117,33.12,33.52,32.14,33.45,5218800,2026-02-14T03:46:44Z
TFC,2007-11-20,16.32,16.74,15.87,16.21,8238778,33.07,33.92,32.15,32.85,4066200,2026-02-14T03:46:44Z
TFC,2007-11-21,16.19,16.58,15.84,16.22,10474207,32.8,33.59,32.1,32.86,5169500,2026-02-14T03:46:44Z
TFC,2007-11-23,16.78,16.87,16.32,16.33,2717892,34,34.19,33.07,33.08,1341400,2026-02-14T03:46:44Z
TFC,2007-11-26,16.06,16.86,16.03,16.82,9508954,32.55,34.17,32.48,34.07,4693100,2026-02-14T03:46:44Z
TFC,2007-11-27,16.57,16.78,16.3,16.53,12315551,33.58,34,33.02,33.5,6078300,2026-02-14T03:46:44Z
TFC,2007-11-28,17.78,17.87,16.67,16.67,15279652,36.02,36.21,33.77,33.77,7541200,2026-02-14T03:46:44Z
TFC,2007-11-29,17.5,17.81,17.27,17.68,10171314,35.46,36.09,34.99,35.83,5020000,2026-02-14T03:46:44Z
TFC,2007-11-30,17.81,18.26,17.65,18.02,8600230,36.08,37,35.76,36.52,4244600,2026-02-14T03:46:44Z
TFC,2007-12-03,17.73,17.92,17.45,17.77,5914749,35.93,36.31,35.35,36,2919200,2026-02-14T03:46:44Z
TFC,2007-12-04,17.52,17.73,17.36,17.59,5696930,35.5,35.92,35.18,35.64,2811700,2026-02-14T03:46:44Z
TFC,2007-12-05,17.84,17.95,17.55,17.72,7928131,36.15,36.38,35.56,35.9,3912900,2026-02-14T03:46:44Z
TFC,2007-12-06,17.93,17.97,17.64,17.84,8948520,36.33,36.4,35.75,36.14,4416500,2026-02-14T03:46:44Z
TFC,2007-12-07,17.77,18.01,17.68,18,5120897,36.01,36.5,35.82,36.47,2527400,2026-02-14T03:46:44Z
TFC,2007-12-10,18.22,18.27,17.77,17.82,4405469,36.92,37.01,36.01,36.1,2174300,2026-02-14T03:46:44Z
TFC,2007-12-11,16.75,18.16,16.7,18.16,10931108,33.93,36.79,33.83,36.79,5395000,2026-02-14T03:46:44Z
TFC,2007-12-12,16.56,17.42,16.22,17.25,12498583,33.55,35.3,32.87,34.95,6168600,2026-02-14T03:46:44Z
TFC,2007-12-13,16.58,16.63,16.05,16.51,9415947,33.59,33.7,32.52,33.45,4647200,2026-02-14T03:46:44Z
TFC,2007-12-14,16.12,16.62,16.1,16.39,8654943,32.67,33.67,32.61,33.2,4271600,2026-02-14T03:46:44Z
TFC,2007-12-17,16.06,16.32,15.92,16.04,9060749,32.54,33.06,32.25,32.5,4471900,2026-02-14T03:46:44Z
TFC,2007-12-18,15.86,16.15,15.6,16.15,12977338,32.13,32.72,31.61,32.72,6404900,2026-02-14T03:46:44Z
TFC,2007-12-19,15.68,16.07,15.58,15.83,8873332,31.78,32.55,31.56,32.08,4379400,2026-02-14T03:46:44Z
TFC,2007-12-20,15.27,15.66,14.98,15.56,10679864,30.94,31.73,30.36,31.53,5271000,2026-02-14T03:46:44Z
TFC,2007-12-21,15.76,15.82,15.03,15.48,14970090,31.94,32.06,30.45,31.37,7388400,2026-02-14T03:46:44Z
TFC,2007-12-24,15.94,16.15,15.68,15.68,3617908,32.3,32.72,31.76,31.76,1785600,2026-02-14T03:46:44Z
TFC,2007-12-26,15.81,15.94,15.72,15.94,3752237,32.04,32.29,31.85,32.29,1851900,2026-02-14T03:46:44Z
TFC,2007-12-27,15.37,15.76,15.37,15.73,6333171,31.15,31.94,31.15,31.87,3125700,2026-02-14T03:46:44Z
TFC,2007-12-28,15.34,15.52,15.13,15.34,8271371,31.08,31.45,30.66,31.09,4082300,2026-02-14T03:46:44Z
TFC,2007-12-31,15.14,15.35,15.01,15.3,9250641,30.67,31.11,30.42,31,4565600,2026-02-14T03:46:44Z
TFC,2008-01-02,14.58,15.25,14.54,15.25,14519603,29.55,30.89,29.46,30.89,7166100,2026-02-14T03:46:44Z
TFC,2008-01-03,14.37,14.73,14.34,14.68,11356232,29.12,29.85,29.05,29.74,5604800,2026-02-14T03:46:44Z
TFC,2008-01-04,13.5,14.24,13.36,14.24,21243237,27.36,28.86,27.07,28.86,10484500,2026-02-14T03:46:44Z
TFC,2008-01-07,13.71,13.92,13.44,13.8,14813584,27.77,28.2,27.23,27.96,7311200,2026-02-14T03:46:44Z
TFC,2008-01-08,13.27,13.96,13.2,13.81,13921312,26.88,28.28,26.75,27.97,6870800,2026-02-14T03:46:44Z
TFC,2008-01-09,13.68,13.68,13.02,13.49,15039646,27.25,27.25,25.92,26.87,7552000,2026-02-14T03:46:44Z
TFC,2008-01-10,13.86,14.09,13.49,13.61,16610608,27.61,28.05,26.86,27.1,8340800,2026-02-14T03:46:44Z
TFC,2008-01-11,14.14,14.25,13.35,13.76,16966857,28.16,28.38,26.59,27.41,8519700,2026-02-14T03:46:44Z
TFC,2008-01-14,14.25,14.33,13.96,14.33,11464358,28.38,28.54,27.8,28.54,5756700,2026-02-14T03:46:44Z
TFC,2008-01-15,13.72,14.1,13.56,14.1,13013165,27.32,28.08,27,28.08,6534400,2026-02-14T03:46:44Z
TFC,2008-01-16,14.16,14.47,13.61,13.8,13985767,28.19,28.82,27.11,27.49,7022800,2026-02-14T03:46:44Z
TFC,2008-01-17,14.42,15,14.28,14.54,25666217,28.71,29.88,28.43,28.95,12888000,2026-02-14T03:46:44Z
TFC,2008-01-18,14.77,15.26,14.49,14.77,19331538,29.42,30.38,28.85,29.42,9707100,2026-02-14T03:46:44Z
TFC,2008-01-22,15.32,15.95,13.99,14.01,23932314,30.51,31.76,27.86,27.9,12017300,2026-02-14T03:46:44Z
TFC,2008-01-23,17.14,17.64,14.63,14.84,39026702,34.14,35.12,29.14,29.56,19596800,2026-02-14T03:46:44Z
TFC,2008-01-24,17.54,18.15,17.01,17.2,28309118,34.93,36.15,33.88,34.26,14215100,2026-02-14T03:46:44Z
TFC,2008-01-25,17.08,17.82,16.97,17.68,15338026,34.01,35.48,33.79,35.2,7701800,2026-02-14T03:46:44Z
TFC,2008-01-28,17.58,17.67,16.84,17.07,10467013,35.01,35.18,33.54,33.99,5255900,2026-02-14T03:46:44Z
TFC,2008-01-29,17.85,17.93,17.36,17.73,10086672,35.55,35.7,34.57,35.3,5064900,2026-02-14T03:46:44Z
TFC,2008-01-30,17.72,18.44,17.63,17.74,10567429,35.28,36.72,35.1,35.33,5306300,2026-02-14T03:46:44Z
TFC,2008-01-31,18.19,18.43,17.07,17.44,17870126,36.22,36.71,34,34.74,8973300,2026-02-14T03:46:44Z
TFC,2008-02-01,18.48,18.56,17.98,18.26,16637637,36.8,36.96,35.8,36.36,8354400,2026-02-14T03:46:44Z
TFC,2008-02-04,17.7,18.55,17.58,18.47,9742123,35.25,36.95,35.01,36.79,4891900,2026-02-14T03:46:44Z
TFC,2008-02-05,17.12,17.59,17.07,17.44,10619593,34.1,35.02,34,34.74,5332500,2026-02-14T03:46:44Z
TFC,2008-02-06,17.01,17.49,16.87,17.27,9190707,33.87,34.82,33.6,34.4,4615000,2026-02-14T03:46:44Z
TFC,2008-02-07,17.38,17.56,16.87,16.88,8939383,34.62,34.96,33.6,33.62,4488800,2026-02-14T03:46:44Z
TFC,2008-02-08,16.77,17.41,16.47,17.41,9989889,33.4,34.68,32.79,34.68,5016300,2026-02-14T03:46:44Z
TFC,2008-02-11,16.61,16.77,16.23,16.73,7996817,33.08,33.4,32.32,33.32,4015500,2026-02-14T03:46:44Z
TFC,2008-02-12,17.02,17.21,16.67,16.68,9726982,33.89,34.28,33.19,33.22,4884300,2026-02-14T03:46:44Z
TFC,2008-02-13,16.95,17.28,16.59,17.22,6125399,33.76,34.42,33.03,34.29,3075800,2026-02-14T03:46:44Z
TFC,2008-02-14,16.75,17.13,16.63,16.92,7559277,33.35,34.12,33.12,33.7,3795800,2026-02-14T03:46:44Z
TFC,2008-02-15,16.7,16.85,16.42,16.65,8642438,33.25,33.56,32.7,33.15,4339700,2026-02-14T03:46:44Z
TFC,2008-02-19,16.49,17.02,16.28,16.85,7187462,32.83,33.89,32.42,33.55,3609100,2026-02-14T03:46:44Z
TFC,2008-02-20,16.91,17.07,16.28,16.33,8780247,33.67,33.99,32.43,32.51,4408900,2026-02-14T03:46:44Z
TFC,2008-02-21,16.52,17.12,16.49,17,5165119,32.89,34.09,32.83,33.85,2593600,2026-02-14T03:46:44Z
TFC,2008-02-22,17.07,17.1,16.32,16.55,8184589,33.99,34.05,32.5,32.96,4109800,2026-02-14T03:46:44Z
TFC,2008-02-25,17.15,17.23,16.64,17.08,8685825,34.16,34.32,33.14,34.01,4361500,2026-02-14T03:46:44Z
TFC,2008-02-26,17.22,17.44,17.02,17.1,5906149,34.29,34.73,33.9,34.06,2965700,2026-02-14T03:46:44Z
TFC,2008-02-27,17.02,17.44,16.94,17.08,7386596,33.89,34.74,33.73,34.01,3709100,2026-02-14T03:46:44Z
TFC,2008-02-28,16.44,16.93,16.4,16.93,7716802,32.74,33.71,32.66,33.71,3874900,2026-02-14T03:46:44Z
TFC,2008-02-29,15.63,16.38,15.58,16.33,12075529,31.13,32.61,31.02,32.52,6063600,2026-02-14T03:46:44Z
TFC,2008-03-03,15.37,15.7,15.17,15.59,13262707,30.6,31.26,30.2,31.04,6659700,2026-02-14T03:46:44Z
TFC,2008-03-04,15.42,15.52,14.87,15.26,14605307,30.71,30.91,29.62,30.38,7333900,2026-02-14T03:46:44Z
TFC,2008-03-05,15.64,16.06,15.44,15.61,13347325,31.15,31.99,30.74,31.09,6702200,2026-02-14T03:46:44Z
TFC,2008-03-06,14.97,15.62,14.94,15.6,8783017,29.82,31.1,29.75,31.06,4410300,2026-02-14T03:46:44Z
TFC,2008-03-07,15.11,15.64,14.81,14.94,18380522,30.09,31.15,29.5,29.76,9229600,2026-02-14T03:46:44Z
TFC,2008-03-10,15.11,15.52,14.9,15.09,11900477,30.1,30.91,29.68,30.06,5975700,2026-02-14T03:46:44Z
TFC,2008-03-11,16.5,16.5,15.56,15.56,19587788,32.86,32.86,30.98,30.98,9835800,2026-02-14T03:46:44Z
TFC,2008-03-12,16.07,17.13,16.07,16.44,13750616,32,34.11,32,32.74,6904700,2026-02-14T03:46:44Z
TFC,2008-03-13,16.04,16.16,15.36,15.87,15210150,31.94,32.18,30.59,31.61,7637600,2026-02-14T03:46:44Z
TFC,2008-03-14,15.73,16.45,15.42,16.12,17606496,31.33,32.75,30.7,32.11,8840900,2026-02-14T03:46:44Z
TFC,2008-03-17,16.04,16.32,15.11,15.29,21855330,31.94,32.5,30.09,30.44,10974400,2026-02-14T03:46:44Z
TFC,2008-03-18,16.64,16.79,15.93,16.38,17174092,33.13,33.44,31.73,32.61,8623800,2026-02-14T03:46:44Z
TFC,2008-03-19,16.68,17.11,16.52,16.93,13402710,33.22,34.08,32.91,33.72,6730000,2026-02-14T03:46:44Z
TFC,2008-03-20,17.61,17.68,16.68,16.77,15744457,35.07,35.22,33.22,33.39,7905900,2026-02-14T03:46:44Z
TFC,2008-03-24,17.71,18.33,17.54,17.65,15005443,35.27,36.5,34.93,35.14,7534800,2026-02-14T03:46:44Z
TFC,2008-03-25,17.61,17.8,17.28,17.8,10412477,35.08,35.44,34.42,35.44,5228500,2026-02-14T03:46:44Z
TFC,2008-03-26,16.84,17.51,16.73,17.49,13575340,33.53,34.86,33.32,34.83,6816700,2026-02-14T03:46:44Z
TFC,2008-03-27,16.4,17.06,16.32,16.91,13301147,32.66,33.98,32.5,33.68,6679000,2026-02-14T03:46:44Z
TFC,2008-03-28,16.3,16.76,16.24,16.51,10068147,32.46,33.38,32.34,32.88,5055600,2026-02-14T03:46:44Z
TFC,2008-03-31,16.1,16.49,15.98,16.28,10369623,32.06,32.84,31.82,32.42,5207000,2026-02-14T03:46:44Z
TFC,2008-04-01,17.16,17.2,16.44,16.72,12505310,34.18,34.26,32.74,33.3,6279400,2026-02-14T03:46:44Z
TFC,2008-04-02,17.16,17.58,17.06,17.31,7664605,34.17,35,33.97,34.48,3848700,2026-02-14T03:46:44Z
TFC,2008-04-03,17.19,17.31,16.76,17.09,9671449,34.24,34.48,33.38,34.03,4856400,2026-02-14T03:46:44Z
TFC,2008-04-04,17.09,17.31,16.97,17.2,8935579,34.04,34.47,33.8,34.25,4486900,2026-02-14T03:46:44Z
TFC,2008-04-07,17.21,17.56,17.13,17.19,7046265,34.28,34.97,34.11,34.23,3538200,2026-02-14T03:46:44Z
TFC,2008-04-08,16.89,17.19,16.75,17.12,7575806,33.63,34.24,33.35,34.1,3804100,2026-02-14T03:46:44Z
TFC,2008-04-09,16.79,17.04,16.74,16.93,8544461,33.44,33.94,33.33,33.72,4290500,2026-02-14T03:46:44Z
TFC,2008-04-10,16.55,16.87,16.15,16.87,12378286,32.5,33.13,31.71,33.13,6302300,2026-02-14T03:46:44Z
TFC,2008-04-11,16.26,16.9,16.24,16.38,12423845,31.93,33.19,31.9,32.18,6325500,2026-02-14T03:46:44Z
TFC,2008-04-14,15.5,16.26,15.45,16.19,15742930,30.45,31.93,30.35,31.79,8015400,2026-02-14T03:46:44Z
TFC,2008-04-15,15.95,16.08,15.61,15.86,12046358,31.33,31.59,30.65,31.15,6133300,2026-02-14T03:46:44Z
TFC,2008-04-16,16.6,16.72,16.15,16.15,11142686,32.6,32.83,31.72,31.72,5673200,2026-02-14T03:46:44Z
TFC,2008-04-17,17.09,17.38,16.22,16.6,17665019,33.56,34.13,31.86,32.6,8994000,2026-02-14T03:46:44Z
TFC,2008-04-18,17.58,18.06,17.39,17.58,19490405,34.53,35.48,34.15,34.52,9923400,2026-02-14T03:46:44Z
TFC,2008-04-21,17.06,17.58,16.97,17.51,8367781,33.5,34.52,33.33,34.39,4260400,2026-02-14T03:46:44Z
TFC,2008-04-22,16.97,17.19,16.75,17.01,6909072,33.34,33.77,32.89,33.41,3517700,2026-02-14T03:46:44Z
TFC,2008-04-23,16.94,17.27,16.85,16.96,7417950,33.27,33.91,33.1,33.31,3776800,2026-02-14T03:46:44Z
TFC,2008-04-24,17.65,17.75,16.93,16.93,9274205,34.67,34.86,33.26,33.26,4721900,2026-02-14T03:46:44Z
TFC,2008-04-25,17.96,18.08,17.47,17.71,8697587,35.28,35.51,34.31,34.79,4428300,2026-02-14T03:46:44Z
TFC,2008-04-28,18.15,18.3,17.82,17.86,11399971,35.65,35.94,35,35.08,5804200,2026-02-14T03:46:44Z
TFC,2008-04-29,17.71,18.2,17.69,18.08,6675132,34.79,35.75,34.74,35.5,3398600,2026-02-14T03:46:44Z
TFC,2008-04-30,17.46,17.92,17.36,17.65,10859040,34.29,35.19,34.1,34.67,5528800,2026-02-14T03:46:44Z
TFC,2008-05-01,18.73,18.75,17.38,17.6,17535021,36.79,36.82,34.13,34.56,8927800,2026-02-14T03:46:44Z
TFC,2008-05-02,18.58,19.27,18.45,18.81,8385673,36.49,37.85,36.23,36.94,4269500,2026-02-14T03:46:44Z
TFC,2008-05-05,18.5,18.64,18.23,18.64,9579264,36.34,36.6,35.8,36.6,4877200,2026-02-14T03:46:44Z
TFC,2008-05-06,18.47,18.58,17.83,18.16,8089090,36.27,36.5,35.02,35.66,4118500,2026-02-14T03:46:44Z
TFC,2008-05-07,17.9,18.61,17.85,18.58,5982398,35.15,36.55,35.06,36.49,3045900,2026-02-14T03:46:44Z
TFC,2008-05-08,17.57,18.13,17.38,18.13,6746644,34.5,35.6,34.13,35.6,3435000,2026-02-14T03:46:44Z
TFC,2008-05-09,17.34,17.74,17.3,17.48,8115799,34.06,34.84,33.98,34.34,4132100,2026-02-14T03:46:44Z
TFC,2008-05-12,17.97,18.03,17.36,17.42,7706499,35.3,35.42,34.09,34.22,3923700,2026-02-14T03:46:44Z
TFC,2008-05-13,17.76,18.2,17.61,17.95,8437711,34.88,35.75,34.58,35.25,4296000,2026-02-14T03:46:44Z
TFC,2008-05-14,18.01,18.18,17.76,17.81,8645301,35.38,35.7,34.88,34.98,4401700,2026-02-14T03:46:44Z
TFC,2008-05-15,18.24,18.24,17.85,18.03,8579713,35.82,35.82,35.05,35.42,4368300,2026-02-14T03:46:44Z
TFC,2008-05-16,17.45,18.3,17.29,18.3,10869847,34.28,35.95,33.95,35.95,5534300,2026-02-14T03:46:44Z
TFC,2008-05-19,17.55,18,17.43,17.52,9730899,34.46,35.35,34.23,34.4,4954400,2026-02-14T03:46:44Z
TFC,2008-05-20,17.14,17.46,17.06,17.4,8249771,33.66,34.29,33.5,34.18,4200300,2026-02-14T03:46:44Z
TFC,2008-05-21,16.72,17.28,16.61,17.2,9735220,32.83,33.94,32.62,33.78,4956600,2026-02-14T03:46:44Z
TFC,2008-05-22,17.03,17.18,16.65,16.77,6307280,33.44,33.75,32.7,32.93,3211300,2026-02-14T03:46:44Z
TFC,2008-05-23,16.66,16.94,16.61,16.93,7869718,32.73,33.28,32.62,33.25,4006800,2026-02-14T03:46:44Z
TFC,2008-05-27,16.35,16.66,16.06,16.58,15682796,32.12,32.73,31.55,32.57,7984800,2026-02-14T03:46:44Z
TFC,2008-05-28,16,16.54,15.68,16.53,18735175,31.42,32.48,30.79,32.46,9538900,2026-02-14T03:46:44Z
TFC,2008-05-29,16.33,16.49,15.84,15.96,10536927,32.08,32.39,31.11,31.35,5364800,2026-02-14T03:46:44Z
TFC,2008-05-30,16.02,16.41,15.94,16.41,8791848,31.47,32.23,31.31,32.22,4476300,2026-02-14T03:46:44Z
TFC,2008-06-02,15.65,16.02,15.49,15.99,12630688,30.73,31.47,30.42,31.41,6430800,2026-02-14T03:46:44Z
TFC,2008-06-03,15.26,15.87,15.16,15.72,17028631,29.97,31.17,29.77,30.87,8670000,2026-02-14T03:46:44Z
TFC,2008-06-04,14.75,15.33,14.61,15.25,22722201,28.98,30.1,28.7,29.96,11568800,2026-02-14T03:46:44Z
TFC,2008-06-05,15.07,15.16,14.76,14.81,13006197,29.6,29.78,28.98,29.09,6622000,2026-02-14T03:46:44Z
TFC,2008-06-06,14.29,14.91,14.24,14.89,15378446,28.06,29.28,27.96,29.25,7829800,2026-02-14T03:46:44Z
TFC,2008-06-09,13.78,14.48,13.61,14.42,26616312,27.06,28.43,26.73,28.33,13551500,2026-02-14T03:46:44Z
TFC,2008-06-10,13.99,14.27,13.66,13.7,20735320,27.47,28.02,26.82,26.91,10557200,2026-02-14T03:46:44Z
TFC,2008-06-11,13.41,14.05,13.18,13.94,21395209,26.34,27.59,25.89,27.38,10893200,2026-02-14T03:46:44Z
TFC,2008-06-12,13.7,14.24,13.48,13.5,24794886,26.9,27.96,26.47,26.52,12624100,2026-02-14T03:46:44Z
TFC,2008-06-13,13.49,13.92,12.87,13.84,31536498,26.5,27.33,25.27,27.18,16056600,2026-02-14T03:46:44Z
TFC,2008-06-16,13.92,14.08,13.24,13.42,18266341,27.34,27.66,26.01,26.35,9300200,2026-02-14T03:46:44Z
TFC,2008-06-17,13.38,14.28,13.34,14.18,22909243,26.28,28.05,26.2,27.84,11664100,2026-02-14T03:46:44Z
TFC,2008-06-18,12.39,13.23,11.5,13.11,50492304,24.33,25.99,22.58,25.75,25707700,2026-02-14T03:46:44Z
TFC,2008-06-19,12.4,12.79,10.9,12.42,97450478,24.35,25.12,21.4,24.4,49616100,2026-02-14T03:46:44Z
TFC,2008-06-20,12.58,13.24,11.84,11.87,49872559,24.7,26,23.25,23.31,25392200,2026-02-14T03:46:44Z
TFC,2008-06-23,12.24,12.85,12.16,12.67,24524538,24.04,25.23,23.88,24.89,12486500,2026-02-14T03:46:44Z
TFC,2008-06-24,12.58,12.72,11.87,12.13,30177062,24.7,24.99,23.32,23.82,15364400,2026-02-14T03:46:44Z
TFC,2008-06-25,12.79,13.66,12.62,12.77,30011559,25.13,26.82,24.79,25.09,15280100,2026-02-14T03:46:44Z
TFC,2008-06-26,12.33,12.62,12.23,12.62,25195189,24.21,24.79,24.02,24.79,12827900,2026-02-14T03:46:44Z
TFC,2008-06-27,12.08,12.51,11.97,12.25,21611167,23.72,24.56,23.5,24.05,11003200,2026-02-14T03:46:44Z
TFC,2008-06-30,11.59,12.3,11.55,12.08,25543677,22.77,24.16,22.69,23.73,13005400,2026-02-14T03:46:44Z
TFC,2008-07-01,12.2,12.34,11.29,11.29,30357822,23.97,24.24,22.17,22.17,15456400,2026-02-14T03:46:44Z
TFC,2008-07-02,12.05,12.98,12.02,12.28,29927014,23.66,25.49,23.61,24.11,15237100,2026-02-14T03:46:44Z
TFC,2008-07-03,11.68,12.33,11.59,12.14,16625041,22.95,24.22,22.76,23.84,8464500,2026-02-14T03:46:44Z
TFC,2008-07-07,11.04,11.85,10.81,11.81,33484956,21.68,23.28,21.23,23.19,17048600,2026-02-14T03:46:44Z
TFC,2008-07-08,12.18,12.33,11,11,26164146,23.93,24.21,21.6,21.6,13321300,2026-02-14T03:46:44Z
TFC,2008-07-09,11.42,12.46,11.3,12.21,25306320,21.99,23.99,21.75,23.51,13142600,2026-02-14T03:46:44Z
TFC,2008-07-10,11.7,11.99,11.17,11.42,26023068,22.53,23.08,21.5,21.98,13514900,2026-02-14T03:46:44Z
TFC,2008-07-11,11.49,11.81,10.94,11.45,27072013,22.12,22.74,21.06,22.05,14059700,2026-02-14T03:46:44Z
TFC,2008-07-14,10.84,12.18,10.65,12.17,33271404,20.88,23.45,20.51,23.43,17279300,2026-02-14T03:46:44Z
TFC,2008-07-15,10.29,11.05,9.72,10.45,35073084,19.82,21.28,18.71,20.12,18215000,2026-02-14T03:46:44Z
TFC,2008-07-16,12.72,12.72,10.33,10.67,30379161,24.5,24.5,19.88,20.55,15777200,2026-02-14T03:46:44Z
TFC,2008-07-17,14.35,14.55,12.82,13.29,60495862,27.63,28.01,24.69,25.58,31418000,2026-02-14T03:46:44Z
TFC,2008-07-18,13.72,14.52,13.26,14.28,30812873,26.42,27.95,25.54,27.49,16002400,2026-02-14T03:46:44Z
TFC,2008-07-21,13.46,14.37,13.39,14.13,17945913,25.91,27.66,25.79,27.2,9320100,2026-02-14T03:46:44Z
TFC,2008-07-22,14.81,15.04,12.41,13.46,31478153,28.52,28.95,23.9,25.91,16348000,2026-02-14T03:46:44Z
TFC,2008-07-23,15.01,15.88,14.26,14.65,31741284,28.9,30.57,27.45,28.21,16484600,2026-02-14T03:46:44Z
TFC,2008-07-24,14.18,15.31,14.12,15.14,24945849,27.31,29.47,27.18,29.15,12955400,2026-02-14T03:46:44Z
TFC,2008-07-25,13.99,14.53,13.7,14.23,16000409,26.94,27.97,26.37,27.4,8309700,2026-02-14T03:46:44Z
TFC,2008-07-28,13.5,14.44,13.38,14.42,16800680,25.99,27.8,25.76,27.76,8725300,2026-02-14T03:46:44Z
TFC,2008-07-29,14.46,14.53,13.35,13.64,19684489,27.85,27.97,25.7,26.27,10223000,2026-02-14T03:46:44Z
TFC,2008-07-30,15.04,15.23,14.31,14.6,18234350,28.96,29.33,27.55,28.12,9469900,2026-02-14T03:46:44Z
TFC,2008-07-31,14.55,15.03,14.31,14.63,19657517,28.02,28.93,27.55,28.16,10209000,2026-02-14T03:46:44Z
TFC,2008-08-01,15.08,15.58,14.52,14.84,16835717,29.04,30,27.96,28.57,8743500,2026-02-14T03:46:44Z
TFC,2008-08-04,15.14,15.34,14.58,14.99,12013673,29.16,29.53,28.08,28.87,6239200,2026-02-14T03:46:44Z
TFC,2008-08-05,16.07,16.14,15.19,15.23,18279410,30.94,31.08,29.25,29.32,9493300,2026-02-14T03:46:44Z
TFC,2008-08-06,16.19,16.19,15.25,15.86,17348864,31.17,31.17,29.36,30.54,9010000,2026-02-14T03:46:44Z
TFC,2008-08-07,15.27,16.24,14.88,15.81,27413249,29.41,31.27,28.65,30.44,14236900,2026-02-14T03:46:44Z
TFC,2008-08-08,15.77,15.99,15.08,15.08,14706702,30.37,30.79,29.03,29.03,7637800,2026-02-14T03:46:44Z
TFC,2008-08-11,16.47,16.7,15.63,15.77,17777719,31.72,32.15,30.1,30.37,9232700,2026-02-14T03:46:44Z
TFC,2008-08-12,15.62,16.61,15.52,16.11,18251188,30.07,31.98,29.88,31.02,9478600,2026-02-14T03:46:44Z
TFC,2008-08-13,14.81,15.52,14.49,15.51,23591102,28.51,29.89,27.9,29.86,12251900,2026-02-14T03:46:44Z
TFC,2008-08-14,15.16,15.3,14.6,14.6,11702298,29.2,29.46,28.12,28.12,6077500,2026-02-14T03:46:44Z
TFC,2008-08-15,15.63,15.82,15.23,15.43,12387406,30.09,30.47,29.32,29.7,6433300,2026-02-14T03:46:44Z
TFC,2008-08-18,15.1,15.71,14.98,15.71,13374206,29.07,30.25,28.85,30.25,6945800,2026-02-14T03:46:44Z
TFC,2008-08-19,14.25,14.81,14.09,14.69,22881558,27.44,28.51,27.12,28.29,11883400,2026-02-14T03:46:44Z
TFC,2008-08-20,14.59,14.63,13.87,14.37,19365680,28.09,28.17,26.7,27.66,10057400,2026-02-14T03:46:44Z
TFC,2008-08-21,14.66,14.8,14.07,14.32,12681843,28.22,28.5,27.1,27.58,6586200,2026-02-14T03:46:44Z
TFC,2008-08-22,14.93,15.08,14.46,15.06,12395098,28.74,29.03,27.84,29,6437300,2026-02-14T03:46:44Z
TFC,2008-08-25,14.44,15.17,14.44,14.95,13503819,27.81,29.2,27.81,28.78,7013100,2026-02-14T03:46:44Z
TFC,2008-08-26,14.65,14.67,14.16,14.5,14477681,28.21,28.25,27.26,27.92,7518900,2026-02-14T03:46:44Z
TFC,2008-08-27,14.57,14.81,14.03,14.61,17695591,28.05,28.52,27.02,28.13,9190100,2026-02-14T03:46:44Z
TFC,2008-08-28,15.18,15.19,14.52,14.76,12078530,29.22,29.24,27.95,28.41,6272900,2026-02-14T03:46:44Z
TFC,2008-08-29,15.58,15.74,14.94,15.17,15073457,30,30.3,28.77,29.21,7828300,2026-02-14T03:46:44Z
TFC,2008-09-02,16.01,16.33,15.73,16.13,15257595,30.82,31.45,30.29,31.06,7923900,2026-02-14T03:46:44Z
TFC,2008-09-03,16.19,16.22,15.61,15.96,18089032,31.17,31.23,30.05,30.73,9394400,2026-02-14T03:46:44Z
TFC,2008-09-04,15.6,16.44,15.55,16.26,20790266,30.03,31.65,29.94,31.3,10797300,2026-02-14T03:46:44Z
TFC,2008-09-05,16.53,16.56,15.01,15.48,21195233,31.82,31.89,28.91,29.8,11007600,2026-02-14T03:46:44Z
TFC,2008-09-08,17.8,18.14,16.97,17.76,36224007,34.27,34.92,32.68,34.2,18812700,2026-02-14T03:46:44Z
TFC,2008-09-09,16.61,18.15,16.6,17.39,31259270,31.99,34.95,31.97,33.49,16234300,2026-02-14T03:46:44Z
TFC,2008-09-10,16.32,17.12,16.08,16.65,27880503,31.43,32.96,30.96,32.05,14479500,2026-02-14T03:46:44Z
TFC,2008-09-11,17.06,17.12,15.66,15.87,24450339,32.85,32.97,30.15,30.55,12698100,2026-02-14T03:46:44Z
TFC,2008-09-12,17.68,17.91,16.59,16.77,24730518,34.05,34.49,31.95,32.3,12843600,2026-02-14T03:46:44Z
TFC,2008-09-15,16.85,18.06,16.7,16.76,27599840,32.45,34.77,32.15,32.28,14333800,2026-02-14T03:46:44Z
TFC,2008-09-16,18.73,18.77,16.32,16.57,40724148,36.07,36.15,31.42,31.9,21149800,2026-02-14T03:46:44Z
TFC,2008-09-17,18.41,18.7,17.22,18.26,37741176,35.44,36,33.15,35.15,19600600,2026-02-14T03:46:44Z
TFC,2008-09-18,20.51,22.01,17.27,18.78,62872085,39.5,42.37,33.25,36.16,32652100,2026-02-14T03:46:44Z
TFC,2008-09-19,21.37,23.53,19.74,22.86,46216404,41.14,45.31,38,44.01,24002200,2026-02-14T03:46:44Z
TFC,2008-09-22,20.37,21.03,19.48,20.19,22680992,39.23,40.5,37.5,38.87,11779200,2026-02-14T03:46:44Z
TFC,2008-09-23,20.88,21.04,19.65,20.07,12366194,40.2,40.52,37.84,38.65,6422300,2026-02-14T03:46:44Z
TFC,2008-09-24,20.02,20.77,19.97,20.77,12412400,38.54,39.99,38.46,39.99,6446300,2026-02-14T03:46:44Z
TFC,2008-09-25,20.38,20.77,20.07,20.35,14462513,39.25,40,38.65,39.18,7511000,2026-02-14T03:46:44Z
TFC,2008-09-26,21.01,21.01,18.96,19.57,10774779,40.45,40.45,36.5,37.68,5595800,2026-02-14T03:46:44Z
TFC,2008-09-29,16.1,20.75,16.1,20.22,15821560,31,39.95,31,38.94,8216800,2026-02-14T03:46:44Z
TFC,2008-09-30,19.63,20.38,17.71,18.54,14303311,37.8,39.25,34.1,35.69,7428300,2026-02-14T03:46:44Z
TFC,2008-10-01,20.43,20.69,18.91,19.48,12069126,39.34,39.83,36.41,37.5,6268000,2026-02-14T03:46:44Z
TFC,2008-10-02,19.5,20.72,18.86,20.46,8209422,37.55,39.9,36.31,39.4,4263500,2026-02-14T03:46:44Z
TFC,2008-10-03,18.78,20.77,18.79,20.61,10309006,36.17,40,36.17,39.69,5353900,2026-02-14T03:46:44Z
TFC,2008-10-06,18.49,19.35,17.61,18.63,15379435,35.61,37.25,33.91,35.87,7987200,2026-02-14T03:46:44Z
TFC,2008-10-07,17.6,18.86,17.14,18.57,14931393,33.89,36.31,33,35.76,7754500,2026-02-14T03:46:44Z
TFC,2008-10-08,17.14,19.22,16.58,17.27,14075100,33.01,37,31.93,33.25,7309800,2026-02-14T03:46:44Z
TFC,2008-10-09,14.67,17.4,14.54,17.4,33498183,28.25,33.5,28,33.5,17397000,2026-02-14T03:46:44Z
TFC,2008-10-10,15.82,16.92,13.76,14.07,26708917,30.46,32.57,26.5,27.1,13871100,2026-02-14T03:46:44Z
TFC,2008-10-13,16.44,17.66,15.38,17.53,19470568,31.65,34,29.62,33.75,10111900,2026-02-14T03:46:44Z
TFC,2008-10-14,17.87,19.2,17.42,17.92,27293136,34.4,36.97,33.54,34.5,14174500,2026-02-14T03:46:44Z
TFC,2008-10-15,16.93,18.29,16.8,17.72,17060369,32.16,34.73,31.9,33.65,8982900,2026-02-14T03:46:44Z
TFC,2008-10-16,17.51,17.79,15.93,16.72,19822750,33.26,33.78,30.25,31.75,10437400,2026-02-14T03:46:44Z
TFC,2008-10-17,17.65,18.77,16.54,16.85,17827030,33.53,35.65,31.42,32,9386600,2026-02-14T03:46:44Z
TFC,2008-10-20,17.69,17.9,16.89,17.69,9085803,33.6,34,32.07,33.6,4784000,2026-02-14T03:46:44Z
TFC,2008-10-21,17.23,17.86,17.15,17.31,8646681,32.72,33.92,32.57,32.87,4552800,2026-02-14T03:46:44Z
TFC,2008-10-22,16.35,17.28,16.06,16.84,11619106,31.05,32.82,30.5,31.99,6117900,2026-02-14T03:46:44Z
TFC,2008-10-23,15.91,16.81,15.02,16.71,12610305,30.21,31.93,28.53,31.73,6639800,2026-02-14T03:46:44Z
TFC,2008-10-24,16.98,17.36,14.65,14.74,17156456,32.25,32.98,27.83,28,9033500,2026-02-14T03:46:44Z
TFC,2008-10-27,16.95,18.03,16.4,16.43,13598657,32.2,34.24,31.15,31.21,7160200,2026-02-14T03:46:44Z
TFC,2008-10-28,18.95,19,16.75,17.6,14007918,35.99,36.09,31.81,33.43,7375700,2026-02-14T03:46:44Z
TFC,2008-10-29,17.88,19.08,17.64,18.69,12757315,33.96,36.23,33.5,35.49,6717200,2026-02-14T03:46:44Z
TFC,2008-10-30,18.08,18.52,17.41,18.48,7382379,34.34,35.17,33.06,35.1,3887100,2026-02-14T03:46:44Z
TFC,2008-10-31,18.88,18.9,17.9,17.95,10186585,35.85,35.9,34,34.1,5363600,2026-02-14T03:46:44Z
TFC,2008-11-03,18.69,19.02,18.45,18.72,5707880,35.5,36.13,35.05,35.56,3005400,2026-02-14T03:46:44Z
TFC,2008-11-04,19.03,19.27,18.4,19.03,9242282,36.15,36.6,34.94,36.15,4866400,2026-02-14T03:46:44Z
TFC,2008-11-05,17.67,19.13,17.39,19.03,8678789,33.55,36.34,33.03,36.14,4569700,2026-02-14T03:46:44Z
TFC,2008-11-06,16.53,18.27,16.4,17.64,12914431,31.4,34.7,31.14,33.5,6799900,2026-02-14T03:46:44Z
TFC,2008-11-07,16.84,16.94,15.63,16.82,9537991,31.99,32.18,29.68,31.95,5022100,2026-02-14T03:46:44Z
TFC,2008-11-10,16.22,17.16,15.84,17.09,7349912,30.81,32.59,30.08,32.45,3870000,2026-02-14T03:46:44Z
TFC,2008-11-11,15.72,16.49,15.29,16.36,14009678,29.85,31.31,29.03,31.08,7376600,2026-02-14T03:46:44Z
TFC,2008-11-12,15.05,15.86,14.88,15.47,12887437,28.58,30.13,28.26,29.38,6785700,2026-02-14T03:46:44Z
TFC,2008-11-13,15.74,15.85,14.1,15.25,19014036,29.89,30.1,26.78,28.97,10011600,2026-02-14T03:46:44Z
TFC,2008-11-14,14.77,15.8,14.09,15.17,20219177,28.05,30,26.76,28.81,10646100,2026-02-14T03:46:44Z
TFC,2008-11-17,14.01,14.77,13.44,14.6,19073471,26.6,28.05,25.53,27.72,10042900,2026-02-14T03:46:44Z
TFC,2008-11-18,13.98,14.51,13.51,14.13,21099838,26.55,27.56,25.66,26.84,11109800,2026-02-14T03:46:44Z
TFC,2008-11-19,12.41,13.96,12.27,13.71,23272206,23.57,26.52,23.31,26.03,12253700,2026-02-14T03:46:44Z
TFC,2008-11-20,12.14,13.36,11.77,12.11,35023112,23.06,25.38,22.36,23,18440900,2026-02-14T03:46:44Z
TFC,2008-11-21,13.01,13.08,11.31,12.45,24354656,24.71,24.84,21.47,23.65,12823600,2026-02-14T03:46:44Z
TFC,2008-11-24,14.43,14.43,13.01,13.46,22369715,27.41,27.41,24.7,25.57,11778500,2026-02-14T03:46:44Z
TFC,2008-11-25,14.92,15.08,14.06,14.98,14080296,28.33,28.64,26.7,28.44,7413800,2026-02-14T03:46:44Z
TFC,2008-11-26,15.6,15.67,14.35,14.52,10799614,29.63,29.75,27.26,27.58,5686400,2026-02-14T03:46:44Z
TFC,2008-11-28,15.78,16.82,15.21,15.73,5737493,29.97,31.95,28.89,29.87,3021000,2026-02-14T03:46:44Z
TFC,2008-12-01,13.18,15.57,13.06,15.09,13382936,25.03,29.57,24.81,28.66,7046600,2026-02-14T03:46:44Z
TFC,2008-12-02,14.31,14.43,13.08,13.81,13282804,27.18,27.4,24.84,26.22,6993900,2026-02-14T03:46:44Z
TFC,2008-12-03,14.53,14.74,13.7,13.72,16636271,27.6,28,26.02,26.05,8759600,2026-02-14T03:46:44Z
TFC,2008-12-04,14.41,15.27,14.12,14.16,11316407,27.37,29,26.82,26.9,5958500,2026-02-14T03:46:44Z
TFC,2008-12-05,15.36,15.53,13.83,14.22,12013388,29.17,29.49,26.26,27,6325500,2026-02-14T03:46:44Z
TFC,2008-12-08,15.98,16.19,15.23,15.71,15571397,30.34,30.75,28.93,29.83,8198900,2026-02-14T03:46:44Z
TFC,2008-12-09,15.59,16.22,15.34,15.59,12837840,29.6,30.81,29.14,29.6,6759600,2026-02-14T03:46:44Z
TFC,2008-12-10,15.71,15.84,14.95,15.69,10996947,29.83,30.08,28.4,29.8,5790300,2026-02-14T03:46:44Z
TFC,2008-12-11,14.33,15.59,14.01,15.41,11948424,27.21,29.6,26.6,29.26,6291300,2026-02-14T03:46:44Z
TFC,2008-12-12,14.24,14.51,13.71,13.75,10825089,27.05,27.56,26.04,26.12,5699800,2026-02-14T03:46:44Z
TFC,2008-12-15,13.95,14.57,13.7,14.27,7939593,26.49,27.67,26.02,27.11,4180500,2026-02-14T03:46:44Z
TFC,2008-12-16,15.64,15.8,14.26,14.32,18611667,29.7,30,27.08,27.2,9799700,2026-02-14T03:46:44Z
TFC,2008-12-17,15.92,16.26,15.32,15.35,14893900,30.24,30.88,29.1,29.15,7842200,2026-02-14T03:46:44Z
TFC,2008-12-18,14.91,15.81,14.85,15.42,12466383,28.32,30.02,28.21,29.29,6564000,2026-02-14T03:46:44Z
TFC,2008-12-19,14.43,16.11,14.4,16.11,13614061,27.4,30.6,27.34,30.6,7168300,2026-02-14T03:46:44Z
TFC,2008-12-22,14.1,14.89,13.97,14.53,10875066,26.78,28.28,26.53,27.6,5726100,2026-02-14T03:46:44Z
TFC,2008-12-23,13.53,14.47,13.53,14.29,11658471,25.69,27.48,25.69,27.14,6138600,2026-02-14T03:46:44Z
TFC,2008-12-24,13.66,13.87,13.5,13.6,3164458,25.95,26.35,25.63,25.83,1666200,2026-02-14T03:46:44Z
TFC,2008-12-26,13.71,14.16,13.43,13.97,3143192,26.03,26.9,25.5,26.54,1655000,2026-02-14T03:46:44Z
TFC,2008-12-29,13.56,13.85,13.23,13.76,6456729,25.75,26.3,25.12,26.13,3399700,2026-02-14T03:46:44Z
TFC,2008-12-30,14.01,14.01,13.6,13.66,6524510,26.6,26.61,25.82,25.94,3435400,2026-02-14T03:46:44Z
TFC,2008-12-31,14.46,14.54,13.8,14.03,10483787,27.46,27.62,26.2,26.64,5520100,2026-02-14T03:46:44Z
TFC,2009-01-02,14.07,14.6,13.93,14.42,13877121,26.73,27.72,26.46,27.39,7306800,2026-02-14T03:46:44Z
TFC,2009-01-05,13.63,13.95,13.33,13.95,15466124,25.88,26.5,25.31,26.5,8143500,2026-02-14T03:46:44Z
TFC,2009-01-06,13.52,14.06,13.16,13.92,17616957,25.68,26.7,25,26.44,9276000,2026-02-14T03:46:44Z
TFC,2009-01-07,12.49,13.41,12.39,13.24,18775637,23.29,25,23.1,24.68,10070400,2026-02-14T03:46:44Z
TFC,2009-01-08,12.6,12.85,12.35,12.42,12490837,23.5,23.96,23.03,23.16,6699500,2026-02-14T03:46:44Z
TFC,2009-01-09,12.36,12.79,12.33,12.73,14771769,23.04,23.85,22.99,23.73,7922900,2026-02-14T03:46:44Z
TFC,2009-01-12,11.89,12.41,11.7,12.33,16243842,22.17,23.14,21.81,22.99,8712400,2026-02-14T03:46:44Z
TFC,2009-01-13,11.99,12.44,11.56,11.85,17432160,22.35,23.19,21.55,22.1,9349800,2026-02-14T03:46:44Z
TFC,2009-01-14,11.68,11.8,11.39,11.62,18008055,21.78,22,21.23,21.66,9658700,2026-02-14T03:46:44Z
TFC,2009-01-15,11.26,11.69,10.76,11.65,24497590,20.99,21.79,20.06,21.72,13139300,2026-02-14T03:46:44Z
TFC,2009-01-16,11.17,11.78,10.46,11.54,27285654,20.83,21.97,19.5,21.52,14634700,2026-02-14T03:46:44Z
TFC,2009-01-20,9.93,11.21,9.89,11.01,34222839,18.52,20.9,18.43,20.52,18355600,2026-02-14T03:46:44Z
TFC,2009-01-21,10.57,10.83,10.03,10.32,37831451,19.7,20.2,18.7,19.24,20291100,2026-02-14T03:46:44Z
TFC,2009-01-22,10.54,11.96,9.42,11.53,46711747,19.65,22.3,17.56,21.5,25053900,2026-02-14T03:46:44Z
TFC,2009-01-23,10.75,10.95,9.92,10.01,20164546,20.04,20.41,18.5,18.67,10815300,2026-02-14T03:46:44Z
TFC,2009-01-26,10.58,11.46,10.37,10.74,20374605,19.72,21.36,19.33,20.03,10928000,2026-02-14T03:46:44Z
TFC,2009-01-27,11.02,11.08,10.59,10.81,16725481,20.55,20.65,19.75,20.16,8970800,2026-02-14T03:46:44Z
TFC,2009-01-28,12.09,12.42,11.68,11.91,26741626,22.55,23.15,21.77,22.21,14343000,2026-02-14T03:46:44Z
TFC,2009-01-29,11.09,12.05,11.06,11.64,18995851,20.68,22.47,20.62,21.7,10188500,2026-02-14T03:46:44Z
TFC,2009-01-30,10.61,11.41,10.47,11.26,14014312,19.79,21.27,19.52,20.99,7516600,2026-02-14T03:46:44Z
TFC,2009-02-02,10.36,10.81,10.11,10.73,17049098,19.32,20.15,18.85,20.01,9144300,2026-02-14T03:46:44Z
TFC,2009-02-03,9.82,10.61,9.48,10.52,26207243,18.31,19.79,17.67,19.61,14056300,2026-02-14T03:46:44Z
TFC,2009-02-04,10.05,10.49,9.86,9.88,21368743,18.73,19.55,18.38,18.42,11461200,2026-02-14T03:46:44Z
TFC,2009-02-05,9.35,9.96,8.87,9.79,37069187,17.43,18.57,16.53,18.25,19882100,2026-02-14T03:46:44Z
TFC,2009-02-06,10.2,10.34,9.65,9.68,23505532,19.01,19.28,18,18.04,12607300,2026-02-14T03:46:44Z
TFC,2009-02-09,10.5,10.8,10.13,10.42,17275736,19.58,20.13,18.89,19.43,9265900,2026-02-14T03:46:44Z
TFC,2009-02-10,9.17,10.5,8.95,10.49,38532719,17.09,19.58,16.69,19.56,20667200,2026-02-14T03:46:44Z
TFC,2009-02-11,9.48,9.76,9.12,9.28,24053827,17.67,18.2,17,17.31,12901400,2026-02-14T03:46:44Z
TFC,2009-02-12,8.88,9.31,8.35,9.15,35302330,16.56,17.35,15.56,17.06,18934500,2026-02-14T03:46:44Z
TFC,2009-02-13,8.22,8.83,8,8.79,33764109,15.33,16.47,14.91,16.39,18109500,2026-02-14T03:46:44Z
TFC,2009-02-17,7.65,7.99,7.64,7.89,28809362,14.26,14.89,14.25,14.71,15452000,2026-02-14T03:46:44Z
TFC,2009-02-18,7.84,8.11,7.6,8.02,28197908,14.61,15.12,14.16,14.95,15124000,2026-02-14T03:46:44Z
TFC,2009-02-19,7.54,8.08,7.46,8.04,24386627,14.06,15.07,13.9,14.98,13079800,2026-02-14T03:46:44Z
TFC,2009-02-20,8,8.05,6.99,7.19,34669616,14.91,15,13.04,13.41,18595100,2026-02-14T03:46:44Z
TFC,2009-02-23,7.94,8.71,7.81,8.35,37422668,14.8,16.24,14.56,15.56,20071700,2026-02-14T03:46:44Z
TFC,2009-02-24,9.05,9.21,7.71,7.99,39212213,16.88,17.17,14.38,14.9,21031500,2026-02-14T03:46:44Z
TFC,2009-02-25,8.97,9.39,8.32,8.91,28559805,16.72,17.5,15.51,16.61,15318100,2026-02-14T03:46:44Z
TFC,2009-02-26,9.14,10.25,9.06,9.4,32154414,17.04,19.11,16.9,17.52,17246200,2026-02-14T03:46:44Z
TFC,2009-02-27,8.65,9.14,8.58,8.76,23287204,16.13,17.04,16,16.34,12490200,2026-02-14T03:46:44Z
TFC,2009-03-02,8.38,8.66,8.17,8.33,22986348,15.63,16.14,15.24,15.53,12328800,2026-02-14T03:46:44Z
TFC,2009-03-03,8.22,8.72,8.05,8.5,22170549,15.32,16.25,15,15.85,11891200,2026-02-14T03:46:44Z
TFC,2009-03-04,8.14,8.58,7.83,8.41,21433391,15.17,16,14.59,15.69,11495900,2026-02-14T03:46:44Z
TFC,2009-03-05,7.14,8.06,7.04,7.94,32513388,13.32,15.02,13.12,14.8,17438600,2026-02-14T03:46:44Z
TFC,2009-03-06,7.36,7.7,6.92,7.25,24850700,13.73,14.35,12.9,13.52,13328700,2026-02-14T03:46:44Z
TFC,2009-03-09,7.67,8.08,7.09,7.14,20849274,14.3,15.07,13.21,13.32,11182500,2026-02-14T03:46:44Z
TFC,2009-03-10,8.98,8.99,7.92,8.2,33961773,16.74,16.77,14.76,15.29,18215400,2026-02-14T03:46:44Z
TFC,2009-03-11,9.15,9.65,8.91,9.18,29875040,17.06,18,16.61,17.12,16023600,2026-02-14T03:46:44Z
TFC,2009-03-12,9.89,9.9,8.93,9.1,23353987,18.43,18.46,16.65,16.97,12526000,2026-02-14T03:46:44Z
TFC,2009-03-13,9.27,9.92,8.8,9.92,25563521,17.28,18.5,16.4,18.5,13711100,2026-02-14T03:46:44Z
TFC,2009-03-16,9.11,9.81,9.03,9.5,23743622,16.98,18.29,16.84,17.72,12735000,2026-02-14T03:46:44Z
TFC,2009-03-17,9.4,9.46,8.96,9.12,29611369,17.53,17.64,16.71,17,15882200,2026-02-14T03:46:44Z
TFC,2009-03-18,10.31,10.5,9.01,9.19,37062043,19.23,19.57,16.8,17.14,19878400,2026-02-14T03:46:44Z
TFC,2009-03-19,9.41,10.46,9.3,10.35,26770147,17.54,19.5,17.33,19.3,14358200,2026-02-14T03:46:44Z
TFC,2009-03-20,9.31,9.67,9.12,9.67,22144802,17.35,18.03,17,18.03,11877400,2026-02-14T03:46:44Z
TFC,2009-03-23,10.22,10.3,8.93,9.62,36640563,19.06,19.2,16.65,17.94,19652300,2026-02-14T03:46:44Z
TFC,2009-03-24,9.68,10.21,9.46,9.77,23166390,18.05,19.04,17.64,18.21,12425400,2026-02-14T03:46:44Z
TFC,2009-03-25,10.06,10.3,9.24,9.89,30379750,18.76,19.2,17.22,18.44,16294300,2026-02-14T03:46:44Z
TFC,2009-03-26,9.97,10.19,9.47,10.19,22670335,18.59,19,17.66,19,12159300,2026-02-14T03:46:44Z
TFC,2009-03-27,9.53,10.1,9.49,9.87,16705403,17.77,18.83,17.7,18.4,8960000,2026-02-14T03:46:44Z
TFC,2009-03-30,8.73,9.12,8.6,8.99,28041491,16.27,17,16.04,16.77,15040200,2026-02-14T03:46:44Z
TFC,2009-03-31,9.08,9.16,8.68,8.86,21144640,16.92,17.08,16.18,16.52,11341000,2026-02-14T03:46:44Z
TFC,2009-04-01,9.3,9.34,8.73,8.89,22249059,17.34,17.41,16.28,16.58,11933400,2026-02-14T03:46:44Z
TFC,2009-04-02,9.34,9.86,9.21,9.72,24458625,17.42,18.39,17.18,18.13,13118500,2026-02-14T03:46:44Z
TFC,2009-04-03,9.74,9.74,9.15,9.3,15448361,18.16,18.17,17.05,17.34,8285800,2026-02-14T03:46:44Z
TFC,2009-04-06,9.31,9.48,9.05,9.39,19576821,17.36,17.67,16.88,17.51,10500100,2026-02-14T03:46:44Z
TFC,2009-04-07,9.32,9.66,9.15,9.17,18731199,16.9,17.52,16.6,16.64,10326100,2026-02-14T03:46:44Z
TFC,2009-04-08,9.21,9.53,8.97,9.49,15600369,16.7,17.29,16.27,17.22,8600100,2026-02-14T03:46:44Z
TFC,2009-04-09,11.2,11.22,9.74,9.81,39738778,20.31,20.36,17.67,17.79,21907200,2026-02-14T03:46:44Z
TFC,2009-04-13,11.58,11.68,10.32,10.81,25197713,21,21.18,18.72,19.61,13890900,2026-02-14T03:46:44Z
TFC,2009-04-14,10.66,11.83,10.55,11.05,24498536,19.33,21.45,19.13,20.04,13505500,2026-02-14T03:46:44Z
TFC,2009-04-15,11.33,11.46,10.28,10.58,25819009,20.55,20.78,18.65,19.19,14233500,2026-02-14T03:46:44Z
TFC,2009-04-16,11.62,11.95,10.73,11.58,28634439,21.07,21.67,19.47,21,15785500,2026-02-14T03:46:44Z
TFC,2009-04-17,12.91,13.64,11.3,12.13,65943654,23.42,24.75,20.5,22,36353200,2026-02-14T03:46:44Z
TFC,2009-04-20,10.91,12.13,10.77,11.89,39864070,19.79,22,19.54,21.56,21976200,2026-02-14T03:46:44Z
TFC,2009-04-21,12.19,12.21,10.28,10.7,27927582,22.12,22.15,18.65,19.4,15395900,2026-02-14T03:46:44Z
TFC,2009-04-22,11.78,13.26,11.7,11.7,33136490,21.37,24.05,21.22,21.23,18267400,2026-02-14T03:46:44Z
TFC,2009-04-23,12.12,12.26,11.41,11.96,19137718,21.99,22.24,20.7,21.69,10550200,2026-02-14T03:46:44Z
TFC,2009-04-24,12.91,13.23,12.03,12.48,28208338,23.42,24,21.82,22.64,15550600,2026-02-14T03:46:44Z
TFC,2009-04-27,12.37,12.82,12.29,12.46,17986901,22.44,23.26,22.29,22.6,9915800,2026-02-14T03:46:44Z
TFC,2009-04-28,12.33,12.75,11.87,12.04,16071732,22.37,23.13,21.53,21.84,8860000,2026-02-14T03:46:44Z
TFC,2009-04-29,13.29,13.35,12.43,12.49,19457333,24.1,24.22,22.54,22.66,10726400,2026-02-14T03:46:44Z
TFC,2009-04-30,12.87,13.51,12.7,13.47,16728801,23.34,24.5,23.04,24.43,9222200,2026-02-14T03:46:44Z
TFC,2009-05-01,12.56,13.23,12.44,13.05,13860730,22.79,24,22.56,23.67,7641100,2026-02-14T03:46:44Z
TFC,2009-05-04,14.15,14.25,12.72,12.89,30964789,25.67,25.84,23.07,23.39,17070200,2026-02-14T03:46:44Z
TFC,2009-05-05,13.57,14.14,13.56,13.75,19439669,24.61,25.65,24.59,24.94,10716700,2026-02-14T03:46:44Z
TFC,2009-05-06,15.27,15.7,14.17,14.28,37519727,27.7,28.48,25.71,25.91,20683800,2026-02-14T03:46:44Z
TFC,2009-05-07,13.97,15.81,13.65,15.81,30262555,25.34,28.67,24.76,28.67,16683100,2026-02-14T03:46:44Z
TFC,2009-05-08,14.52,14.72,13.35,14.52,34303446,26.33,26.7,24.22,26.34,18910800,2026-02-14T03:46:44Z
TFC,2009-05-11,13.42,14.15,13.4,13.78,31717767,24.34,25.66,24.31,25,17485300,2026-02-14T03:46:44Z
TFC,2009-05-12,12.4,13.87,12.24,13.72,43654224,22.5,25.15,22.21,24.88,24065700,2026-02-14T03:46:44Z
TFC,2009-05-13,11.85,12.23,11.15,11.2,155059205,21.5,22.18,20.23,20.32,85480896,2026-02-14T03:46:44Z
TFC,2009-05-14,12.29,12.42,11.73,12.1,33627313,22.3,22.53,21.27,21.94,18538000,2026-02-14T03:46:44Z
TFC,2009-05-15,11.92,12.31,11.64,12.21,25306380,21.63,22.33,21.11,22.15,13950800,2026-02-14T03:46:44Z
TFC,2009-05-18,12.47,12.58,11.95,12.22,25430744,22.62,22.81,21.68,22.16,14019400,2026-02-14T03:46:44Z
TFC,2009-05-19,12.4,12.96,12.4,12.7,20268828,22.5,23.5,22.5,23.03,11173800,2026-02-14T03:46:44Z
TFC,2009-05-20,11.97,12.8,11.78,12.74,27533200,21.72,23.21,21.36,23.11,15178500,2026-02-14T03:46:44Z
TFC,2009-05-21,11.57,11.82,11.25,11.72,25727156,20.98,21.44,20.41,21.25,14182800,2026-02-14T03:46:44Z
TFC,2009-05-22,11.2,11.7,11.17,11.7,13862823,20.31,21.23,20.26,21.23,7642300,2026-02-14T03:46:44Z
TFC,2009-05-26,12.01,12.02,11.16,11.21,21540919,21.78,21.8,20.25,20.33,11875000,2026-02-14T03:46:44Z
TFC,2009-05-27,11.68,12.41,11.68,12.12,25425608,21.19,22.51,21.18,21.99,14016600,2026-02-14T03:46:44Z
TFC,2009-05-28,12.12,12.13,11.62,11.85,17019185,21.99,22,21.07,21.49,9382300,2026-02-14T03:46:44Z
TFC,2009-05-29,12.36,12.4,11.86,12.16,22856800,22.42,22.5,21.51,22.05,12600500,2026-02-14T03:46:44Z
TFC,2009-06-01,12.25,12.52,11.95,12.47,18546374,22.23,22.71,21.67,22.62,10224200,2026-02-14T03:46:44Z
TFC,2009-06-02,11.86,12.42,11.75,12.23,19763718,21.52,22.52,21.32,22.19,10895300,2026-02-14T03:46:44Z
TFC,2009-06-03,11.94,12.22,11.73,11.93,15555450,21.65,22.16,21.27,21.64,8575400,2026-02-14T03:46:44Z
TFC,2009-06-04,12.27,12.3,11.8,12.05,15299295,22.26,22.31,21.4,21.85,8434200,2026-02-14T03:46:44Z
TFC,2009-06-05,11.8,12.47,11.68,12.42,17885654,21.41,22.62,21.18,22.53,9860000,2026-02-14T03:46:44Z
TFC,2009-06-08,12.09,12.2,11.69,11.78,13166525,21.93,22.13,21.2,21.36,7258400,2026-02-14T03:46:44Z
TFC,2009-06-09,12.38,12.54,12.1,12.22,18447123,22.45,22.75,21.95,22.16,10169500,2026-02-14T03:46:44Z
TFC,2009-06-10,12.24,12.66,12.13,12.51,19111021,22.21,22.96,22,22.7,10535500,2026-02-14T03:46:44Z
TFC,2009-06-11,12.44,12.79,12.22,12.22,19340926,22.56,23.2,22.17,22.17,10662200,2026-02-14T03:46:44Z
TFC,2009-06-12,12.76,12.78,12.38,12.4,11884540,23.14,23.19,22.45,22.5,6551700,2026-02-14T03:46:44Z
TFC,2009-06-15,12.46,12.74,12.38,12.67,15703306,22.6,23.1,22.45,22.99,8656900,2026-02-14T03:46:44Z
TFC,2009-06-16,12.25,12.57,12.07,12.48,20238444,22.23,22.8,21.89,22.64,11157000,2026-02-14T03:46:44Z
TFC,2009-06-17,11.9,12.18,11.67,12.15,17148305,21.58,22.1,21.16,22.04,9453500,2026-02-14T03:46:44Z
TFC,2009-06-18,12.3,12.32,11.86,11.89,10616432,22.31,22.35,21.51,21.56,5852600,2026-02-14T03:46:44Z
TFC,2009-06-19,12.47,12.54,12.17,12.41,15766285,22.62,22.74,22.07,22.51,8691600,2026-02-14T03:46:44Z
TFC,2009-06-22,11.85,12.42,11.85,12.26,17422935,21.5,22.53,21.5,22.24,9604900,2026-02-14T03:46:44Z
TFC,2009-06-23,11.94,12.19,11.72,11.87,15162365,21.65,22.11,21.25,21.53,8358700,2026-02-14T03:46:44Z
TFC,2009-06-24,12.03,12.16,11.92,12.04,10577772,21.82,22.06,21.62,21.84,5831300,2026-02-14T03:46:44Z
TFC,2009-06-25,12.3,12.32,11.91,11.92,9663373,22.31,22.35,21.6,21.62,5327200,2026-02-14T03:46:44Z
TFC,2009-06-26,12.5,12.54,12.15,12.27,9526932,22.67,22.75,22.04,22.26,5252000,2026-02-14T03:46:44Z
TFC,2009-06-29,12.4,12.56,12.25,12.46,10680128,22.49,22.78,22.22,22.61,5887700,2026-02-14T03:46:44Z
TFC,2009-06-30,12.12,12.45,11.96,12.34,12081734,21.98,22.58,21.69,22.39,6660400,2026-02-14T03:46:44Z
TFC,2009-07-01,11.96,12.17,11.9,12.17,8377275,21.69,22.07,21.59,22.07,4618200,2026-02-14T03:46:44Z
TFC,2009-07-02,11.4,11.99,11.4,11.87,11829270,20.68,21.75,20.67,21.53,6521200,2026-02-14T03:46:44Z
TFC,2009-07-06,11.6,11.74,11.35,11.4,12475559,21.05,21.29,20.58,20.67,6877500,2026-02-14T03:46:44Z
TFC,2009-07-07,11.49,11.83,11.46,11.6,10688286,20.84,21.46,20.79,21.05,5892200,2026-02-14T03:46:44Z
TFC,2009-07-08,11.36,11.7,11.07,11.52,18195087,20.45,21.07,19.93,20.75,10103300,2026-02-14T03:46:44Z
TFC,2009-07-09,11.58,11.76,11.39,11.52,10340674,20.86,21.18,20.51,20.74,5741900,2026-02-14T03:46:44Z
TFC,2009-07-10,11.46,11.74,11.38,11.73,9411571,20.63,21.14,20.5,21.12,5226000,2026-02-14T03:46:44Z
TFC,2009-07-13,12.14,12.14,11.6,11.68,15416699,21.86,21.87,20.89,21.03,8560500,2026-02-14T03:46:44Z
TFC,2009-07-14,12.02,12.09,11.76,12.06,11312955,21.65,21.77,21.18,21.72,6281800,2026-02-14T03:46:44Z
TFC,2009-07-15,12.49,12.66,12.08,12.21,16981838,22.5,22.8,21.75,21.98,9429600,2026-02-14T03:46:44Z
TFC,2009-07-16,12.4,12.54,12.12,12.38,16136677,22.33,22.59,21.83,22.3,8960300,2026-02-14T03:46:44Z
TFC,2009-07-17,11.63,12.59,11.4,12.51,36064886,20.94,22.67,20.53,22.53,20026000,2026-02-14T03:46:44Z
TFC,2009-07-20,11.65,11.69,11.38,11.66,17334427,20.98,21.06,20.5,21,9625400,2026-02-14T03:46:44Z
TFC,2009-07-21,11.21,11.71,11.06,11.66,20132190,20.19,21.09,19.91,20.99,11178900,2026-02-14T03:46:44Z
TFC,2009-07-22,11.33,11.53,11.01,11.06,15917352,20.4,20.76,19.83,19.91,8838500,2026-02-14T03:46:44Z
TFC,2009-07-23,11.87,12.02,11.32,11.41,18723738,21.37,21.65,20.38,20.55,10396800,2026-02-14T03:46:44Z
TFC,2009-07-24,11.67,11.83,11.58,11.79,10258143,21.02,21.31,20.86,21.23,5696100,2026-02-14T03:46:44Z
TFC,2009-07-27,12.09,12.1,11.52,11.7,11970995,21.78,21.79,20.74,21.07,6647200,2026-02-14T03:46:44Z
TFC,2009-07-28,12.19,12.24,11.86,11.94,18582562,21.96,22.05,21.36,21.5,10318400,2026-02-14T03:46:44Z
TFC,2009-07-29,12.23,12.3,11.97,12.1,10460769,22.03,22.15,21.55,21.79,5808600,2026-02-14T03:46:44Z
TFC,2009-07-30,12.57,12.69,12.27,12.34,11773419,22.63,22.85,22.1,22.22,6537500,2026-02-14T03:46:44Z
TFC,2009-07-31,12.7,12.77,12.39,12.58,11438648,22.88,23,22.32,22.66,6351600,2026-02-14T03:46:44Z
TFC,2009-08-03,12.72,13.02,12.42,12.89,14075963,22.91,23.45,22.37,23.22,7816000,2026-02-14T03:46:44Z
TFC,2009-08-04,13.14,13.23,12.57,12.63,14610965,23.66,23.83,22.63,22.74,8113100,2026-02-14T03:46:44Z
TFC,2009-08-05,13.42,13.45,12.92,13.19,13605508,24.17,24.23,23.27,23.75,7554800,2026-02-14T03:46:44Z
TFC,2009-08-06,13.69,13.86,13.21,13.6,15738360,24.65,24.96,23.79,24.5,8739100,2026-02-14T03:46:44Z
TFC,2009-08-07,14.34,14.63,13.65,13.84,22321912,25.82,26.35,24.58,24.93,12394800,2026-02-14T03:46:44Z
TFC,2009-08-10,14.39,14.6,14.07,14.25,14863420,25.91,26.29,25.34,25.66,8253300,2026-02-14T03:46:44Z
TFC,2009-08-11,13.98,14.28,13.72,14.28,18185616,25.18,25.71,24.71,25.71,10098000,2026-02-14T03:46:44Z
TFC,2009-08-12,14.28,14.36,13.83,13.89,13774815,25.71,25.86,24.9,25.01,7648800,2026-02-14T03:46:44Z
TFC,2009-08-13,14.33,14.54,14.17,14.51,15074145,25.8,26.19,25.52,26.13,8370300,2026-02-14T03:46:44Z
TFC,2009-08-14,15.68,15.78,14.19,14.24,58084600,28.23,28.42,25.56,25.65,32252900,2026-02-14T03:46:44Z
TFC,2009-08-17,14.68,15.16,14.61,15.02,32174188,26.43,27.3,26.31,27.04,17865500,2026-02-14T03:46:44Z
TFC,2009-08-18,15.29,15.57,14.93,15.05,78044495,27.53,28.04,26.89,27.11,43336100,2026-02-14T03:46:44Z
TFC,2009-08-19,15.25,15.44,15,15.1,21317191,27.47,27.8,27.01,27.2,11836900,2026-02-14T03:46:44Z
TFC,2009-08-20,15.43,15.55,15.29,15.45,15283457,27.78,28,27.53,27.83,8486500,2026-02-14T03:46:44Z
TFC,2009-08-21,15.56,15.7,15.38,15.55,16042819,28.03,28.28,27.69,28,8908200,2026-02-14T03:46:44Z
TFC,2009-08-24,15.23,15.74,15.14,15.69,17451039,27.42,28.35,27.27,28.25,9690100,2026-02-14T03:46:44Z
TFC,2009-08-25,15.26,15.51,15.17,15.31,13315933,27.49,27.93,27.32,27.57,7394000,2026-02-14T03:46:44Z
TFC,2009-08-26,15.35,15.49,15.01,15.24,10651839,27.64,27.9,27.03,27.45,5914700,2026-02-14T03:46:44Z
TFC,2009-08-27,15.55,15.6,15.26,15.27,15221879,28.01,28.1,27.48,27.5,8452300,2026-02-14T03:46:44Z
TFC,2009-08-28,15.76,15.87,15.55,15.68,15120214,28.39,28.58,28.01,28.24,8395900,2026-02-14T03:46:44Z
TFC,2009-08-31,15.51,15.68,15.4,15.49,19978009,27.94,28.23,27.74,27.9,11093300,2026-02-14T03:46:44Z
TFC,2009-09-01,14.79,15.59,14.75,15.46,20356255,26.64,28.07,26.56,27.85,11303300,2026-02-14T03:46:44Z
TFC,2009-09-02,14.5,14.95,14.48,14.76,13075127,26.12,26.92,26.07,26.58,7260300,2026-02-14T03:46:44Z
TFC,2009-09-03,14.64,14.83,14.45,14.65,10460583,26.37,26.71,26.03,26.38,5808500,2026-02-14T03:46:44Z
TFC,2009-09-04,14.72,14.77,14.55,14.73,9236890,26.51,26.59,26.2,26.53,5129000,2026-02-14T03:46:44Z
TFC,2009-09-08,14.73,14.94,14.55,14.92,9286745,26.52,26.9,26.21,26.86,5156700,2026-02-14T03:46:44Z
TFC,2009-09-09,14.99,14.99,14.55,14.76,11622908,27,27,26.21,26.58,6453900,2026-02-14T03:46:44Z
TFC,2009-09-10,14.99,15.02,14.62,14.92,11528860,26.99,27.05,26.33,26.87,6401700,2026-02-14T03:46:44Z
TFC,2009-09-11,14.86,15.12,14.77,15.02,10505073,26.77,27.22,26.59,27.05,5833200,2026-02-14T03:46:44Z
TFC,2009-09-14,15.18,15.2,14.65,14.69,10922889,27.34,27.38,26.38,26.45,6065200,2026-02-14T03:46:44Z
TFC,2009-09-15,15.68,15.76,15.07,15.18,15888849,28.24,28.39,27.13,27.33,8822700,2026-02-14T03:46:44Z
TFC,2009-09-16,16.4,16.55,15.67,15.76,18761661,29.53,29.8,28.22,28.38,10417900,2026-02-14T03:46:44Z
TFC,2009-09-17,16.05,16.51,15.8,16.35,13369631,28.9,29.73,28.46,29.45,7423800,2026-02-14T03:46:44Z
TFC,2009-09-18,16.24,16.3,15.9,16.12,15817201,29.25,29.36,28.63,29.03,8782900,2026-02-14T03:46:44Z
TFC,2009-09-21,15.88,16.21,15.09,16.07,9105018,28.6,29.19,27.18,28.94,5055800,2026-02-14T03:46:44Z
TFC,2009-09-22,16.12,16.13,15.89,16.08,8627814,29.03,29.05,28.61,28.95,4790800,2026-02-14T03:46:44Z
TFC,2009-09-23,15.74,16.2,15.69,16.11,10682450,28.34,29.18,28.25,29.02,5931700,2026-02-14T03:46:44Z
TFC,2009-09-24,15.44,15.86,15.28,15.83,12963883,27.8,28.57,27.52,28.5,7198500,2026-02-14T03:46:44Z
TFC,2009-09-25,15.09,15.49,15.03,15.34,12956302,27.17,27.9,27.06,27.62,7194300,2026-02-14T03:46:44Z
TFC,2009-09-28,15.53,15.55,15.11,15.15,9999035,27.97,28.01,27.21,27.29,5552200,2026-02-14T03:46:44Z
TFC,2009-09-29,15.23,15.62,15.2,15.59,10002066,27.43,28.13,27.38,28.08,5553900,2026-02-14T03:46:44Z
TFC,2009-09-30,15.13,15.4,15.04,15.24,15568492,27.24,27.74,27.09,27.44,8644800,2026-02-14T03:46:44Z
TFC,2009-10-01,14.18,15.19,14.14,15.04,24573360,25.53,27.36,25.46,27.09,13645000,2026-02-14T03:46:44Z
TFC,2009-10-02,14.83,15.03,14.04,14.08,24482274,26.71,27.06,25.29,25.35,13594400,2026-02-14T03:46:44Z
TFC,2009-10-05,14.95,15.2,14.82,15.09,15010715,26.93,27.37,26.68,27.17,8335100,2026-02-14T03:46:44Z
TFC,2009-10-06,14.79,15.22,14.59,15.06,18157815,26.63,27.41,26.28,27.12,10082600,2026-02-14T03:46:44Z
TFC,2009-10-07,14.95,15.01,14.56,14.68,8758184,26.92,27.03,26.22,26.44,4863200,2026-02-14T03:46:44Z
TFC,2009-10-08,14.83,14.97,14.71,14.83,12776727,26.71,26.95,26.49,26.7,7094600,2026-02-14T03:46:44Z
TFC,2009-10-09,15.16,15.17,14.75,14.82,10835356,27.3,27.31,26.56,26.68,6016600,2026-02-14T03:46:44Z
TFC,2009-10-12,15.42,15.45,15.25,15.3,10070857,27.77,27.82,27.47,27.56,5592100,2026-02-14T03:46:44Z
TFC,2009-10-13,15.42,15.45,15.19,15.36,12276789,27.77,27.83,27.36,27.66,6817000,2026-02-14T03:46:44Z
TFC,2009-10-14,15.93,15.95,15.57,15.68,13816486,28.53,28.57,27.89,28.08,7713600,2026-02-14T03:46:44Z
TFC,2009-10-15,15.97,16,15.65,15.76,13719732,28.61,28.66,28.03,28.22,7659600,2026-02-14T03:46:44Z
TFC,2009-10-16,15.77,15.86,15.47,15.63,19518161,28.25,28.4,27.71,28,10896800,2026-02-14T03:46:44Z
TFC,2009-10-19,15.09,15.33,14.93,15.29,30825871,27.03,27.45,26.74,27.38,17209800,2026-02-14T03:46:44Z
TFC,2009-10-20,14.77,15.2,14.77,15.08,21304989,26.46,27.23,26.45,27.01,11894400,2026-02-14T03:46:44Z
TFC,2009-10-21,14.27,15.01,14.26,14.76,18552892,25.56,26.89,25.55,26.44,10357900,2026-02-14T03:46:44Z
TFC,2009-10-22,14.71,14.78,14.28,14.34,18235632,26.34,26.47,25.57,25.68,10180800,2026-02-14T03:46:44Z
TFC,2009-10-23,14.55,14.7,14.45,14.69,16859541,26.07,26.33,25.88,26.31,9412500,2026-02-14T03:46:44Z
TFC,2009-10-26,14.24,14.58,14.15,14.52,17418698,25.51,26.11,25.35,26.01,9724700,2026-02-14T03:46:44Z
TFC,2009-10-27,14.18,14.39,14.08,14.22,16748443,25.39,25.77,25.21,25.47,9350500,2026-02-14T03:46:44Z
TFC,2009-10-28,13.82,14.23,13.79,14.14,15831690,24.76,25.49,24.7,25.33,8838700,2026-02-14T03:46:44Z
TFC,2009-10-29,14.21,14.24,13.73,14.08,13113955,25.45,25.5,24.6,25.22,7321400,2026-02-14T03:46:44Z
TFC,2009-10-30,13.35,14.08,13.28,14.08,19687459,23.91,25.22,23.79,25.22,10991300,2026-02-14T03:46:44Z
TFC,2009-11-02,13.99,14.15,13.53,13.94,25710017,25.06,25.35,24.24,24.96,14353700,2026-02-14T03:46:44Z
TFC,2009-11-03,13.88,14.04,13.68,13.8,12026701,24.87,25.14,24.51,24.71,6714400,2026-02-14T03:46:44Z
TFC,2009-11-04,13.41,14.11,13.38,14.04,15529772,24.02,25.27,23.96,25.14,8670100,2026-02-14T03:46:44Z
TFC,2009-11-05,13.72,13.75,13.26,13.53,13656328,24.57,24.62,23.75,24.23,7624200,2026-02-14T03:46:44Z
TFC,2009-11-06,13.66,13.82,13.47,13.53,7549994,24.47,24.75,24.12,24.24,4215100,2026-02-14T03:46:44Z
TFC,2009-11-09,14.09,14.11,13.62,13.79,11694603,25.23,25.27,24.39,24.7,6529000,2026-02-14T03:46:44Z
TFC,2009-11-10,14,14.14,13.75,13.99,8321847,25.08,25.32,24.63,25.06,4646000,2026-02-14T03:46:44Z
TFC,2009-11-11,14.07,14.36,13.97,14.08,8865110,25.2,25.72,25.02,25.22,4949300,2026-02-14T03:46:44Z
TFC,2009-11-12,13.85,14.14,13.83,14,8056739,24.8,25.32,24.77,25.07,4498000,2026-02-14T03:46:44Z
TFC,2009-11-13,13.65,13.96,13.6,13.84,9570109,24.45,25,24.36,24.79,5342900,2026-02-14T03:46:44Z
TFC,2009-11-16,13.86,14.1,13.76,13.91,13829670,24.83,25.25,24.64,24.91,7721000,2026-02-14T03:46:44Z
TFC,2009-11-17,13.91,13.96,13.72,13.76,7338482,24.91,25,24.58,24.65,4097000,2026-02-14T03:46:44Z
TFC,2009-11-18,14.01,14.28,13.79,13.89,13479371,25.09,25.58,24.7,24.88,7525400,2026-02-14T03:46:44Z
TFC,2009-11-19,13.78,14.04,13.71,13.9,9024519,24.68,25.15,24.56,24.9,5038300,2026-02-14T03:46:44Z
TFC,2009-11-20,13.73,13.82,13.64,13.72,8780762,24.6,24.75,24.43,24.58,4902200,2026-02-14T03:46:44Z
TFC,2009-11-23,14,14.11,13.89,14.04,9097442,25.07,25.27,24.87,25.15,5079000,2026-02-14T03:46:44Z
TFC,2009-11-24,14,14.06,13.76,13.97,6978637,25.08,25.18,24.65,25.03,3896100,2026-02-14T03:46:44Z
TFC,2009-11-25,13.95,14.18,13.91,14.06,5215019,24.99,25.4,24.91,25.18,2911500,2026-02-14T03:46:44Z
TFC,2009-11-27,13.54,13.87,13.54,13.59,6000472,24.26,24.84,24.26,24.35,3350000,2026-02-14T03:46:44Z
TFC,2009-11-30,13.9,13.92,13.55,13.55,8401918,24.9,24.93,24.27,24.27,4690700,2026-02-14T03:46:44Z
TFC,2009-12-01,14.29,14.39,14.03,14.28,15344918,25.6,25.77,25.13,25.57,8566900,2026-02-14T03:46:44Z
TFC,2009-12-02,14.62,14.8,14.37,14.44,12910328,26.19,26.5,25.73,25.86,7207700,2026-02-14T03:46:44Z
TFC,2009-12-03,14.28,14.75,14.23,14.73,12649675,25.57,26.42,25.48,26.39,7062200,2026-02-14T03:46:44Z
TFC,2009-12-04,14.86,14.91,14.54,14.55,19588561,26.61,26.7,26.05,26.06,10936100,2026-02-14T03:46:44Z
TFC,2009-12-07,14.44,14.91,14.42,14.8,11495622,25.86,26.7,25.82,26.51,6417900,2026-02-14T03:46:44Z
TFC,2009-12-08,14.44,14.68,14.3,14.34,9467109,25.86,26.3,25.61,25.68,5285400,2026-02-14T03:46:44Z
TFC,2009-12-09,14.43,14.53,14.29,14.42,6501465,25.84,26.02,25.6,25.82,3629700,2026-02-14T03:46:44Z
TFC,2009-12-10,14.47,14.51,14.4,14.48,8004438,25.91,25.99,25.79,25.94,4468800,2026-02-14T03:46:44Z
TFC,2009-12-11,14.45,14.62,14.33,14.44,7175633,25.88,26.18,25.66,25.87,4006100,2026-02-14T03:46:44Z
TFC,2009-12-14,14.64,14.67,14.43,14.5,7118317,26.23,26.28,25.85,25.98,3974100,2026-02-14T03:46:44Z
TFC,2009-12-15,14.42,14.81,14.4,14.81,11115573,25.83,26.52,25.79,26.52,6205700,2026-02-14T03:46:44Z
TFC,2009-12-16,14.32,14.62,14.18,14.57,12004999,25.65,26.18,25.39,26.1,6702300,2026-02-14T03:46:44Z
TFC,2009-12-17,14.16,14.42,14.15,14.25,9006620,25.37,25.83,25.35,25.52,5028300,2026-02-14T03:46:44Z
