ticker,tradeDate,clsPx,hiPx,loPx,open,stockVolume,unadjClsPx,unadjHiPx,unadjLoPx,unadjOpen,unadjStockVolume,updatedAt
TGT,2006-01-03,32.77,33.24,32.09,33.24,7471208,54.72,55.52,53.59,55.52,4473700,2026-02-14T03:46:44Z
TGT,2006-01-04,32.72,32.79,32.44,32.65,6770795,54.65,54.76,54.18,54.53,4054300,2026-02-14T03:46:44Z
TGT,2006-01-05,32.63,33.19,32.42,32.95,8982912,54.49,55.43,54.14,55.03,5378900,2026-02-14T03:46:44Z
TGT,2006-01-06,32.53,32.89,32.29,32.86,6793504,54.33,54.92,53.92,54.88,4067900,2026-02-14T03:46:44Z
TGT,2006-01-09,32.57,32.73,32.42,32.46,6102951,54.4,54.66,54.15,54.2,3654400,2026-02-14T03:46:44Z
TGT,2006-01-10,32.54,32.66,32.42,32.53,5979883,54.34,54.54,54.15,54.32,3580700,2026-02-14T03:46:44Z
TGT,2006-01-11,32.54,32.54,32.12,32.28,6322072,54.34,54.34,53.64,53.91,3785600,2026-02-14T03:46:44Z
TGT,2006-01-12,32.29,32.5,32.08,32.5,4304172,53.93,54.28,53.58,54.28,2577300,2026-02-14T03:46:44Z
TGT,2006-01-13,32.56,32.75,32.38,32.43,4127978,54.38,54.7,54.08,54.16,2471800,2026-02-14T03:46:44Z
TGT,2006-01-17,32.39,32.56,32.23,32.49,4536306,54.1,54.38,53.83,54.26,2716300,2026-02-14T03:46:44Z
TGT,2006-01-18,32.3,32.48,32.08,32.13,6522306,53.94,54.25,53.57,53.65,3905500,2026-02-14T03:46:44Z
TGT,2006-01-19,32.59,32.77,32.35,32.71,5116143,54.42,54.73,54.02,54.63,3063500,2026-02-14T03:46:44Z
TGT,2006-01-20,32.08,32.74,32.08,32.69,6956166,53.58,54.67,53.58,54.59,4165300,2026-02-14T03:46:44Z
TGT,2006-01-23,31.59,32.19,31.47,32.05,6813880,52.75,53.75,52.56,53.53,4080100,2026-02-14T03:46:44Z
TGT,2006-01-24,32.48,32.72,32.1,32.32,10865530,54.25,54.64,53.6,53.98,6506200,2026-02-14T03:46:44Z
TGT,2006-01-25,32.81,33.08,32.54,32.72,7792021,54.8,55.25,54.35,54.65,4665800,2026-02-14T03:46:44Z
TGT,2006-01-26,32.27,33.01,32.03,32.93,9187661,53.9,55.12,53.5,55,5501500,2026-02-14T03:46:44Z
TGT,2006-01-27,32.44,32.89,32.35,32.78,6453652,54.17,54.93,54.02,54.75,3864400,2026-02-14T03:46:44Z
TGT,2006-01-30,32.56,32.8,32.5,32.56,4558012,54.37,54.78,54.27,54.38,2729300,2026-02-14T03:46:44Z
TGT,2006-01-31,32.78,32.83,32.41,32.66,6642198,54.75,54.83,54.12,54.55,3977300,2026-02-14T03:46:44Z
TGT,2006-02-01,32.78,33.03,32.38,32.69,5990055,54.74,55.17,54.07,54.6,3586800,2026-02-14T03:46:44Z
TGT,2006-02-02,33.07,33.38,32.16,32.87,9462545,55.23,55.74,53.7,54.9,5666100,2026-02-14T03:46:44Z
TGT,2006-02-03,32.91,33.16,32.55,32.76,6404228,54.96,55.37,54.36,54.71,3834800,2026-02-14T03:46:44Z
TGT,2006-02-06,32.93,33.22,32.83,33.05,7155419,55,55.48,54.83,55.2,4284600,2026-02-14T03:46:44Z
TGT,2006-02-07,32.52,33.03,32.44,32.96,5891526,54.31,55.17,54.17,55.04,3527800,2026-02-14T03:46:44Z
TGT,2006-02-08,32.36,32.71,32.17,32.71,5818048,54.05,54.63,53.72,54.63,3483800,2026-02-14T03:46:44Z
TGT,2006-02-09,32.32,32.55,32.19,32.34,6327404,53.98,54.36,53.75,54.01,3788800,2026-02-14T03:46:44Z
TGT,2006-02-10,32.7,32.8,32.16,32.28,6707009,54.61,54.77,53.7,53.9,4016100,2026-02-14T03:46:44Z
TGT,2006-02-13,32.66,32.83,32.48,32.55,3262236,54.54,54.83,54.25,54.36,1953400,2026-02-14T03:46:44Z
TGT,2006-02-14,33.19,33.2,32.34,32.49,5756596,55.43,55.44,54.01,54.26,3447000,2026-02-14T03:46:44Z
TGT,2006-02-15,33.47,33.53,32.8,33.05,6000088,55.8,55.89,54.68,55.1,3599300,2026-02-14T03:46:44Z
TGT,2006-02-16,32.75,33.29,32.48,32.93,9865078,54.59,55.5,54.15,54.9,5917800,2026-02-14T03:46:44Z
TGT,2006-02-17,32.58,32.85,32.44,32.66,8647804,54.31,54.77,54.07,54.45,5187600,2026-02-14T03:46:44Z
TGT,2006-02-21,32.19,32.75,32.1,32.55,7704793,53.66,54.6,53.52,54.26,4621900,2026-02-14T03:46:44Z
TGT,2006-02-22,32.75,32.99,32.26,32.35,6862778,54.6,55,53.78,53.92,4116800,2026-02-14T03:46:44Z
TGT,2006-02-23,32.7,33.09,32.58,32.83,7073992,54.51,55.16,54.31,54.73,4243500,2026-02-14T03:46:44Z
TGT,2006-02-24,32.42,32.7,32.3,32.66,4731825,54.05,54.51,53.85,54.45,2838500,2026-02-14T03:46:44Z
TGT,2006-02-27,33.28,33.49,32.54,32.59,6164296,55.48,55.82,54.25,54.32,3697800,2026-02-14T03:46:44Z
TGT,2006-02-28,32.63,33.2,32.56,33.05,7847492,54.4,55.34,54.27,55.1,4707500,2026-02-14T03:46:44Z
TGT,2006-03-01,32.74,32.93,32.41,32.75,5782385,54.57,54.9,54.03,54.59,3468700,2026-02-14T03:46:44Z
TGT,2006-03-02,32.22,32.66,32.03,32.66,6708582,53.71,54.45,53.4,54.45,4024300,2026-02-14T03:46:44Z
TGT,2006-03-03,32.03,32.41,31.97,32.06,6796420,53.39,54.02,53.3,53.45,4077000,2026-02-14T03:46:44Z
TGT,2006-03-06,31.76,32.18,31.67,32.03,8004355,52.94,53.64,52.8,53.4,4801600,2026-02-14T03:46:44Z
TGT,2006-03-07,31.71,31.88,31.52,31.76,7426735,52.86,53.14,52.55,52.95,4455100,2026-02-14T03:46:44Z
TGT,2006-03-08,32.02,32.26,31.61,31.7,5449973,53.37,53.77,52.7,52.85,3269300,2026-02-14T03:46:44Z
TGT,2006-03-09,31.64,32.12,31.55,32.09,4437758,52.75,53.54,52.59,53.5,2662100,2026-02-14T03:46:44Z
TGT,2006-03-10,31.98,32.26,31.62,31.64,6023928,53.31,53.78,52.71,52.75,3613600,2026-02-14T03:46:44Z
TGT,2006-03-13,32.01,32.14,31.88,32.06,5040888,53.36,53.58,53.15,53.45,3023900,2026-02-14T03:46:44Z
TGT,2006-03-14,32.72,32.76,31.89,31.89,6412019,54.54,54.61,53.16,53.16,3846400,2026-02-14T03:46:44Z
TGT,2006-03-15,32.23,32.81,31.96,32.78,7161010,53.72,54.7,53.27,54.65,4295700,2026-02-14T03:46:44Z
TGT,2006-03-16,32.23,32.49,32.18,32.39,4123036,53.72,54.17,53.64,54,2473300,2026-02-14T03:46:44Z
TGT,2006-03-17,32.26,32.42,32.15,32.36,6042773,53.77,54.04,53.6,53.94,3624900,2026-02-14T03:46:44Z
TGT,2006-03-20,32.11,32.33,31.96,32.18,4621964,53.53,53.9,53.27,53.65,2772600,2026-02-14T03:46:44Z
TGT,2006-03-21,32.01,32.35,31.78,32.12,9781547,53.36,53.93,52.98,53.55,5867700,2026-02-14T03:46:44Z
TGT,2006-03-22,32.13,32.36,31.86,32.01,7579414,53.56,53.94,53.11,53.36,4546700,2026-02-14T03:46:44Z
TGT,2006-03-23,31.99,32.08,31.79,31.99,6946954,53.33,53.48,53,53.32,4167300,2026-02-14T03:46:44Z
TGT,2006-03-24,32.22,32.29,31.81,32.15,6293161,53.71,53.83,53.03,53.6,3775100,2026-02-14T03:46:44Z
TGT,2006-03-27,31.9,32.28,31.85,32.1,4400090,53.17,53.81,53.1,53.51,2639500,2026-02-14T03:46:44Z
TGT,2006-03-28,31.94,32.21,31.84,31.84,5155414,53.25,53.7,53.07,53.07,3092600,2026-02-14T03:46:44Z
TGT,2006-03-29,31.97,32.14,31.86,32,6433514,53.3,53.58,53.11,53.35,3859300,2026-02-14T03:46:44Z
TGT,2006-03-30,31.64,32.06,31.49,31.87,8554283,52.75,53.45,52.5,53.12,5131500,2026-02-14T03:46:44Z
TGT,2006-03-31,31.2,31.73,31.13,31.52,8062538,52.01,52.89,51.9,52.55,4836500,2026-02-14T03:46:44Z
TGT,2006-04-03,30.7,31.2,30.68,31.19,9148740,51.18,52.01,51.15,52,5488100,2026-02-14T03:46:44Z
TGT,2006-04-04,30.93,31.13,30.52,30.82,7590094,51.56,51.9,50.88,51.37,4553100,2026-02-14T03:46:44Z
TGT,2006-04-05,31.3,31.4,31.07,31.13,6566717,52.18,52.35,51.8,51.89,3939200,2026-02-14T03:46:44Z
TGT,2006-04-06,31.57,32.02,31.4,31.88,8966541,52.62,53.38,52.34,53.15,5378800,2026-02-14T03:46:44Z
TGT,2006-04-07,31.17,31.73,31.13,31.61,5672849,51.96,52.89,51.89,52.7,3403000,2026-02-14T03:46:44Z
TGT,2006-04-10,30.97,31.37,30.85,31.37,5935912,51.62,52.29,51.43,52.29,3560800,2026-02-14T03:46:44Z
TGT,2006-04-11,30.71,31.05,30.62,30.92,5123901,51.19,51.76,51.05,51.55,3073700,2026-02-14T03:46:44Z
TGT,2006-04-12,30.83,30.88,30.56,30.65,5866903,51.39,51.47,50.95,51.1,3519400,2026-02-14T03:46:44Z
TGT,2006-04-13,30.88,30.95,30.53,30.53,4918368,51.48,51.6,50.89,50.89,2950400,2026-02-14T03:46:44Z
TGT,2006-04-17,30.73,31.1,30.32,30.88,7317880,51.23,51.84,50.54,51.48,4389800,2026-02-14T03:46:44Z
TGT,2006-04-18,31,31.31,30.9,30.92,8853690,51.68,52.2,51.51,51.55,5311100,2026-02-14T03:46:44Z
TGT,2006-04-19,30.87,31.16,30.71,31.07,6338167,51.46,51.95,51.2,51.8,3802100,2026-02-14T03:46:44Z
TGT,2006-04-20,30.95,31.13,30.62,30.62,5095569,51.6,51.9,51.05,51.05,3056700,2026-02-14T03:46:44Z
TGT,2006-04-21,30.5,31.08,30.46,31.07,7413055,50.85,51.81,50.77,51.8,4446900,2026-02-14T03:46:44Z
TGT,2006-04-24,31.07,31.22,30.65,30.97,7121155,51.8,52.04,51.1,51.62,4271800,2026-02-14T03:46:44Z
TGT,2006-04-25,31.24,31.4,30.96,31.14,5362299,52.08,52.34,51.61,51.91,3216700,2026-02-14T03:46:44Z
TGT,2006-04-26,32,32.1,31.34,31.34,8766335,53.35,53.51,52.25,52.25,5258700,2026-02-14T03:46:44Z
TGT,2006-04-27,32.07,32.53,31.46,32.53,7377206,53.46,54.22,52.44,54.22,4425400,2026-02-14T03:46:44Z
TGT,2006-04-28,31.85,32.26,31.81,32.07,6422850,53.1,53.77,53.02,53.46,3852900,2026-02-14T03:46:44Z
TGT,2006-05-01,31.87,32.45,31.81,32.09,7236188,53.12,54.1,53.02,53.5,4340800,2026-02-14T03:46:44Z
TGT,2006-05-02,32.15,32.24,31.59,31.94,5233439,53.59,53.74,52.66,53.25,3139400,2026-02-14T03:46:44Z
TGT,2006-05-03,32.11,32.33,31.83,32.03,3864472,53.52,53.89,53.06,53.39,2318200,2026-02-14T03:46:44Z
TGT,2006-05-04,31.88,32.18,31.25,32.15,8305411,53.15,53.64,52.1,53.6,4982200,2026-02-14T03:46:44Z
TGT,2006-05-05,32.72,32.84,31.97,32.09,6429522,54.54,54.75,53.3,53.49,3856900,2026-02-14T03:46:44Z
TGT,2006-05-08,32.82,33.07,32.61,32.99,4816012,54.71,55.13,54.36,55,2889000,2026-02-14T03:46:44Z
TGT,2006-05-09,32.57,32.81,32.42,32.81,4690145,54.3,54.7,54.05,54.69,2813500,2026-02-14T03:46:44Z
TGT,2006-05-10,32.39,32.7,32.3,32.43,4011008,53.99,54.51,53.85,54.06,2406100,2026-02-14T03:46:44Z
TGT,2006-05-11,32.05,32.39,31.9,32.39,5685855,53.42,54,53.17,53.99,3410800,2026-02-14T03:46:44Z
TGT,2006-05-12,31.32,31.97,31.11,31.9,9295958,52.21,53.3,51.86,53.17,5576400,2026-02-14T03:46:44Z
TGT,2006-05-15,30.01,30.25,28.85,29.48,41461704,50.02,50.42,48.1,49.14,24871800,2026-02-14T03:46:44Z
TGT,2006-05-16,29.59,30.11,29.53,29.99,19662118,49.33,50.2,49.22,50,11794800,2026-02-14T03:46:44Z
TGT,2006-05-17,29.27,29.64,29.14,29.48,9900974,48.7,49.31,48.47,49.05,5951400,2026-02-14T03:46:44Z
TGT,2006-05-18,29.1,29.46,29.11,29.36,9095936,48.42,49.01,48.42,48.85,5467500,2026-02-14T03:46:44Z
TGT,2006-05-19,29.55,29.69,29.02,29.15,10631478,49.16,49.39,48.27,48.5,6390500,2026-02-14T03:46:44Z
TGT,2006-05-22,29.53,29.74,29.24,29.49,8325167,49.13,49.48,48.64,49.06,5004200,2026-02-14T03:46:44Z
TGT,2006-05-23,29.54,29.84,29.48,29.76,8164962,49.14,49.65,49.05,49.51,4907900,2026-02-14T03:46:44Z
TGT,2006-05-24,29.44,29.84,29.15,29.45,9813801,48.98,49.65,48.5,49,5899000,2026-02-14T03:46:44Z
TGT,2006-05-25,29.47,29.65,29.12,29.62,10957531,49.02,49.32,48.45,49.27,6586500,2026-02-14T03:46:44Z
TGT,2006-05-26,29.36,29.73,29.2,29.6,6200702,48.85,49.46,48.58,49.25,3727200,2026-02-14T03:46:44Z
TGT,2006-05-30,29.26,29.48,29.01,29.15,10171972,48.68,49.04,48.26,48.5,6114300,2026-02-14T03:46:44Z
TGT,2006-05-31,29.41,29.51,29.19,29.3,10465459,48.92,49.1,48.56,48.75,6290700,2026-02-14T03:46:44Z
TGT,2006-06-01,29.62,30.03,29.41,29.6,8519994,49.27,49.95,48.92,49.25,5121300,2026-02-14T03:46:44Z
TGT,2006-06-02,29.57,29.68,29.26,29.57,8150004,49.19,49.38,48.68,49.2,4898900,2026-02-14T03:46:44Z
TGT,2006-06-05,29.12,29.57,29.01,29.45,5639903,48.45,49.2,48.26,49,3390100,2026-02-14T03:46:44Z
TGT,2006-06-06,28.61,29.27,28.41,29.15,13087504,47.6,48.69,47.26,48.5,7866800,2026-02-14T03:46:44Z
TGT,2006-06-07,29.39,29.75,28.96,29,12137742,48.9,49.49,48.18,48.25,7295900,2026-02-14T03:46:44Z
TGT,2006-06-08,29.66,29.87,29.02,29.39,10876697,49.34,49.7,48.28,48.9,6537900,2026-02-14T03:46:44Z
TGT,2006-06-09,29.1,29.75,29.09,29.75,6134494,48.41,49.5,48.39,49.5,3687400,2026-02-14T03:46:44Z
TGT,2006-06-12,28.98,29.44,28.93,29.33,7745887,48.21,48.98,48.12,48.8,4656000,2026-02-14T03:46:44Z
TGT,2006-06-13,28.89,29.42,28.86,29.02,9930587,48.06,48.95,48.02,48.28,5969200,2026-02-14T03:46:44Z
TGT,2006-06-14,29.01,29.16,28.73,28.86,6539267,48.27,48.51,47.8,48.01,3930700,2026-02-14T03:46:44Z
TGT,2006-06-15,29.76,29.86,29.12,29.17,8479224,49.51,49.68,48.45,48.52,5096800,2026-02-14T03:46:44Z
TGT,2006-06-16,29.59,29.96,29.47,29.49,9006758,49.22,49.84,49.02,49.06,5413900,2026-02-14T03:46:44Z
TGT,2006-06-19,29.51,29.97,29.33,29.87,6097905,49.1,49.85,48.8,49.7,3665400,2026-02-14T03:46:44Z
TGT,2006-06-20,29.48,29.89,29.4,29.82,10141193,49.04,49.72,48.91,49.61,6095800,2026-02-14T03:46:44Z
TGT,2006-06-21,29.83,29.98,29.45,29.45,7854367,49.62,49.88,48.99,49,4721200,2026-02-14T03:46:44Z
TGT,2006-06-22,29.69,29.86,29.57,29.68,4895913,49.4,49.67,49.2,49.37,2942900,2026-02-14T03:46:44Z
TGT,2006-06-23,29.6,29.93,29.5,29.5,4955311,49.25,49.79,49.08,49.08,2978600,2026-02-14T03:46:44Z
TGT,2006-06-26,29.76,30.01,29.56,29.59,3405298,49.51,49.93,49.17,49.23,2046900,2026-02-14T03:46:44Z
TGT,2006-06-27,29.15,29.81,29.11,29.66,6065286,48.5,49.59,48.43,49.35,3645800,2026-02-14T03:46:44Z
TGT,2006-06-28,29.13,29.25,28.97,29.21,4941176,48.46,48.66,48.2,48.6,2970100,2026-02-14T03:46:44Z
TGT,2006-06-29,29.65,29.72,29.15,29.19,4615259,49.32,49.44,48.49,48.56,2774200,2026-02-14T03:46:44Z
TGT,2006-06-30,29.38,29.85,29.34,29.62,5724241,48.87,49.66,48.81,49.28,3440800,2026-02-14T03:46:44Z
TGT,2006-07-03,29.23,29.39,29.08,29.32,2953458,48.63,48.9,48.37,48.77,1775300,2026-02-14T03:46:44Z
TGT,2006-07-05,29.01,29.21,28.83,29.15,5612786,48.27,48.59,47.96,48.5,3373800,2026-02-14T03:46:44Z
TGT,2006-07-06,29.56,29.69,29.22,29.56,7534784,49.17,49.4,48.61,49.18,4529100,2026-02-14T03:46:44Z
TGT,2006-07-07,29.59,29.84,29.41,29.47,5861821,49.22,49.65,48.92,49.02,3523500,2026-02-14T03:46:44Z
TGT,2006-07-10,29.82,29.9,29.62,29.71,4637056,49.61,49.74,49.28,49.42,2787300,2026-02-14T03:46:44Z
TGT,2006-07-11,30.14,30.29,29.63,29.84,7087423,50.14,50.39,49.3,49.65,4260200,2026-02-14T03:46:44Z
TGT,2006-07-12,29.47,30.29,29.44,30.14,7439611,49.03,50.39,48.98,50.14,4471900,2026-02-14T03:46:44Z
TGT,2006-07-13,29.15,29.51,28.89,29.22,7406510,48.5,49.1,48.06,48.61,4452000,2026-02-14T03:46:44Z
TGT,2006-07-14,28.7,29.18,28.43,28.99,7916407,47.74,48.54,47.3,48.23,4758500,2026-02-14T03:46:44Z
TGT,2006-07-17,28.58,29.36,28.49,28.81,11683205,47.55,48.85,47.4,47.93,7022700,2026-02-14T03:46:44Z
TGT,2006-07-18,27.37,27.71,26.87,27.59,31480059,45.53,46.1,44.7,45.9,18922400,2026-02-14T03:46:44Z
TGT,2006-07-19,27.48,27.86,27.33,27.52,13502389,45.72,46.35,45.46,45.78,8116200,2026-02-14T03:46:44Z
TGT,2006-07-20,27.92,28.16,27.35,27.65,9101276,46.45,46.84,45.5,46,5470700,2026-02-14T03:46:44Z
TGT,2006-07-21,27.7,27.92,27.53,27.92,7620303,46.08,46.44,45.8,46.44,4580500,2026-02-14T03:46:44Z
TGT,2006-07-24,27.76,28.07,27.67,27.68,8071622,46.18,46.69,46.03,46.05,4851800,2026-02-14T03:46:44Z
TGT,2006-07-25,27.97,28.08,27.6,27.76,6640250,46.53,46.71,45.92,46.18,3991400,2026-02-14T03:46:44Z
TGT,2006-07-26,27.57,27.86,27.51,27.86,6094239,45.87,46.34,45.76,46.34,3663200,2026-02-14T03:46:44Z
TGT,2006-07-27,27.7,28.01,27.59,27.74,7434949,46.09,46.6,45.9,46.15,4469100,2026-02-14T03:46:44Z
TGT,2006-07-28,27.93,28.16,27.73,27.79,6328467,46.46,46.84,46.13,46.23,3804000,2026-02-14T03:46:44Z
TGT,2006-07-31,27.6,28.09,27.42,28.04,8523469,45.92,46.73,45.61,46.65,5123400,2026-02-14T03:46:44Z
TGT,2006-08-01,27.44,27.48,27.25,27.41,5733388,45.65,45.72,45.34,45.6,3446300,2026-02-14T03:46:44Z
TGT,2006-08-02,27.52,27.65,27.31,27.63,5128331,45.78,46,45.44,45.96,3082600,2026-02-14T03:46:44Z
TGT,2006-08-03,27.88,28.14,27.12,27.23,9169131,46.39,46.81,45.11,45.3,5511500,2026-02-14T03:46:44Z
TGT,2006-08-04,28.38,28.51,28.04,28.04,8225353,47.22,47.43,46.65,46.65,4944200,2026-02-14T03:46:44Z
TGT,2006-08-07,28.1,28.31,27.89,28.22,4738865,46.74,47.1,46.39,46.95,2848500,2026-02-14T03:46:44Z
TGT,2006-08-08,27.61,28.2,27.47,28.16,5519946,45.94,46.92,45.7,46.85,3318000,2026-02-14T03:46:44Z
TGT,2006-08-09,27.22,28.01,27.16,27.87,8459420,45.28,46.6,45.18,46.37,5084900,2026-02-14T03:46:44Z
TGT,2006-08-10,28.68,28.69,27.35,27.47,15406300,47.72,47.73,45.5,45.7,9260600,2026-02-14T03:46:44Z
TGT,2006-08-11,29.09,29.13,28.52,28.82,11474598,48.4,48.46,47.44,47.95,6897300,2026-02-14T03:46:44Z
TGT,2006-08-14,28.95,29.34,28.93,29.09,6651394,48.17,48.81,48.12,48.4,3998100,2026-02-14T03:46:44Z
TGT,2006-08-15,29.26,29.45,28.79,29.45,8042850,48.68,49,47.9,49,4834500,2026-02-14T03:46:44Z
TGT,2006-08-16,29.74,29.76,28.92,29.51,7048228,49.36,49.39,47.99,48.98,4247100,2026-02-14T03:46:44Z
TGT,2006-08-17,30.03,30.37,29.61,29.74,11115061,49.83,50.4,49.14,49.36,6697700,2026-02-14T03:46:44Z
TGT,2006-08-18,30.01,30.3,29.84,30.23,5052621,49.8,50.28,49.52,50.17,3044600,2026-02-14T03:46:44Z
TGT,2006-08-21,29.47,29.95,29.43,29.91,4626615,48.9,49.7,48.84,49.64,2787900,2026-02-14T03:46:44Z
TGT,2006-08-22,29.42,29.7,29.19,29.5,5085143,48.82,49.29,48.44,48.95,3064200,2026-02-14T03:46:44Z
TGT,2006-08-23,28.72,29.5,28.65,29.42,7093519,47.67,48.95,47.55,48.82,4274400,2026-02-14T03:46:44Z
TGT,2006-08-24,28.32,28.69,28.13,28.62,11127870,46.99,47.61,46.68,47.49,6705400,2026-02-14T03:46:44Z
TGT,2006-08-25,28.26,28.38,27.93,28.14,6046853,46.9,47.09,46.35,46.7,3643700,2026-02-14T03:46:44Z
TGT,2006-08-28,28.76,28.95,28.37,28.44,7082906,47.72,48.04,47.08,47.2,4268000,2026-02-14T03:46:44Z
TGT,2006-08-29,29.36,29.38,28.88,28.89,6909977,48.72,48.75,47.93,47.95,4163800,2026-02-14T03:46:44Z
TGT,2006-08-30,29.27,29.66,28.94,29.21,7503105,48.58,49.22,48.02,48.47,4521200,2026-02-14T03:46:44Z
TGT,2006-08-31,29.16,29.35,28.68,29.12,8770995,48.39,48.7,47.6,48.33,5285200,2026-02-14T03:46:44Z
TGT,2006-09-01,29.5,29.67,29.2,29.5,6468704,48.95,49.23,48.45,48.95,3897900,2026-02-14T03:46:44Z
TGT,2006-09-05,29.51,29.84,29.46,29.65,5030891,48.97,49.52,48.89,49.2,3031500,2026-02-14T03:46:44Z
TGT,2006-09-06,29.12,29.45,28.96,29.41,5620345,48.32,48.87,48.06,48.81,3386700,2026-02-14T03:46:44Z
TGT,2006-09-07,29.33,29.63,28.78,28.93,6629016,48.68,49.17,47.76,48.01,3994500,2026-02-14T03:46:44Z
TGT,2006-09-08,30.47,30.59,28.91,28.91,9797584,50.56,50.76,47.98,47.98,5903800,2026-02-14T03:46:44Z
TGT,2006-09-11,30.88,31.02,30.14,30.37,8027348,51.25,51.47,50.02,50.4,4837100,2026-02-14T03:46:44Z
TGT,2006-09-12,31.64,31.79,30.85,30.91,11129197,52.5,52.75,51.2,51.3,6706200,2026-02-14T03:46:44Z
TGT,2006-09-13,31.82,31.85,31.37,31.49,9384358,52.81,52.86,52.06,52.25,5654800,2026-02-14T03:46:44Z
TGT,2006-09-14,32.09,32.21,31.43,31.75,11323680,53.26,53.46,52.16,52.69,6823400,2026-02-14T03:46:44Z
TGT,2006-09-15,32.32,32.5,32.02,32.27,11680639,53.64,53.94,53.14,53.55,7038500,2026-02-14T03:46:44Z
TGT,2006-09-18,32.29,32.29,31.88,32.21,8963993,53.58,53.58,52.9,53.45,5401500,2026-02-14T03:46:44Z
TGT,2006-09-19,32.77,32.83,32.42,32.55,14366612,54.39,54.49,53.8,54.01,8657000,2026-02-14T03:46:44Z
TGT,2006-09-20,33.15,33.26,32.87,32.89,12974934,55.02,55.2,54.55,54.58,7818400,2026-02-14T03:46:44Z
TGT,2006-09-21,32.77,33.35,32.67,33.32,13251569,54.39,55.34,54.22,55.3,7985100,2026-02-14T03:46:44Z
TGT,2006-09-22,33.04,33.04,32.44,32.57,7318710,54.83,54.83,53.84,54.05,4410100,2026-02-14T03:46:44Z
TGT,2006-09-25,33.67,33.96,32.91,33.08,15049817,55.88,56.35,54.62,54.9,9068700,2026-02-14T03:46:44Z
TGT,2006-09-26,33.76,34.15,33.4,33.59,10811718,56.02,56.67,55.43,55.75,6514900,2026-02-14T03:46:44Z
TGT,2006-09-27,33.7,34.1,33.58,33.68,11688596,55.92,56.59,55.72,55.89,7043300,2026-02-14T03:46:44Z
TGT,2006-09-28,33.89,33.94,33.32,33.85,7887274,56.24,56.33,55.3,56.17,4752700,2026-02-14T03:46:44Z
TGT,2006-09-29,33.29,33.98,33.27,33.92,7310098,55.25,56.39,55.22,56.29,4404900,2026-02-14T03:46:44Z
TGT,2006-10-02,33.64,33.78,32.9,32.97,8961164,55.82,56.05,54.6,54.71,5399800,2026-02-14T03:46:44Z
TGT,2006-10-03,34.23,34.33,33.56,33.81,10972840,56.81,56.97,55.7,56.11,6612000,2026-02-14T03:46:44Z
TGT,2006-10-04,34.73,34.79,33.9,34.04,10649732,57.63,57.73,56.25,56.49,6417300,2026-02-14T03:46:44Z
TGT,2006-10-05,35.36,35.4,34.64,34.83,18146519,58.68,58.75,57.49,57.8,10934700,2026-02-14T03:46:44Z
TGT,2006-10-06,35.28,35.49,34.96,35.24,11825869,58.55,58.9,58.02,58.49,7126000,2026-02-14T03:46:44Z
TGT,2006-10-09,35.31,35.33,34.89,35.19,7678186,58.59,58.63,57.9,58.4,4626700,2026-02-14T03:46:44Z
TGT,2006-10-10,35.34,35.81,35.08,35.34,12896255,58.65,59.42,58.22,58.65,7771000,2026-02-14T03:46:44Z
TGT,2006-10-11,35.29,35.46,35,35.19,6938182,58.56,58.85,58.09,58.4,4180800,2026-02-14T03:46:44Z
TGT,2006-10-12,35.94,36,35.22,35.47,9697181,59.64,59.75,58.45,58.87,5843300,2026-02-14T03:46:44Z
TGT,2006-10-13,35.96,36.01,35.55,35.61,7726791,59.68,59.76,59,59.1,4656000,2026-02-14T03:46:44Z
TGT,2006-10-16,35.7,35.99,35.66,35.82,7561188,59.25,59.72,59.18,59.45,4556200,2026-02-14T03:46:44Z
TGT,2006-10-17,35.12,35.55,34.65,35.41,10182761,58.28,58.99,57.5,58.76,6135900,2026-02-14T03:46:44Z
TGT,2006-10-18,35.06,35.48,34.98,35.27,7544586,58.19,58.88,58.05,58.53,4546200,2026-02-14T03:46:44Z
TGT,2006-10-19,34.6,35.15,34.41,34.95,7654451,57.42,58.34,57.11,58,4612400,2026-02-14T03:46:44Z
TGT,2006-10-20,34.95,35.12,34.57,34.76,7221476,58,58.29,57.37,57.69,4351500,2026-02-14T03:46:44Z
TGT,2006-10-23,35.99,36.06,34.79,34.83,10512320,59.72,59.85,57.74,57.8,6334500,2026-02-14T03:46:44Z
TGT,2006-10-24,35.61,35.97,35.46,35.76,7262635,59.09,59.7,58.85,59.35,4376300,2026-02-14T03:46:44Z
TGT,2006-10-25,34.99,35.6,34.84,35.55,13195637,58.07,59.08,57.82,59,7951400,2026-02-14T03:46:44Z
TGT,2006-10-26,35.71,35.85,34.98,34.99,6818535,59.27,59.5,58.05,58.07,4108700,2026-02-14T03:46:44Z
TGT,2006-10-27,35.29,35.59,35.19,35.49,6949633,58.56,59.07,58.4,58.9,4187700,2026-02-14T03:46:44Z
TGT,2006-10-30,35.47,35.69,34.89,35.01,7164225,58.86,59.23,57.9,58.1,4317000,2026-02-14T03:46:44Z
TGT,2006-10-31,35.66,36.36,35.52,35.79,12048056,59.18,60.34,58.95,59.4,7259900,2026-02-14T03:46:44Z
TGT,2006-11-01,34.77,35.76,34.65,35.76,11233583,57.7,59.35,57.5,59.35,6769100,2026-02-14T03:46:44Z
TGT,2006-11-02,34.32,34.45,33.78,33.81,13991567,56.96,57.17,56.05,56.1,8431000,2026-02-14T03:46:44Z
TGT,2006-11-03,33.76,34.8,33.59,34.5,8399421,56.03,57.75,55.74,57.25,5061300,2026-02-14T03:46:44Z
TGT,2006-11-06,34.47,34.53,33.85,33.9,6701366,57.2,57.3,56.18,56.26,4038100,2026-02-14T03:46:44Z
TGT,2006-11-07,34.54,34.76,34.18,34.38,5751781,57.32,57.68,56.73,57.05,3465900,2026-02-14T03:46:44Z
TGT,2006-11-08,34.73,34.95,34.29,34.44,5466511,57.64,58,56.91,57.15,3294000,2026-02-14T03:46:44Z
TGT,2006-11-09,34.09,34.72,34.03,34.68,8181854,56.57,57.62,56.47,57.56,4930200,2026-02-14T03:46:44Z
TGT,2006-11-10,34.91,35,34.02,34.17,7725134,57.94,58.09,56.45,56.7,4655000,2026-02-14T03:46:44Z
TGT,2006-11-13,34.8,35.22,34.41,34.95,8371365,57.76,58.45,57.1,58,5044400,2026-02-14T03:46:44Z
TGT,2006-11-14,35.65,35.67,34.87,35.4,12939077,59.16,59.2,57.86,58.74,7796800,2026-02-14T03:46:44Z
TGT,2006-11-15,35.11,35.94,35.03,35.5,11176650,58.27,59.65,58.13,58.91,6734800,2026-02-14T03:46:44Z
TGT,2006-11-16,35.35,35.49,34.85,35.32,9335718,58.55,58.77,57.71,58.5,5637100,2026-02-14T03:46:44Z
TGT,2006-11-17,35.15,35.31,34.86,35.2,6629275,58.22,58.48,57.73,58.29,4002900,2026-02-14T03:46:44Z
TGT,2006-11-20,34.96,35.27,34.9,35.03,4978287,57.9,58.41,57.8,58.01,3006000,2026-02-14T03:46:44Z
TGT,2006-11-21,34.85,35.11,34.8,35.02,5516039,57.71,58.15,57.63,58,3330700,2026-02-14T03:46:44Z
TGT,2006-11-22,35.28,35.55,34.85,35,4573709,58.42,58.87,57.71,57.97,2761700,2026-02-14T03:46:44Z
TGT,2006-11-24,34.85,35.08,34.83,35.05,2603255,57.71,58.1,57.69,58.04,1571900,2026-02-14T03:46:44Z
TGT,2006-11-27,34.46,35.32,34.4,34.93,8593432,57.07,58.5,56.97,57.85,5188900,2026-02-14T03:46:44Z
TGT,2006-11-28,34.33,34.51,34.06,34.27,6390462,56.86,57.15,56.4,56.75,3858700,2026-02-14T03:46:44Z
TGT,2006-11-29,34.93,34.99,34.39,34.48,5425274,57.85,57.95,56.95,57.1,3275900,2026-02-14T03:46:44Z
TGT,2006-11-30,35.08,35.17,34.21,35.02,11609388,58.09,58.25,56.65,58,7010000,2026-02-14T03:46:44Z
TGT,2006-12-01,34.6,35.4,34.26,35.17,8349490,57.31,58.63,56.73,58.25,5041600,2026-02-14T03:46:44Z
TGT,2006-12-04,35.04,35.29,34.62,34.76,5119388,58.03,58.44,57.33,57.56,3091200,2026-02-14T03:46:44Z
TGT,2006-12-05,35.28,35.34,34.9,35.11,5437201,58.43,58.53,57.8,58.15,3283100,2026-02-14T03:46:44Z
TGT,2006-12-06,35.1,35.38,34.94,35.32,4408758,58.13,58.59,57.86,58.5,2662100,2026-02-14T03:46:44Z
TGT,2006-12-07,35.06,35.32,34.84,35.28,5961035,58.07,58.5,57.7,58.42,3599400,2026-02-14T03:46:44Z
TGT,2006-12-08,35.1,35.31,34.97,35.08,3378817,58.13,58.48,57.92,58.1,2040200,2026-02-14T03:46:44Z
TGT,2006-12-11,35.23,35.32,35.04,35.1,4345661,58.34,58.5,58.03,58.13,2624000,2026-02-14T03:46:44Z
TGT,2006-12-12,34.85,35.25,34.61,35.12,6692536,57.72,58.38,57.32,58.16,4041100,2026-02-14T03:46:44Z
TGT,2006-12-13,35.32,35.38,34.81,35.17,5769247,58.5,58.6,57.65,58.25,3483600,2026-02-14T03:46:44Z
TGT,2006-12-14,36.08,36.19,35.19,35.32,9482778,59.75,59.94,58.27,58.5,5725900,2026-02-14T03:46:44Z
TGT,2006-12-15,35.48,36.23,35.44,36.22,8738025,58.76,60,58.69,59.99,5276200,2026-02-14T03:46:44Z
TGT,2006-12-18,35.35,35.75,35.29,35.66,4618093,58.55,59.2,58.45,59.05,2788500,2026-02-14T03:46:44Z
TGT,2006-12-19,35.32,35.46,35.03,35.23,5645877,58.49,58.72,58.02,58.35,3409100,2026-02-14T03:46:44Z
TGT,2006-12-20,34.92,35.41,34.88,35.38,5090582,57.84,58.65,57.76,58.6,3073800,2026-02-14T03:46:44Z
TGT,2006-12-21,34.85,35.05,34.68,34.92,5995476,57.72,58.05,57.44,57.84,3620200,2026-02-14T03:46:44Z
TGT,2006-12-22,34.61,34.95,34.54,34.86,3811893,57.32,57.88,57.2,57.73,2301700,2026-02-14T03:46:44Z
TGT,2006-12-26,34.47,34.65,34.23,34.61,3932946,57.09,57.39,56.69,57.32,2374800,2026-02-14T03:46:44Z
TGT,2006-12-27,34.7,34.81,34.33,34.48,3514782,57.47,57.65,56.85,57.1,2122300,2026-02-14T03:46:44Z
TGT,2006-12-28,34.48,34.89,34.39,34.71,2901023,57.1,57.78,56.96,57.49,1751700,2026-02-14T03:46:44Z
TGT,2006-12-29,34.45,34.84,34.36,34.55,3149607,57.05,57.7,56.91,57.21,1901800,2026-02-14T03:46:44Z
TGT,2007-01-03,34.53,35.22,34.27,34.93,9426133,57.18,58.32,56.75,57.85,5691700,2026-02-14T03:46:44Z
TGT,2007-01-04,34.77,34.92,34.18,34.47,5438359,57.59,57.83,56.61,57.08,3283800,2026-02-14T03:46:44Z
TGT,2007-01-05,34.58,35.08,34.51,34.72,4905417,57.27,58.1,57.15,57.5,2962000,2026-02-14T03:46:44Z
TGT,2007-01-08,34.63,34.67,34.38,34.53,4760839,57.35,57.42,56.93,57.19,2874700,2026-02-14T03:46:44Z
TGT,2007-01-09,35.18,35.29,34.69,34.69,6326876,58.26,58.45,57.45,57.45,3820300,2026-02-14T03:46:44Z
TGT,2007-01-10,35.21,35.29,34.93,34.99,5580959,58.31,58.44,57.85,57.94,3369900,2026-02-14T03:46:44Z
TGT,2007-01-11,36.11,36.17,35.17,35.23,8071913,59.81,59.91,58.25,58.35,4874000,2026-02-14T03:46:44Z
TGT,2007-01-12,36.42,36.51,35.93,36.11,8501513,60.31,60.46,59.51,59.8,5133400,2026-02-14T03:46:44Z
TGT,2007-01-16,36.74,36.83,36.28,36.36,7576908,60.84,61,60.08,60.22,4575100,2026-02-14T03:46:44Z
TGT,2007-01-17,36.45,36.83,36.28,36.79,8453814,60.36,61,60.08,60.93,5104600,2026-02-14T03:46:44Z
TGT,2007-01-18,37.14,37.2,35.97,35.97,10492823,61.51,61.6,59.57,59.57,6335800,2026-02-14T03:46:44Z
TGT,2007-01-19,37.65,38.02,37.15,37.36,9931238,62.35,62.96,61.53,61.87,5996700,2026-02-14T03:46:44Z
TGT,2007-01-22,37.14,37.73,37.01,37.65,9127703,61.5,62.48,61.29,62.35,5511500,2026-02-14T03:46:44Z
TGT,2007-01-23,37.09,37.49,36.83,37.06,7064018,61.43,62.09,60.99,61.37,4265400,2026-02-14T03:46:44Z
TGT,2007-01-24,37.12,37.39,36.93,37.06,6677313,61.48,61.92,61.16,61.37,4031900,2026-02-14T03:46:44Z
TGT,2007-01-25,36.64,37.14,36.57,37.1,6035391,60.68,61.5,60.57,61.45,3644300,2026-02-14T03:46:44Z
TGT,2007-01-26,36.34,36.75,36.21,36.64,5361851,60.19,60.86,59.97,60.68,3237600,2026-02-14T03:46:44Z
TGT,2007-01-29,36.27,36.55,36.17,36.34,5079641,60.07,60.53,59.91,60.19,3067200,2026-02-14T03:46:44Z
TGT,2007-01-30,36.49,36.88,36.16,36.53,7291056,60.44,61.08,59.88,60.49,4402500,2026-02-14T03:46:44Z
TGT,2007-01-31,37.05,37.19,36.44,36.53,5345783,61.36,61.59,60.35,60.49,3227900,2026-02-14T03:46:44Z
TGT,2007-02-01,37.32,37.56,36.88,37.01,6389300,61.8,62.21,61.07,61.29,3858000,2026-02-14T03:46:44Z
TGT,2007-02-02,37.46,37.59,37.12,37.38,5426113,62.03,62.25,61.48,61.9,3276400,2026-02-14T03:46:44Z
TGT,2007-02-05,37.51,37.73,37.32,37.46,5127838,62.12,62.48,61.8,62.03,3096300,2026-02-14T03:46:44Z
TGT,2007-02-06,37.87,37.98,37.44,37.51,5164446,62.71,62.9,62.01,62.12,3118400,2026-02-14T03:46:44Z
TGT,2007-02-07,37.92,38.13,37.65,38.01,3078061,62.8,63.14,62.36,62.94,1858600,2026-02-14T03:46:44Z
TGT,2007-02-08,37.59,38.16,37.47,38.1,4731203,62.26,63.2,62.06,63.1,2856800,2026-02-14T03:46:44Z
TGT,2007-02-09,37.24,37.68,36.91,37.58,8219972,61.67,62.4,61.13,62.24,4963400,2026-02-14T03:46:44Z
TGT,2007-02-12,37.32,37.61,37.14,37.22,4852091,61.8,62.28,61.51,61.64,2929800,2026-02-14T03:46:44Z
TGT,2007-02-13,37.52,37.65,37.3,37.45,3752270,62.13,62.35,61.77,62.02,2265700,2026-02-14T03:46:44Z
TGT,2007-02-14,37.7,37.8,37.38,37.5,5406069,62.44,62.6,61.9,62.1,3264300,2026-02-14T03:46:44Z
TGT,2007-02-15,37.91,38.11,37.56,37.64,3429672,62.67,62.99,62.08,62.22,2074900,2026-02-14T03:46:44Z
TGT,2007-02-16,38.06,38.08,37.6,37.75,5710390,62.91,62.95,62.15,62.4,3454700,2026-02-14T03:46:44Z
TGT,2007-02-20,38.91,39.17,38.11,38.21,7760860,64.32,64.74,63,63.15,4695200,2026-02-14T03:46:44Z
TGT,2007-02-21,38.48,38.83,38.34,38.72,5041294,63.61,64.18,63.37,64,3049900,2026-02-14T03:46:44Z
TGT,2007-02-22,38.19,38.35,37.92,38.33,4867896,63.12,63.39,62.68,63.36,2945000,2026-02-14T03:46:44Z
TGT,2007-02-23,38.17,38.33,37.99,38.21,5350883,63.1,63.35,62.8,63.15,3237200,2026-02-14T03:46:44Z
TGT,2007-02-26,37.84,38.37,37.65,38.27,5655678,62.55,63.43,62.23,63.25,3421600,2026-02-14T03:46:44Z
TGT,2007-02-27,35.94,37.51,35.94,37.33,10738946,59.4,62,59.4,61.7,6496900,2026-02-14T03:46:44Z
TGT,2007-02-28,37.22,37.42,36.23,36.56,12897188,61.53,61.85,59.88,60.43,7802600,2026-02-14T03:46:44Z
TGT,2007-03-01,36.84,37.15,36.3,36.78,8832637,60.9,61.4,60,60.8,5343600,2026-02-14T03:46:44Z
TGT,2007-03-02,36.92,37.41,36.48,36.6,9422226,61.03,61.83,60.3,60.5,5700300,2026-02-14T03:46:44Z
TGT,2007-03-05,36.17,36.96,36.16,36.6,8094923,59.79,61.09,59.77,60.5,4897300,2026-02-14T03:46:44Z
TGT,2007-03-06,36.74,36.86,36.34,36.42,9161889,60.73,60.93,60.06,60.2,5542800,2026-02-14T03:46:44Z
TGT,2007-03-07,36.66,36.96,36.47,36.55,7056390,60.6,61.09,60.29,60.42,4269000,2026-02-14T03:46:44Z
TGT,2007-03-08,37.32,38.11,37.21,37.93,7467793,61.69,63,61.51,62.7,4517900,2026-02-14T03:46:44Z
TGT,2007-03-09,37.44,37.77,37.32,37.72,6808776,61.88,62.43,61.68,62.35,4119200,2026-02-14T03:46:44Z
TGT,2007-03-12,37.65,37.67,37.06,37.12,5529395,62.23,62.27,61.25,61.35,3345200,2026-02-14T03:46:44Z
TGT,2007-03-13,36.58,37.15,36.3,37.07,12203291,60.47,61.41,60,61.27,7382800,2026-02-14T03:46:44Z
TGT,2007-03-14,35.88,36.84,35.27,36.8,17775322,59.3,60.9,58.3,60.82,10753800,2026-02-14T03:46:44Z
TGT,2007-03-15,36.05,36.29,35.65,35.79,12861314,59.58,59.98,58.92,59.16,7780900,2026-02-14T03:46:44Z
TGT,2007-03-16,36.16,36.4,35.88,36.2,9133958,59.77,60.17,59.31,59.84,5525900,2026-02-14T03:46:44Z
TGT,2007-03-19,36.57,36.73,36.21,36.48,6303973,60.44,60.71,59.85,60.3,3813800,2026-02-14T03:46:44Z
TGT,2007-03-20,36.99,37.1,36.52,36.56,6151736,61.14,61.33,60.36,60.43,3721700,2026-02-14T03:46:44Z
TGT,2007-03-21,37.26,37.67,36.7,36.92,8570796,61.59,62.26,60.67,61.02,5185200,2026-02-14T03:46:44Z
TGT,2007-03-22,37.04,37.39,36.75,37.39,5034674,61.23,61.8,60.74,61.8,3045900,2026-02-14T03:46:44Z
TGT,2007-03-23,37.21,37.47,36.95,37.03,4507387,61.51,61.94,61.07,61.2,2726900,2026-02-14T03:46:44Z
TGT,2007-03-26,37.24,37.39,36.47,37.14,6006111,61.56,61.8,60.29,61.39,3633600,2026-02-14T03:46:44Z
TGT,2007-03-27,36.63,37.24,36.36,37.03,6867625,60.54,61.56,60.1,61.21,4154800,2026-02-14T03:46:44Z
TGT,2007-03-28,36.27,36.5,36.02,36.47,7442509,59.95,60.33,59.54,60.29,4502600,2026-02-14T03:46:44Z
TGT,2007-03-29,36.15,36.67,35.79,36.48,5763622,59.75,60.62,59.16,60.3,3486900,2026-02-14T03:46:44Z
TGT,2007-03-30,35.85,36.3,35.58,36.15,8334424,59.26,60,58.81,59.75,5042200,2026-02-14T03:46:44Z
TGT,2007-04-02,36.26,36.28,35.6,36,7556562,59.93,59.96,58.85,59.51,4571600,2026-02-14T03:46:44Z
TGT,2007-04-03,36.8,37.13,36.37,36.56,7508137,60.82,61.38,60.11,60.43,4542300,2026-02-14T03:46:44Z
TGT,2007-04-04,36.66,37.07,36.53,36.8,4175810,60.59,61.28,60.38,60.82,2526300,2026-02-14T03:46:44Z
TGT,2007-04-05,36.97,37.15,36.59,36.64,3120410,61.11,61.4,60.48,60.56,1887800,2026-02-14T03:46:44Z
TGT,2007-04-09,37.13,37.3,36.91,37.03,4553015,61.38,61.65,61.01,61.21,2754500,2026-02-14T03:46:44Z
TGT,2007-04-10,36.64,37.31,36.63,37.07,6609602,60.56,61.67,60.54,61.27,3998700,2026-02-14T03:46:44Z
TGT,2007-04-11,36.11,36.66,35.87,36.6,11056474,59.68,60.6,59.29,60.5,6689000,2026-02-14T03:46:44Z
TGT,2007-04-12,36.27,36.55,35.65,36.37,7167130,59.95,60.41,58.93,60.12,4336000,2026-02-14T03:46:44Z
TGT,2007-04-13,36.09,36.6,35.54,36.6,9480911,59.65,60.5,58.74,60.5,5735800,2026-02-14T03:46:44Z
TGT,2007-04-16,36.4,36.52,36.08,36.27,4452016,60.17,60.37,59.63,59.95,2693400,2026-02-14T03:46:44Z
TGT,2007-04-17,36.67,36.83,36.3,36.31,7926817,60.61,60.87,60,60.02,4795600,2026-02-14T03:46:44Z
TGT,2007-04-18,36.79,36.87,36.45,36.61,6640997,60.81,60.95,60.25,60.51,4017700,2026-02-14T03:46:44Z
TGT,2007-04-19,37.06,37.19,36.56,36.62,8846850,61.26,61.48,60.43,60.53,5352200,2026-02-14T03:46:44Z
TGT,2007-04-20,37.58,37.62,37.16,37.38,8347329,62.12,62.18,61.42,61.79,5050000,2026-02-14T03:46:44Z
TGT,2007-04-23,37.16,37.66,37.13,37.52,5996351,61.43,62.25,61.37,62.01,3627700,2026-02-14T03:46:44Z
TGT,2007-04-24,36.5,36.6,35.97,36.3,14878405,60.33,60.49,59.45,60,9001200,2026-02-14T03:46:44Z
TGT,2007-04-25,36.61,36.69,36.26,36.54,6889774,60.52,60.65,59.94,60.4,4168200,2026-02-14T03:46:44Z
TGT,2007-04-26,36.87,37.27,36.33,36.36,9090483,60.95,61.61,60.05,60.1,5499600,2026-02-14T03:46:44Z
TGT,2007-04-27,36.76,36.99,36.49,36.75,5292037,60.77,61.15,60.31,60.75,3201600,2026-02-14T03:46:44Z
TGT,2007-04-30,35.92,36.78,35.88,36.66,11456996,59.37,60.8,59.31,60.6,6931300,2026-02-14T03:46:44Z
TGT,2007-05-01,36.08,36.2,35.38,35.76,12517006,59.64,59.83,58.48,59.11,7572600,2026-02-14T03:46:44Z
TGT,2007-05-02,35.66,36.2,35.57,35.57,11163934,58.95,59.83,58.79,58.8,6754000,2026-02-14T03:46:44Z
TGT,2007-05-03,35.44,35.92,35.26,35.79,16389011,58.58,59.37,58.28,59.16,9915100,2026-02-14T03:46:44Z
TGT,2007-05-04,35.68,35.79,35.26,35.46,7851107,58.98,59.16,58.29,58.62,4749800,2026-02-14T03:46:44Z
TGT,2007-05-07,35.91,36.19,35.26,35.91,9439588,59.35,59.82,58.29,59.36,5710800,2026-02-14T03:46:44Z
TGT,2007-05-08,35.56,35.97,35.56,35.94,10440428,58.78,59.45,58.78,59.4,6316300,2026-02-14T03:46:44Z
TGT,2007-05-09,35.79,35.93,35.45,35.57,7371424,59.16,59.39,58.6,58.8,4459600,2026-02-14T03:46:44Z
TGT,2007-05-10,35.52,36.3,35.49,35.91,11893524,58.72,60,58.66,59.35,7195400,2026-02-14T03:46:44Z
TGT,2007-05-11,35.24,35.71,34.99,35.54,10545574,58.25,59.03,57.84,58.74,6379900,2026-02-14T03:46:44Z
TGT,2007-05-14,35.08,35.39,34.94,35.34,10326381,57.98,58.5,57.75,58.41,6247300,2026-02-14T03:46:44Z
TGT,2007-05-15,34.82,35.3,34.7,35.1,15853821,57.55,58.35,57.35,58.01,9591300,2026-02-14T03:46:44Z
TGT,2007-05-16,34.74,35.02,34.44,34.89,18759471,57.31,57.77,56.8,57.55,11372900,2026-02-14T03:46:44Z
TGT,2007-05-17,34.97,35.16,34.91,35.1,13990293,57.69,58,57.58,57.9,8481600,2026-02-14T03:46:44Z
TGT,2007-05-18,35.25,35.41,35.04,35.12,16324848,58.15,58.4,57.8,57.93,9896900,2026-02-14T03:46:44Z
TGT,2007-05-21,35.25,35.65,35.09,35.44,12198294,58.14,58.8,57.88,58.45,7395200,2026-02-14T03:46:44Z
TGT,2007-05-22,35.19,35.77,35.09,35.43,17832488,58.04,59,57.88,58.44,10810900,2026-02-14T03:46:44Z
TGT,2007-05-23,35.53,36.76,35.47,36.59,25517797,58.6,60.63,58.5,60.35,15470100,2026-02-14T03:46:44Z
TGT,2007-05-24,36.47,36.53,35.53,35.68,19610939,60.16,60.25,58.61,58.85,11889100,2026-02-14T03:46:44Z
TGT,2007-05-25,36.84,36.9,36.51,36.66,11917243,60.76,60.87,60.22,60.47,7224800,2026-02-14T03:46:44Z
TGT,2007-05-29,36.86,36.98,36.65,36.86,10952276,60.8,60.99,60.45,60.8,6639800,2026-02-14T03:46:44Z
TGT,2007-05-30,37.03,37.06,36.47,36.5,9089852,61.08,61.13,60.15,60.21,5510700,2026-02-14T03:46:44Z
TGT,2007-05-31,37.85,37.92,36.87,37.16,19541654,62.43,62.55,60.81,61.3,11847100,2026-02-14T03:46:44Z
TGT,2007-06-01,38.6,38.71,37.82,38.22,19703327,63.67,63.85,62.38,63.04,11945100,2026-02-14T03:46:44Z
TGT,2007-06-04,38.71,38.72,38.25,38.36,11320624,63.85,63.86,63.1,63.28,6863100,2026-02-14T03:46:44Z
TGT,2007-06-05,38.78,38.81,38.32,38.39,13691433,63.96,64.01,63.21,63.32,8300400,2026-02-14T03:46:44Z
TGT,2007-06-06,38.86,38.91,38.25,38.53,17315848,64.1,64.18,63.1,63.55,10497700,2026-02-14T03:46:44Z
TGT,2007-06-07,37.91,38.7,37.82,38.62,18213828,62.53,63.84,62.38,63.7,11042100,2026-02-14T03:46:44Z
TGT,2007-06-08,38.42,38.46,37.77,37.92,12213958,63.37,63.44,62.3,62.54,7404700,2026-02-14T03:46:44Z
TGT,2007-06-11,38.16,38.38,37.99,38.25,9237296,62.94,63.3,62.67,63.1,5600100,2026-02-14T03:46:44Z
TGT,2007-06-12,37.87,38.3,37.71,37.81,13811821,62.46,63.18,62.2,62.36,8373400,2026-02-14T03:46:44Z
TGT,2007-06-13,38.48,38.53,37.99,38.08,12654379,63.47,63.56,62.66,62.81,7671700,2026-02-14T03:46:44Z
TGT,2007-06-14,38.7,38.74,38.42,38.5,11808525,63.84,63.9,63.38,63.5,7158900,2026-02-14T03:46:44Z
TGT,2007-06-15,38.67,39.07,38.66,38.99,14111206,63.79,64.45,63.77,64.32,8554900,2026-02-14T03:46:44Z
TGT,2007-06-18,38.79,38.9,38.65,38.69,16601269,63.98,64.16,63.75,63.82,10064500,2026-02-14T03:46:44Z
TGT,2007-06-19,38.38,38.89,38.28,38.62,22670733,63.31,64.14,63.14,63.7,13744100,2026-02-14T03:46:44Z
TGT,2007-06-20,38.95,39.45,38.38,38.56,33444096,64.25,65.07,63.31,63.6,20275400,2026-02-14T03:46:44Z
TGT,2007-06-21,39.04,39.21,38.59,38.83,13429807,64.4,64.68,63.66,64.05,8141800,2026-02-14T03:46:44Z
TGT,2007-06-22,38.96,39.3,38.5,38.54,17345523,64.27,64.82,63.51,63.57,10515700,2026-02-14T03:46:44Z
TGT,2007-06-25,38.9,39.24,38.5,38.69,23095319,64.16,64.73,63.5,63.81,14001500,2026-02-14T03:46:44Z
TGT,2007-06-26,38.14,38.92,38.06,38.76,27093670,62.91,64.19,62.78,63.94,16425500,2026-02-14T03:46:44Z
TGT,2007-06-27,38.65,38.74,37.83,38.07,16596347,63.75,63.9,62.4,62.8,10061500,2026-02-14T03:46:44Z
TGT,2007-06-28,38.5,38.73,38.38,38.55,13178252,63.5,63.89,63.3,63.58,7989300,2026-02-14T03:46:44Z
TGT,2007-06-29,38.56,38.96,38.41,38.93,12107082,63.6,64.27,63.35,64.22,7339900,2026-02-14T03:46:44Z
TGT,2007-07-02,38.7,38.82,38.26,38.35,11063946,63.84,64.04,63.11,63.25,6707500,2026-02-14T03:46:44Z
TGT,2007-07-03,38.35,38.79,38.26,38.79,6562651,63.26,63.99,63.11,63.99,3978600,2026-02-14T03:46:44Z
TGT,2007-07-05,38.93,39.05,38.19,38.22,12812573,64.21,64.42,63,63.05,7767600,2026-02-14T03:46:44Z
TGT,2007-07-06,41.29,41.37,38.66,38.92,49784728,68.1,68.24,63.77,64.2,30181900,2026-02-14T03:46:44Z
TGT,2007-07-09,40.45,40.99,40.31,40.99,20084669,66.72,67.61,66.49,67.61,12176300,2026-02-14T03:46:44Z
TGT,2007-07-10,39.29,40.09,39.25,40.01,25512515,64.81,66.13,64.74,66,15466900,2026-02-14T03:46:44Z
TGT,2007-07-11,39.77,40.05,39.24,39.25,18252251,65.6,66.06,64.72,64.74,11065400,2026-02-14T03:46:44Z
TGT,2007-07-12,42.46,42.73,39.77,40.4,54078539,70.04,70.48,65.6,66.64,32785000,2026-02-14T03:46:44Z
TGT,2007-07-13,42.52,42.89,41.84,42.29,32225122,70.14,70.75,69.02,69.75,19536400,2026-02-14T03:46:44Z
TGT,2007-07-16,41.76,42.86,41.67,42.84,17352150,68.89,70.7,68.74,70.67,10519700,2026-02-14T03:46:44Z
TGT,2007-07-17,41.54,41.92,41.45,41.92,12896540,68.52,69.15,68.37,69.15,7818500,2026-02-14T03:46:44Z
TGT,2007-07-18,41.24,41.77,41.16,41.75,13639463,68.02,68.9,67.9,68.86,8268900,2026-02-14T03:46:44Z
TGT,2007-07-19,41.76,42.1,41.24,41.25,15382987,68.89,69.44,68.02,68.04,9325900,2026-02-14T03:46:44Z
TGT,2007-07-20,40.88,42.15,40.32,41.45,17026366,67.43,69.52,66.5,68.37,10322200,2026-02-14T03:46:44Z
TGT,2007-07-23,40.42,41.26,40.35,41.13,12105263,66.67,68.05,66.56,67.85,7338800,2026-02-14T03:46:44Z
TGT,2007-07-24,39.28,40.42,39.26,40.32,18146850,64.8,66.67,64.75,66.5,11001500,2026-02-14T03:46:44Z
TGT,2007-07-25,39.05,39.7,38.74,39.41,15916562,64.41,65.49,63.9,65,9649400,2026-02-14T03:46:44Z
TGT,2007-07-26,37.72,38.99,37.27,38.87,22738850,62.22,64.31,61.47,64.12,13785400,2026-02-14T03:46:44Z
TGT,2007-07-27,37.65,38.55,37.24,37.79,21897309,62.1,63.59,61.43,62.33,13275200,2026-02-14T03:46:44Z
TGT,2007-07-30,38.08,38.21,37.25,37.65,14479882,62.82,63.03,61.44,62.1,8778400,2026-02-14T03:46:44Z
TGT,2007-07-31,36.72,38.61,36.68,38.45,17361183,60.57,63.69,60.5,63.43,10525200,2026-02-14T03:46:44Z
TGT,2007-08-01,36.7,37.22,35.81,36.74,19066265,60.54,61.39,59.07,60.6,11558900,2026-02-14T03:46:44Z
TGT,2007-08-02,38.25,38.41,36.42,36.42,18603087,63.1,63.36,60.08,60.08,11278100,2026-02-14T03:46:44Z
TGT,2007-08-03,36.68,38.35,36.64,38.24,14042094,60.51,63.25,60.44,63.08,8513000,2026-02-14T03:46:44Z
TGT,2007-08-06,37.34,37.58,35.9,36.83,20384570,61.59,61.99,59.22,60.75,12358100,2026-02-14T03:46:44Z
TGT,2007-08-07,37.99,38.25,36.74,37.01,17976802,62.66,63.1,60.6,61.04,10898400,2026-02-14T03:46:44Z
TGT,2007-08-08,39.53,40.17,38,38.02,22676545,65.21,66.26,62.68,62.72,13747600,2026-02-14T03:46:44Z
TGT,2007-08-09,37.9,39.49,37.56,38.81,22894441,62.52,65.13,61.95,64.01,13879700,2026-02-14T03:46:44Z
TGT,2007-08-10,37.81,38.19,36.51,37.59,20186471,62.36,63,60.23,62.01,12238000,2026-02-14T03:46:44Z
TGT,2007-08-13,38.36,38.8,38.12,38.64,12061404,63.27,64,62.87,63.73,7312200,2026-02-14T03:46:44Z
TGT,2007-08-14,36.43,38.13,36.34,38.03,14985922,60.09,62.9,59.94,62.73,9085200,2026-02-14T03:46:44Z
TGT,2007-08-15,35.23,36.65,35.14,36.39,18289531,58.11,60.46,57.96,60.02,11088000,2026-02-14T03:46:44Z
TGT,2007-08-16,36.31,36.8,34.07,35.03,21197371,59.75,60.55,56.06,57.65,12881900,2026-02-14T03:46:44Z
TGT,2007-08-17,37.18,38.23,36.15,37.23,19321169,61.18,62.91,59.49,61.27,11741700,2026-02-14T03:46:44Z
TGT,2007-08-20,35.91,37.62,35.55,37.62,16608032,59.09,61.9,58.5,61.9,10092900,2026-02-14T03:46:44Z
TGT,2007-08-21,36.52,36.74,35.42,36.58,16079158,60.1,60.45,58.29,60.2,9771500,2026-02-14T03:46:44Z
TGT,2007-08-22,38.64,38.77,37.19,37.29,14241424,63.58,63.79,61.2,61.36,8654700,2026-02-14T03:46:44Z
TGT,2007-08-23,37.68,38.94,37.58,38.65,9387017,62.01,64.08,61.84,63.6,5704600,2026-02-14T03:46:44Z
TGT,2007-08-24,38.34,38.36,37.33,37.92,6824440,63.09,63.12,61.42,62.39,4147300,2026-02-14T03:46:44Z
TGT,2007-08-27,37.83,38.36,37.7,38.12,5977991,62.25,63.12,62.03,62.72,3632900,2026-02-14T03:46:44Z
TGT,2007-08-28,37.15,38.09,36.97,37.68,15640603,61.13,62.67,60.83,62,9505000,2026-02-14T03:46:44Z
TGT,2007-08-29,38.85,38.98,37.2,37.33,9790499,63.93,64.14,61.22,61.42,5949800,2026-02-14T03:46:44Z
TGT,2007-08-30,38.78,39.2,38.25,38.32,12693020,63.81,64.5,62.94,63.06,7713700,2026-02-14T03:46:44Z
TGT,2007-08-31,40.07,40.41,39.14,39.34,12864136,65.93,66.49,64.4,64.73,7817700,2026-02-14T03:46:44Z
TGT,2007-09-04,39.04,39.85,38.95,39.84,8668419,64.24,65.57,64.1,65.56,5267900,2026-02-14T03:46:44Z
TGT,2007-09-05,37.61,38.86,37.39,38.62,12837172,61.88,63.95,61.53,63.55,7801300,2026-02-14T03:46:44Z
TGT,2007-09-06,38.52,39.11,38.03,38.64,10706541,63.39,64.36,62.58,63.58,6506500,2026-02-14T03:46:44Z
TGT,2007-09-07,37.07,38.13,36.82,37.93,17417594,61,62.74,60.59,62.41,10584900,2026-02-14T03:46:44Z
TGT,2007-09-10,36.74,37.54,36.31,37.48,9654406,60.45,61.77,59.75,61.68,5867100,2026-02-14T03:46:44Z
TGT,2007-09-11,37.56,37.68,36.85,36.85,8845144,61.8,62,60.63,60.63,5375300,2026-02-14T03:46:44Z
TGT,2007-09-12,38.12,38.47,37,37.39,12594287,62.72,63.3,60.89,61.52,7653700,2026-02-14T03:46:44Z
TGT,2007-09-13,39.15,39.4,38.71,39,16380129,64.42,64.83,63.69,64.18,9954400,2026-02-14T03:46:44Z
TGT,2007-09-14,39.2,39.42,38.48,38.64,9011999,64.51,64.87,63.32,63.58,5476700,2026-02-14T03:46:44Z
TGT,2007-09-17,38.53,39.09,38.52,38.98,6461616,63.41,64.33,63.39,64.14,3926800,2026-02-14T03:46:44Z
TGT,2007-09-18,40.89,40.94,38.66,38.88,13351212,67.28,67.37,63.62,63.97,8113700,2026-02-14T03:46:44Z
TGT,2007-09-19,40.22,41.5,40.1,41.02,13584717,66.18,68.29,65.98,67.5,8255600,2026-02-14T03:46:44Z
TGT,2007-09-20,39.86,40.21,39.41,40.15,9087206,65.59,66.17,64.85,66.06,5522400,2026-02-14T03:46:44Z
TGT,2007-09-21,39.9,40.31,39.74,40.22,14760443,65.65,66.33,65.4,66.19,8970100,2026-02-14T03:46:44Z
TGT,2007-09-24,39.08,39.94,38.83,39.87,13853594,64.3,65.72,63.89,65.6,8419000,2026-02-14T03:46:44Z
TGT,2007-09-25,37.28,37.81,37.07,37.07,27472172,61.35,62.22,61,61,16695200,2026-02-14T03:46:44Z
TGT,2007-09-26,37.99,38.11,37.39,37.58,14994429,62.51,62.71,61.52,61.84,9112300,2026-02-14T03:46:44Z
TGT,2007-09-27,37.5,38.13,37.49,37.98,12034625,61.7,62.75,61.69,62.5,7313600,2026-02-14T03:46:44Z
TGT,2007-09-28,38.63,38.81,37.98,38.25,14152080,63.57,63.86,62.5,62.94,8600400,2026-02-14T03:46:44Z
TGT,2007-10-01,39.5,39.57,38.65,38.76,10489014,64.99,65.11,63.6,63.78,6374300,2026-02-14T03:46:44Z
TGT,2007-10-02,39.7,39.7,39.17,39.62,6612004,65.32,65.32,64.45,65.2,4018200,2026-02-14T03:46:44Z
TGT,2007-10-03,39.94,40.4,39.3,39.43,8876723,65.72,66.47,64.66,64.89,5394500,2026-02-14T03:46:44Z
TGT,2007-10-04,39.62,40.16,39.49,40.11,4800293,65.19,66.08,64.98,66,2917200,2026-02-14T03:46:44Z
TGT,2007-10-05,41.06,41.63,39.67,39.92,12725929,67.57,68.5,65.28,65.69,7733700,2026-02-14T03:46:44Z
TGT,2007-10-08,40.3,40.93,40.14,40.93,5348583,66.31,67.35,66.05,67.35,3250400,2026-02-14T03:46:44Z
TGT,2007-10-09,39.96,40.46,39.49,40.36,8244193,65.75,66.58,64.99,66.41,5010100,2026-02-14T03:46:44Z
TGT,2007-10-10,39.97,40.22,39.35,39.35,12540484,65.77,66.18,64.75,64.76,7621000,2026-02-14T03:46:44Z
TGT,2007-10-11,39.27,40.6,39.06,39.2,16835584,64.62,66.81,64.28,64.5,10231200,2026-02-14T03:46:44Z
TGT,2007-10-12,39,39.56,38.78,39.5,8383243,64.17,65.1,63.81,65,5094600,2026-02-14T03:46:44Z
TGT,2007-10-15,38.68,39.11,38.21,38.99,12006006,63.65,64.35,62.88,64.15,7296200,2026-02-14T03:46:44Z
TGT,2007-10-16,38.69,38.89,38.18,38.66,9020707,63.66,64,62.83,63.62,5482000,2026-02-14T03:46:44Z
TGT,2007-10-17,38.54,39.19,38.04,39.08,12577008,63.42,64.48,62.6,64.3,7643200,2026-02-14T03:46:44Z
TGT,2007-10-18,38.08,38.33,37.98,38.24,10373810,62.66,63.08,62.5,62.92,6304300,2026-02-14T03:46:44Z
TGT,2007-10-19,36.93,38.32,36.86,37.91,16228228,60.77,63.06,60.65,62.38,9862100,2026-02-14T03:46:44Z
TGT,2007-10-22,37.4,37.65,36.46,36.77,12936545,61.55,61.96,60,60.5,7861700,2026-02-14T03:46:44Z
TGT,2007-10-23,37.29,37.91,36.49,37.5,13778404,61.36,62.38,60.04,61.7,8373300,2026-02-14T03:46:44Z
TGT,2007-10-24,37.5,37.62,36.67,37.04,14396102,61.7,61.91,60.35,60.95,8748700,2026-02-14T03:46:44Z
TGT,2007-10-25,37.87,38.41,37.23,37.68,14669588,62.31,63.2,61.26,62,8914900,2026-02-14T03:46:44Z
TGT,2007-10-26,38.3,38.35,37.55,38.28,10340914,63.03,63.11,61.79,62.99,6284300,2026-02-14T03:46:44Z
TGT,2007-10-29,37.98,38.81,37.86,38.36,13389903,62.49,63.86,62.3,63.12,8137200,2026-02-14T03:46:44Z
TGT,2007-10-30,38.19,38.43,38.01,38.23,9631864,62.85,63.24,62.54,62.9,5853400,2026-02-14T03:46:44Z
TGT,2007-10-31,37.29,38.26,36.67,38.2,20729396,61.36,62.95,60.35,62.85,12597500,2026-02-14T03:46:44Z
TGT,2007-11-01,35.53,36.94,35.41,36.94,24242088,58.47,60.79,58.27,60.79,14732200,2026-02-14T03:46:44Z
TGT,2007-11-02,36.06,36.2,34.82,35.64,20844058,59.33,59.57,57.29,58.65,12667200,2026-02-14T03:46:44Z
TGT,2007-11-05,35.19,35.76,34.94,35.62,17433423,57.91,58.85,57.5,58.62,10594500,2026-02-14T03:46:44Z
TGT,2007-11-06,35.82,35.82,34.8,35.22,22849768,58.94,58.94,57.26,57.96,13886100,2026-02-14T03:46:44Z
TGT,2007-11-07,35.75,36.49,35.2,35.33,18076169,58.82,60.04,57.92,58.13,10985100,2026-02-14T03:46:44Z
TGT,2007-11-08,35.67,36.85,34.8,36.4,17584644,58.7,60.64,57.26,59.9,10686400,2026-02-14T03:46:44Z
TGT,2007-11-09,34.15,35.25,33.78,35.24,21097782,56.19,58,55.59,57.99,12821400,2026-02-14T03:46:44Z
TGT,2007-11-12,34.41,35.19,34.03,34.03,16461383,56.63,57.9,55.99,56,10003800,2026-02-14T03:46:44Z
TGT,2007-11-13,36.22,36.24,35.17,35.37,15102685,59.6,59.63,57.88,58.2,9178100,2026-02-14T03:46:44Z
TGT,2007-11-14,34.5,36.32,34.34,36.12,18223438,56.77,59.76,56.5,59.44,11074600,2026-02-14T03:46:44Z
TGT,2007-11-15,33.42,34.34,33.19,34.29,20564651,55,56.5,54.62,56.42,12497400,2026-02-14T03:46:44Z
TGT,2007-11-16,32.83,33.44,32.43,33.42,22389997,53.88,54.89,53.23,54.86,13641400,2026-02-14T03:46:44Z
TGT,2007-11-19,32.84,33.02,32.24,32.9,14813789,53.9,54.2,52.91,54,9025500,2026-02-14T03:46:44Z
TGT,2007-11-20,31.49,33,30.62,31.77,44122823,51.69,54.17,50.25,52.14,26882400,2026-02-14T03:46:44Z
TGT,2007-11-21,32.96,33.24,31.05,31.23,40053341,54.1,54.56,50.97,51.25,24403000,2026-02-14T03:46:44Z
TGT,2007-11-23,34.83,34.83,32.88,32.89,22290842,57.17,57.17,53.97,53.98,13581000,2026-02-14T03:46:44Z
TGT,2007-11-26,33.64,34.97,33.51,34.82,21566550,55.22,57.39,55,57.15,13139700,2026-02-14T03:46:44Z
TGT,2007-11-27,34.73,34.75,33.69,33.86,22259182,57,57.03,55.29,55.58,13561700,2026-02-14T03:46:44Z
TGT,2007-11-28,36.3,36.62,34.73,34.82,27587914,59.58,60.11,57.01,57.15,16808300,2026-02-14T03:46:44Z
TGT,2007-11-29,36.21,36.54,35.48,35.95,16337112,59.44,59.98,58.23,59,9953600,2026-02-14T03:46:44Z
TGT,2007-11-30,36.54,37.17,36.4,36.95,19862360,59.97,61,59.75,60.64,12101400,2026-02-14T03:46:44Z
TGT,2007-12-03,36.26,36.74,36.14,36.56,12078866,59.52,60.3,59.32,60,7359200,2026-02-14T03:46:44Z
TGT,2007-12-04,36.21,36.64,35.66,35.98,26633654,59.43,60.14,58.53,59.05,16226900,2026-02-14T03:46:44Z
TGT,2007-12-05,36.64,36.85,36.06,36.47,11567085,60.13,60.49,59.18,59.86,7047400,2026-02-14T03:46:44Z
TGT,2007-12-06,33.86,35,33.61,34.09,36477784,55.57,57.44,55.17,55.95,22224600,2026-02-14T03:46:44Z
TGT,2007-12-07,33.82,34.3,33.39,33.88,14478962,55.51,56.29,54.8,55.6,8821500,2026-02-14T03:46:44Z
TGT,2007-12-10,33.88,34.12,33.3,33.99,11913910,55.6,56,54.65,55.78,7258700,2026-02-14T03:46:44Z
TGT,2007-12-11,32.32,34,32.1,34,24816056,53.04,55.8,52.69,55.8,15119500,2026-02-14T03:46:44Z
TGT,2007-12-12,32.4,33.08,32.03,33.05,21858708,53.18,54.3,52.57,54.25,13317700,2026-02-14T03:46:44Z
TGT,2007-12-13,31.99,32.88,31.32,32.3,18170811,52.5,53.97,51.4,53.02,11070800,2026-02-14T03:46:44Z
TGT,2007-12-14,31.41,31.95,31.38,31.94,12615897,51.56,52.44,51.5,52.43,7686400,2026-02-14T03:46:44Z
TGT,2007-12-17,31.63,32.05,31.07,31.34,24928176,51.92,52.6,50.99,51.44,15187800,2026-02-14T03:46:44Z
TGT,2007-12-18,32.3,32.53,31.33,31.93,23581955,53.01,53.4,51.42,52.4,14367600,2026-02-14T03:46:44Z
TGT,2007-12-19,31.42,32.44,31.39,32.26,19753696,51.57,53.24,51.52,52.95,12035200,2026-02-14T03:46:44Z
TGT,2007-12-20,30.59,31.71,29.76,31.71,30525399,50.21,52.05,48.85,52.05,18598000,2026-02-14T03:46:44Z
TGT,2007-12-21,30.88,31.3,30.39,30.82,19716246,50.68,51.38,49.88,50.58,12012400,2026-02-14T03:46:44Z
TGT,2007-12-24,31.97,32.13,30.91,31.09,9902957,52.47,52.73,50.73,51.02,6033500,2026-02-14T03:46:44Z
TGT,2007-12-26,31.17,31.51,30.71,31.05,15956653,51.16,51.72,50.41,50.97,9721800,2026-02-14T03:46:44Z
TGT,2007-12-27,30.85,31.34,30.79,31.07,14503742,50.64,51.44,50.54,51,8836600,2026-02-14T03:46:44Z
TGT,2007-12-28,30.91,31.46,30.88,31.16,12140080,50.74,51.64,50.69,51.15,7396500,2026-02-14T03:46:44Z
TGT,2007-12-31,30.46,31.02,30.37,30.92,16218256,50,50.91,49.85,50.75,9881200,2026-02-14T03:46:44Z
TGT,2008-01-02,30.16,30.66,29.86,30.49,18183286,49.51,50.32,49.01,50.05,11078400,2026-02-14T03:46:44Z
TGT,2008-01-03,30.2,30.73,30.04,30.21,20271683,49.57,50.43,49.3,49.58,12350800,2026-02-14T03:46:44Z
TGT,2008-01-04,29.29,30.01,29.03,29.88,25445631,48.08,49.25,47.65,49.05,15503100,2026-02-14T03:46:44Z
TGT,2008-01-07,29.85,30.07,28.79,29.42,19880082,48.99,49.36,47.25,48.28,12112200,2026-02-14T03:46:44Z
TGT,2008-01-08,29.82,30.82,29.68,30.05,24968055,48.95,50.59,48.72,49.32,15212100,2026-02-14T03:46:44Z
TGT,2008-01-09,30.41,30.46,29.18,29.92,21381084,49.92,49.99,47.89,49.11,13026700,2026-02-14T03:46:44Z
TGT,2008-01-10,31.41,31.98,29.76,30.09,30779162,51.55,52.49,48.85,49.38,18752600,2026-02-14T03:46:44Z
TGT,2008-01-11,30.43,31.18,30.16,31.18,26169640,49.95,51.18,49.5,51.18,15944200,2026-02-14T03:46:44Z
TGT,2008-01-14,30.76,30.79,30.16,30.62,15807125,50.49,50.53,49.5,50.25,9630700,2026-02-14T03:46:44Z
TGT,2008-01-15,30.38,30.65,30.03,30.44,21358388,49.87,50.3,49.29,49.96,13012900,2026-02-14T03:46:44Z
TGT,2008-01-16,30.57,30.93,29.93,30.18,26007666,50.18,50.77,49.12,49.54,15845500,2026-02-14T03:46:44Z
TGT,2008-01-17,30.43,30.89,30.32,30.85,21777782,49.94,50.7,49.77,50.63,13268400,2026-02-14T03:46:44Z
TGT,2008-01-18,30.52,31.18,30.41,30.7,31603897,50.1,51.18,49.91,50.39,19255100,2026-02-14T03:46:44Z
TGT,2008-01-22,32.8,32.91,28.64,28.64,45401942,53.83,54.02,47.01,47.01,27661700,2026-02-14T03:46:44Z
TGT,2008-01-23,33.14,34.22,32.11,32.26,41920668,54.39,56.17,52.7,52.95,25540700,2026-02-14T03:46:44Z
TGT,2008-01-24,32.3,33.1,31.73,32.94,28044400,53.01,54.33,52.08,54.07,17086400,2026-02-14T03:46:44Z
TGT,2008-01-25,31.44,32.67,31.3,32.49,18473942,51.6,53.63,51.38,53.33,11255500,2026-02-14T03:46:44Z
TGT,2008-01-28,32.58,32.6,31.22,31.42,17797236,53.47,53.51,51.24,51.57,10843200,2026-02-14T03:46:44Z
TGT,2008-01-29,32.17,32.84,31.82,32.83,18744112,52.8,53.9,52.22,53.89,11420100,2026-02-14T03:46:44Z
TGT,2008-01-30,31.91,32.64,31.69,32.1,17441070,52.38,53.57,52.01,52.68,10626200,2026-02-14T03:46:44Z
TGT,2008-01-31,33.77,34.31,31.38,31.47,32427825,55.42,56.31,51.5,51.65,19757100,2026-02-14T03:46:44Z
TGT,2008-02-01,34.76,34.84,33.41,33.72,21936803,57.05,57.19,54.84,55.35,13365300,2026-02-14T03:46:44Z
TGT,2008-02-04,32.93,34.92,32.93,34.83,16900729,54.05,57.32,54.05,57.17,10297000,2026-02-14T03:46:44Z
TGT,2008-02-05,32.14,33.21,32.14,32.71,17914444,52.75,54.5,52.75,53.68,10914600,2026-02-14T03:46:44Z
TGT,2008-02-06,31.07,32.48,30.92,32.3,23310304,51,53.31,50.75,53.01,14202100,2026-02-14T03:46:44Z
TGT,2008-02-07,32.96,33.29,30.79,30.99,31872138,54.1,54.64,50.53,50.87,19418500,2026-02-14T03:46:44Z
TGT,2008-02-08,31.99,33.05,31.68,32.72,17139071,52.5,54.24,52,53.7,10442200,2026-02-14T03:46:44Z
TGT,2008-02-11,33.02,33.08,31.64,32.04,12345229,54.19,54.3,51.93,52.59,7521500,2026-02-14T03:46:44Z
TGT,2008-02-12,32.85,33.42,32.63,33.15,12821543,53.91,54.85,53.55,54.41,7811700,2026-02-14T03:46:44Z
TGT,2008-02-13,33.21,33.33,32.66,33.07,11538868,54.51,54.71,53.61,54.28,7030200,2026-02-14T03:46:44Z
TGT,2008-02-14,32.38,33.28,32.24,33.28,10497283,53.14,54.63,52.91,54.63,6395600,2026-02-14T03:46:44Z
TGT,2008-02-15,32.42,32.46,31.92,32.32,12847527,53.07,53.13,52.25,52.9,7848200,2026-02-14T03:46:44Z
TGT,2008-02-19,31.9,33.01,31.7,32.81,12529441,52.22,54.03,51.9,53.71,7653900,2026-02-14T03:46:44Z
TGT,2008-02-20,32.62,32.91,31.61,31.71,14917674,53.4,53.87,51.75,51.91,9112800,2026-02-14T03:46:44Z
TGT,2008-02-21,31.37,32.62,31.15,32.19,22879251,51.36,53.4,51,52.7,13976300,2026-02-14T03:46:44Z
TGT,2008-02-22,31.81,31.85,30.94,31.44,25483738,52.07,52.13,50.65,51.47,15567300,2026-02-14T03:46:44Z
TGT,2008-02-25,32.53,32.66,31.41,31.41,19915096,53.25,53.46,51.42,51.42,12165600,2026-02-14T03:46:44Z
TGT,2008-02-26,33.53,33.89,32.31,32.31,24188183,54.89,55.48,52.89,52.89,14775900,2026-02-14T03:46:44Z
TGT,2008-02-27,33.49,33.62,33.05,33.26,17396613,54.83,55.03,54.1,54.45,10627100,2026-02-14T03:46:44Z
TGT,2008-02-28,32.88,33.34,32.57,33.31,12540734,53.82,54.58,53.31,54.53,7660800,2026-02-14T03:46:44Z
TGT,2008-02-29,32.14,33.17,31.98,32.58,13288044,52.61,54.3,52.35,53.33,8117300,2026-02-14T03:46:44Z
TGT,2008-03-03,32.32,32.58,31.7,32.03,11355384,52.91,53.33,51.9,52.43,6936700,2026-02-14T03:46:44Z
TGT,2008-03-04,32.41,32.53,31.86,31.96,13288532,53.06,53.25,52.16,52.32,8117600,2026-02-14T03:46:44Z
TGT,2008-03-05,32.25,32.74,31.95,32.38,20309945,52.8,53.59,52.3,53,12406800,2026-02-14T03:46:44Z
TGT,2008-03-06,31.93,32.5,31.76,32.16,16855238,52.27,53.2,51.99,52.64,10296400,2026-02-14T03:46:44Z
TGT,2008-03-07,31.77,32.47,31.56,31.7,17176726,52,53.15,51.67,51.89,10492800,2026-02-14T03:46:44Z
TGT,2008-03-10,31.3,32.07,31.23,31.86,14630711,51.23,52.5,51.12,52.15,8937500,2026-02-14T03:46:44Z
TGT,2008-03-11,31.51,32.04,30.54,31.94,31695980,51.58,52.45,50,52.28,19362200,2026-02-14T03:46:44Z
TGT,2008-03-12,31.21,31.95,31.12,31.52,18432966,51.09,52.3,50.94,51.59,11260200,2026-02-14T03:46:44Z
TGT,2008-03-13,30.89,31.15,30.24,31,28558344,50.56,51,49.51,50.74,17445500,2026-02-14T03:46:44Z
TGT,2008-03-14,30.44,31.31,29.98,31.17,18987581,49.83,51.25,49.08,51.02,11599000,2026-02-14T03:46:44Z
TGT,2008-03-17,29.63,30.34,29.15,29.76,25283193,48.5,49.66,47.71,48.71,15444800,2026-02-14T03:46:44Z
TGT,2008-03-18,31.15,31.26,30.09,30.13,21772949,50.99,51.17,49.26,49.33,13300500,2026-02-14T03:46:44Z
TGT,2008-03-19,30.63,31.89,30.57,31.36,21228614,50.14,52.21,50.04,51.34,12968000,2026-02-14T03:46:44Z
TGT,2008-03-20,31.98,32.19,30.63,30.73,18752835,52.35,52.69,50.14,50.3,11455600,2026-02-14T03:46:44Z
TGT,2008-03-24,32.77,33.01,31.81,31.98,13768831,53.64,54.04,52.08,52.35,8411000,2026-02-14T03:46:44Z
TGT,2008-03-25,32.65,32.9,32.38,32.73,14497144,53.44,53.85,53,53.58,8855900,2026-02-14T03:46:44Z
TGT,2008-03-26,32.03,32.58,31.72,32.42,19669210,52.43,53.34,51.92,53.07,12015400,2026-02-14T03:46:44Z
TGT,2008-03-27,31.14,32.38,31.01,32.08,19738639,50.98,53,50.77,52.52,12057800,2026-02-14T03:46:44Z
TGT,2008-03-28,30.35,30.86,30.23,30.57,21887349,49.69,50.52,49.49,50.05,13370400,2026-02-14T03:46:44Z
TGT,2008-03-31,30.96,31.19,30.07,30.4,20415237,50.68,51.05,49.22,49.76,12471100,2026-02-14T03:46:44Z
TGT,2008-04-01,32.54,32.63,31.19,31.19,17862308,53.27,53.42,51.06,51.06,10911600,2026-02-14T03:46:44Z
TGT,2008-04-02,32.65,33.07,32.27,32.52,18905929,53.45,54.14,52.83,53.23,11549100,2026-02-14T03:46:44Z
TGT,2008-04-03,32.53,32.65,32.07,32.44,9256585,53.25,53.44,52.5,53.11,5654600,2026-02-14T03:46:44Z
TGT,2008-04-04,32.17,32.62,32.05,32.11,11462767,52.67,53.4,52.46,52.56,7002300,2026-02-14T03:46:44Z
TGT,2008-04-07,32.24,32.51,32.07,32.47,9833979,52.77,53.22,52.5,53.16,6007300,2026-02-14T03:46:44Z
TGT,2008-04-08,32.54,32.65,31.71,32.07,12199424,53.26,53.45,51.91,52.5,7452300,2026-02-14T03:46:44Z
TGT,2008-04-09,31.97,32.55,31.64,32.44,13414242,52.34,53.28,51.79,53.1,8194400,2026-02-14T03:46:44Z
TGT,2008-04-10,32.47,32.8,31.79,32.05,18952717,53.16,53.7,52.04,52.47,11577700,2026-02-14T03:46:44Z
TGT,2008-04-11,31.75,32.35,31.6,32.02,13896045,51.97,52.96,51.73,52.42,8488700,2026-02-14T03:46:44Z
TGT,2008-04-14,31.74,31.95,31.64,31.78,9210770,51.96,52.3,51.79,52.03,5626600,2026-02-14T03:46:44Z
TGT,2008-04-15,32.1,32.13,31.6,31.94,13159555,52.54,52.6,51.73,52.28,8038800,2026-02-14T03:46:44Z
TGT,2008-04-16,32.76,32.78,32.16,32.33,10617760,53.63,53.67,52.64,52.93,6486100,2026-02-14T03:46:44Z
TGT,2008-04-17,32.63,32.79,32.31,32.58,8898747,53.41,53.68,52.89,53.33,5436000,2026-02-14T03:46:44Z
TGT,2008-04-18,33.35,33.66,32.94,32.94,15535338,54.6,55.1,53.92,53.92,9490100,2026-02-14T03:46:44Z
TGT,2008-04-21,33.32,33.44,33.01,33.29,13439462,54.55,54.74,54.03,54.5,8209800,2026-02-14T03:46:44Z
TGT,2008-04-22,32.15,33.1,31.87,33.06,21203127,52.63,54.18,52.17,54.12,12952400,2026-02-14T03:46:44Z
TGT,2008-04-23,32,32.25,31.64,32.15,25271068,52.38,52.8,51.8,52.63,15437400,2026-02-14T03:46:44Z
TGT,2008-04-24,32.32,32.96,31.98,31.98,19183355,52.9,53.96,52.35,52.35,11718600,2026-02-14T03:46:44Z
TGT,2008-04-25,32.97,33.03,32.3,32.41,18576542,53.98,54.07,52.87,53.05,11347900,2026-02-14T03:46:44Z
TGT,2008-04-28,32.95,33.29,32.72,33.29,10277255,53.94,54.49,53.56,54.49,6278100,2026-02-14T03:46:44Z
TGT,2008-04-29,33.05,33.28,32.76,32.95,15375386,54.1,54.48,53.63,53.94,9392400,2026-02-14T03:46:44Z
TGT,2008-04-30,32.46,33.22,32.27,33,15250298,53.13,54.38,52.82,54.02,9316000,2026-02-14T03:46:44Z
TGT,2008-05-01,33.13,33.48,32.17,32.35,16477100,54.24,54.81,52.67,52.96,10065400,2026-02-14T03:46:44Z
TGT,2008-05-02,32.93,33.6,32.93,33.39,14513683,53.91,55,53.91,54.66,8866000,2026-02-14T03:46:44Z
TGT,2008-05-05,32.49,33.05,32.44,32.83,15954725,53.19,54.11,53.1,53.75,9746300,2026-02-14T03:46:44Z
TGT,2008-05-06,32.65,32.77,32.24,32.53,13677987,53.44,53.64,52.78,53.25,8355500,2026-02-14T03:46:44Z
TGT,2008-05-07,32.65,33.17,32.42,32.47,17487295,53.44,54.3,53.07,53.15,10682500,2026-02-14T03:46:44Z
TGT,2008-05-08,31.97,32.77,31.37,32.68,25013212,52.34,53.65,51.35,53.5,15279900,2026-02-14T03:46:44Z
TGT,2008-05-09,31.91,32.28,31.65,31.92,10792261,52.24,52.84,51.81,52.25,6592700,2026-02-14T03:46:44Z
TGT,2008-05-12,32.67,32.74,31.99,31.99,12405520,53.48,53.6,52.37,52.37,7578200,2026-02-14T03:46:44Z
TGT,2008-05-13,32.53,32.85,32.26,32.67,8555293,53.25,53.78,52.81,53.48,5226200,2026-02-14T03:46:44Z
TGT,2008-05-14,32.9,33.15,32.53,32.81,10605316,53.85,54.27,53.25,53.71,6478500,2026-02-14T03:46:44Z
TGT,2008-05-15,33.66,33.68,32.52,32.85,14238475,55.1,55.14,53.24,53.77,8697900,2026-02-14T03:46:44Z
TGT,2008-05-16,33.61,33.72,33.33,33.67,16825298,54.88,55.06,54.42,54.98,10304300,2026-02-14T03:46:44Z
TGT,2008-05-19,33.63,34.12,33.17,33.22,15534371,54.92,55.72,54.17,54.24,9513700,2026-02-14T03:46:44Z
TGT,2008-05-20,33.25,34.06,33.12,33.43,22368779,54.29,55.61,54.08,54.59,13699300,2026-02-14T03:46:44Z
TGT,2008-05-21,32.38,33.37,32.31,33.22,13861370,52.87,54.48,52.75,54.24,8489100,2026-02-14T03:46:44Z
TGT,2008-05-22,32.46,32.76,32.02,32.37,12713496,53.01,53.49,52.29,52.85,7786100,2026-02-14T03:46:44Z
TGT,2008-05-23,31.87,32.43,31.62,32.25,12007761,52.04,52.95,51.63,52.66,7353900,2026-02-14T03:46:44Z
TGT,2008-05-27,31.94,32.66,31.64,31.83,15238488,52.15,53.33,51.67,51.97,9332500,2026-02-14T03:46:44Z
TGT,2008-05-28,32.04,32.31,31.74,31.91,19101143,52.32,52.75,51.82,52.11,11698100,2026-02-14T03:46:44Z
TGT,2008-05-29,32.92,33.1,31.94,32.05,14888120,53.75,54.05,52.15,52.33,9117900,2026-02-14T03:46:44Z
TGT,2008-05-30,32.68,33.07,32.62,32.98,10454766,53.36,54,53.26,53.85,6402800,2026-02-14T03:46:44Z
TGT,2008-06-02,32.35,32.85,31.92,32.79,10736427,52.82,53.64,52.12,53.54,6575300,2026-02-14T03:46:44Z
TGT,2008-06-03,33.68,33.72,32.21,32.31,38036236,55,55.06,52.59,52.75,23294500,2026-02-14T03:46:44Z
TGT,2008-06-04,33.19,33.64,33.05,33.64,19346925,54.2,54.92,53.96,54.92,11848600,2026-02-14T03:46:44Z
TGT,2008-06-05,33.46,33.68,32.8,33.13,18669754,54.63,55,53.55,54.1,11433900,2026-02-14T03:46:44Z
TGT,2008-06-06,32.16,33.21,32.09,33.01,20988701,52.52,54.23,52.4,53.9,12854100,2026-02-14T03:46:44Z
TGT,2008-06-09,32.12,32.69,31.8,32.18,15056277,52.45,53.37,51.92,52.54,9220900,2026-02-14T03:46:44Z
TGT,2008-06-10,32.58,32.75,31.71,31.87,15201271,53.19,53.47,51.77,52.03,9309700,2026-02-14T03:46:44Z
TGT,2008-06-11,31.61,32.51,31.57,32.33,15273472,51.61,53.08,51.54,52.79,9353900,2026-02-14T03:46:44Z
TGT,2008-06-12,31.97,32.4,31.61,31.83,14397106,52.21,52.9,51.61,51.97,8817200,2026-02-14T03:46:44Z
TGT,2008-06-13,32.79,32.79,32.1,32.26,15428587,53.54,53.54,52.42,52.67,9448900,2026-02-14T03:46:44Z
TGT,2008-06-16,32.51,32.64,32.16,32.64,10621657,53.09,53.29,52.51,53.29,6505000,2026-02-14T03:46:44Z
TGT,2008-06-17,32.12,32.72,32.01,32.62,10716835,52.45,53.43,52.27,53.26,6563300,2026-02-14T03:46:44Z
TGT,2008-06-18,31.14,32.09,31.03,32.09,17752268,50.85,52.4,50.67,52.4,10872000,2026-02-14T03:46:44Z
TGT,2008-06-19,31.72,31.89,31.11,31.15,16102938,51.8,52.07,50.8,50.86,9861900,2026-02-14T03:46:44Z
TGT,2008-06-20,30.61,31.68,30.58,31.45,24647429,49.98,51.72,49.93,51.35,15094800,2026-02-14T03:46:44Z
TGT,2008-06-23,29.85,30.82,29.63,30.73,25492088,48.74,50.33,48.38,50.17,15612100,2026-02-14T03:46:44Z
TGT,2008-06-24,30.11,30.51,29.24,29.68,23191611,49.17,49.82,47.74,48.46,14203200,2026-02-14T03:46:44Z
TGT,2008-06-25,30.55,30.94,30,30.03,20523561,49.88,50.52,48.98,49.04,12569200,2026-02-14T03:46:44Z
TGT,2008-06-26,29.18,30.29,29.15,30.19,21101396,47.64,49.46,47.59,49.3,12923100,2026-02-14T03:46:44Z
TGT,2008-06-27,29.32,29.51,28.82,29.15,19757538,47.87,48.19,47.06,47.6,12100100,2026-02-14T03:46:44Z
TGT,2008-06-30,28.47,29.73,28.38,29.31,20187500,46.49,48.54,46.34,47.85,12363400,2026-02-14T03:46:44Z
TGT,2008-07-01,29.11,29.15,27.88,28.14,21513550,47.53,47.6,45.52,45.95,13175500,2026-02-14T03:46:44Z
TGT,2008-07-02,28.59,29.52,28.53,29.27,19208763,46.69,48.2,46.58,47.8,11764000,2026-02-14T03:46:44Z
TGT,2008-07-03,28.72,29.19,28.3,28.89,8413226,46.9,47.66,46.21,47.17,5152500,2026-02-14T03:46:44Z
TGT,2008-07-07,28.89,29.55,28.4,29.11,17489522,47.17,48.25,46.37,47.53,10711100,2026-02-14T03:46:44Z
TGT,2008-07-08,29.81,29.82,28.89,28.89,17814484,48.67,48.69,47.17,47.17,10910100,2026-02-14T03:46:44Z
TGT,2008-07-09,28.98,30.16,28.88,29.78,14911300,47.32,49.25,47.15,48.63,9132100,2026-02-14T03:46:44Z
TGT,2008-07-10,27.49,29.04,27.27,29.04,25733958,44.89,47.42,44.53,47.42,15760200,2026-02-14T03:46:44Z
TGT,2008-07-11,27.4,27.71,26.4,27.22,24079993,44.74,45.25,43.1,44.45,14747300,2026-02-14T03:46:44Z
TGT,2008-07-14,26.9,27.71,26.66,27.68,18112944,43.92,45.25,43.53,45.2,11092900,2026-02-14T03:46:44Z
TGT,2008-07-15,26.75,27.29,25.92,26.55,22526366,43.68,44.56,42.32,43.35,13795800,2026-02-14T03:46:44Z
TGT,2008-07-16,28.28,28.31,26.64,26.73,23223729,46.18,46.23,43.5,43.65,14222900,2026-02-14T03:46:44Z
TGT,2008-07-17,29.13,29.27,27.66,28.38,23683600,47.57,47.8,45.17,46.34,14504500,2026-02-14T03:46:44Z
TGT,2008-07-18,28.7,29.34,28.44,29.34,15501577,46.87,47.9,46.44,47.9,9493600,2026-02-14T03:46:44Z
TGT,2008-07-21,27.96,28.97,27.9,28.78,13045434,45.66,47.3,45.56,47,7989400,2026-02-14T03:46:44Z
TGT,2008-07-22,28.15,28.24,27.19,27.55,23882471,45.96,46.11,44.39,44.99,14626300,2026-02-14T03:46:44Z
TGT,2008-07-23,28.31,28.66,27.01,27.28,24285075,46.22,46.79,44.11,44.54,14872900,2026-02-14T03:46:44Z
TGT,2008-07-24,27.49,28.57,27.44,28.26,16888660,44.88,46.65,44.81,46.14,10343100,2026-02-14T03:46:44Z
TGT,2008-07-25,27.3,28.37,27.25,27.58,11793556,44.57,46.32,44.5,45.03,7222700,2026-02-14T03:46:44Z
TGT,2008-07-28,26.92,27.82,26.89,27.3,11724125,43.96,45.43,43.91,44.58,7180200,2026-02-14T03:46:44Z
TGT,2008-07-29,27.98,28.03,26.95,26.99,12130736,45.68,45.77,44,44.07,7429200,2026-02-14T03:46:44Z
TGT,2008-07-30,28.1,28.88,27.68,28.12,17204748,45.89,47.15,45.2,45.92,10536700,2026-02-14T03:46:44Z
TGT,2008-07-31,27.7,28.45,27.6,27.79,10478462,45.23,46.45,45.06,45.37,6417300,2026-02-14T03:46:44Z
TGT,2008-08-01,27.36,28.06,27.3,27.88,12062308,44.68,45.81,44.57,45.52,7387300,2026-02-14T03:46:44Z
TGT,2008-08-04,27.57,27.86,27.11,27.4,8898836,45.01,45.49,44.26,44.74,5449900,2026-02-14T03:46:44Z
TGT,2008-08-05,29.39,29.64,27.73,27.78,24745862,47.99,48.39,45.27,45.36,15155100,2026-02-14T03:46:44Z
TGT,2008-08-06,29.4,29.46,28.59,29.32,15447512,48.01,48.11,46.68,47.87,9460500,2026-02-14T03:46:44Z
TGT,2008-08-07,28.02,28.85,27.96,28.59,16401603,45.76,47.1,45.66,46.69,10044800,2026-02-14T03:46:44Z
TGT,2008-08-08,29.85,29.94,28.05,28.05,19357992,48.74,48.89,45.8,45.8,11855400,2026-02-14T03:46:44Z
TGT,2008-08-11,31.37,32.54,29.43,29.78,44111942,51.23,53.13,48.06,48.63,27015400,2026-02-14T03:46:44Z
TGT,2008-08-12,30.23,31.3,30.05,30.93,27745907,49.36,51.1,49.06,50.5,16992400,2026-02-14T03:46:44Z
TGT,2008-08-13,29.44,30,29.18,29.91,17634407,48.07,48.99,47.64,48.83,10799800,2026-02-14T03:46:44Z
TGT,2008-08-14,30.41,30.9,29.13,29.26,19278970,49.65,50.46,47.57,47.77,11807000,2026-02-14T03:46:44Z
TGT,2008-08-15,31.48,31.48,30.22,30.46,18137315,51.4,51.4,49.35,49.73,11107800,2026-02-14T03:46:44Z
TGT,2008-08-18,30.75,31.73,30.62,31.71,18234315,50.05,51.64,49.84,51.61,11202100,2026-02-14T03:46:44Z
TGT,2008-08-19,30.55,31.33,30.14,30.71,20954672,49.72,51,49.06,49.98,12873300,2026-02-14T03:46:44Z
TGT,2008-08-20,30.77,31.23,30.34,30.97,16022230,50.09,50.83,49.39,50.41,9843100,2026-02-14T03:46:44Z
TGT,2008-08-21,31.37,31.41,30.35,30.46,13688142,51.06,51.13,49.4,49.58,8409200,2026-02-14T03:46:44Z
TGT,2008-08-22,32.35,32.43,31.49,31.51,20683949,52.66,52.79,51.26,51.29,12707000,2026-02-14T03:46:44Z
TGT,2008-08-25,31.87,32.27,31.8,32.12,15204080,51.87,52.52,51.77,52.29,9340500,2026-02-14T03:46:44Z
TGT,2008-08-26,32.53,32.54,31.82,31.83,14472724,52.95,52.97,51.8,51.81,8891200,2026-02-14T03:46:44Z
TGT,2008-08-27,32.47,32.61,31.85,32.32,12355849,52.85,53.08,51.85,52.61,7590700,2026-02-14T03:46:44Z
TGT,2008-08-28,33.1,33.12,32.47,32.61,11246032,53.88,53.91,52.85,53.08,6908900,2026-02-14T03:46:44Z
TGT,2008-08-29,32.57,33.04,32.53,32.81,9808384,53.02,53.78,52.96,53.41,6025700,2026-02-14T03:46:44Z
TGT,2008-09-02,33.81,34.09,33.17,33.78,21063237,55.04,55.49,54,54.99,12940000,2026-02-14T03:46:44Z
TGT,2008-09-03,33.79,34.13,33.25,33.65,15395195,55.01,55.56,54.12,54.78,9457900,2026-02-14T03:46:44Z
TGT,2008-09-04,33.07,34.3,33,33.21,25671230,53.83,55.83,53.71,54.06,15770900,2026-02-14T03:46:44Z
TGT,2008-09-05,33.81,33.93,32.01,32.65,25323057,55.03,55.23,52.1,53.14,15557000,2026-02-14T03:46:44Z
TGT,2008-09-08,35.56,35.63,34.14,34.43,32795139,57.89,58,55.57,56.05,20147400,2026-02-14T03:46:44Z
TGT,2008-09-09,34.54,36.38,34.51,35.66,38665118,56.22,59.22,56.18,58.05,23753600,2026-02-14T03:46:44Z
TGT,2008-09-10,34.86,35.35,34.27,34.71,20928447,56.74,57.55,55.79,56.5,12857200,2026-02-14T03:46:44Z
TGT,2008-09-11,35.4,35.4,34.15,34.37,20730002,57.63,57.63,55.58,55.95,12735300,2026-02-14T03:46:44Z
TGT,2008-09-12,35.18,35.22,34.58,35.14,15946175,57.26,57.33,56.28,57.2,9796400,2026-02-14T03:46:44Z
TGT,2008-09-15,34.03,35.47,33.95,34.18,23462045,55.4,57.74,55.26,55.64,14413700,2026-02-14T03:46:44Z
TGT,2008-09-16,35.55,36.12,33.24,33.57,34134800,57.87,58.79,54.1,54.64,20970400,2026-02-14T03:46:44Z
TGT,2008-09-17,32.92,35.48,32.53,34.66,33795273,53.59,57.75,52.96,56.41,20761800,2026-02-14T03:46:44Z
TGT,2008-09-18,34.11,34.58,32.19,32.82,36382353,55.53,56.29,52.39,53.43,22351200,2026-02-14T03:46:44Z
TGT,2008-09-19,32.76,36.58,32.34,36.25,37924986,53.32,59.55,52.64,59,23298900,2026-02-14T03:46:44Z
TGT,2008-09-22,30.59,32.55,30.53,32.45,34323098,49.8,52.99,49.7,52.82,21086100,2026-02-14T03:46:44Z
TGT,2008-09-23,30.42,31.25,30.24,30.76,22969832,49.51,50.86,49.22,50.07,14111300,2026-02-14T03:46:44Z
TGT,2008-09-24,30.26,31.36,30.04,30.28,13882534,49.26,51.04,48.9,49.28,8528600,2026-02-14T03:46:44Z
TGT,2008-09-25,30.85,31.45,30.31,30.63,16348252,50.22,51.2,49.33,49.85,10043400,2026-02-14T03:46:44Z
TGT,2008-09-26,31.62,31.7,30.1,30.1,15842357,51.47,51.6,48.99,48.99,9732600,2026-02-14T03:46:44Z
TGT,2008-09-29,29.09,31.21,28.64,31.14,25797600,47.35,50.8,46.62,50.69,15848500,2026-02-14T03:46:44Z
TGT,2008-09-30,30.13,30.5,29.3,29.85,18841668,49.05,49.65,47.69,48.59,11575200,2026-02-14T03:46:44Z
TGT,2008-10-01,29.02,30.02,28.67,29.8,23235443,47.24,48.86,46.67,48.51,14274500,2026-02-14T03:46:44Z
TGT,2008-10-02,27.46,29.25,27.34,28.86,23928278,44.7,47.61,44.5,46.98,14700100,2026-02-14T03:46:44Z
TGT,2008-10-03,26.82,28.11,26.72,27.94,33932818,43.66,45.75,43.5,45.48,20846300,2026-02-14T03:46:44Z
TGT,2008-10-06,26.02,26.55,23.56,26.1,38705763,42.35,43.22,38.35,42.49,23778500,2026-02-14T03:46:44Z
TGT,2008-10-07,24.49,26.72,24.46,26.63,40690485,39.86,43.49,39.82,43.34,24997800,2026-02-14T03:46:44Z
TGT,2008-10-08,25.37,26.28,22.98,23.11,49660336,41.3,42.78,37.4,37.61,30508400,2026-02-14T03:46:44Z
TGT,2008-10-09,23.06,26.01,22.74,25.9,29185440,37.53,42.34,37.02,42.15,17929800,2026-02-14T03:46:44Z
TGT,2008-10-10,22.73,23.8,21.5,21.82,42753486,37,38.74,35,35.52,26265200,2026-02-14T03:46:44Z
TGT,2008-10-13,25.07,25.1,23.04,23.86,24864974,40.81,40.85,37.5,38.83,15275600,2026-02-14T03:46:44Z
TGT,2008-10-14,24.44,26.22,23.88,25.97,23570934,39.78,42.68,38.87,42.28,14480600,2026-02-14T03:46:44Z
TGT,2008-10-15,21.94,23.99,21.72,23.95,24337580,35.72,39.05,35.35,38.99,14951600,2026-02-14T03:46:44Z
TGT,2008-10-16,23.29,23.49,20.86,22.34,37268988,37.91,38.23,33.96,36.36,22895900,2026-02-14T03:46:44Z
TGT,2008-10-17,24.19,24.48,22.44,22.69,25598166,39.37,39.85,36.53,36.93,15726000,2026-02-14T03:46:44Z
TGT,2008-10-20,23.39,24.54,22.74,24.29,21590416,38.07,39.94,37.02,39.53,13263900,2026-02-14T03:46:44Z
TGT,2008-10-21,23.16,24.1,22.99,23.04,14323614,37.7,39.22,37.42,37.5,8799600,2026-02-14T03:46:44Z
TGT,2008-10-22,20.53,22.91,19.9,22.86,29802874,33.41,37.29,32.39,37.21,18309100,2026-02-14T03:46:44Z
TGT,2008-10-23,20.84,20.91,19.56,20.57,26704535,33.93,34.04,31.84,33.49,16405700,2026-02-14T03:46:44Z
TGT,2008-10-24,20.22,20.73,18.71,18.81,21166751,32.92,33.75,30.45,30.61,13003600,2026-02-14T03:46:44Z
TGT,2008-10-27,20.08,21.43,19.67,19.91,17371628,32.69,34.88,32.02,32.4,10672100,2026-02-14T03:46:44Z
TGT,2008-10-28,23.66,23.82,20.62,21.53,39368478,38.51,38.77,33.57,35.05,24185700,2026-02-14T03:46:44Z
TGT,2008-10-29,25.02,26.88,22.42,23.4,49667948,40.72,43.75,36.5,38.09,30513100,2026-02-14T03:46:44Z
TGT,2008-10-30,23.58,25.77,23.27,25.42,28888416,38.39,41.94,37.87,41.37,17747300,2026-02-14T03:46:44Z
TGT,2008-10-31,24.65,25.02,23.23,23.32,24554890,40.12,40.73,37.82,37.96,15085100,2026-02-14T03:46:44Z
TGT,2008-11-03,24.16,24.96,24.06,24.64,10263838,39.32,40.63,39.16,40.1,6305500,2026-02-14T03:46:44Z
TGT,2008-11-04,25.4,25.94,24.57,24.8,19920532,41.35,42.22,40,40.37,12238000,2026-02-14T03:46:44Z
TGT,2008-11-05,23.19,25.39,23.05,24.96,18102791,37.75,41.32,37.52,40.63,11121300,2026-02-14T03:46:44Z
TGT,2008-11-06,21.79,24.03,21.51,22.8,27652039,35.47,39.11,35.01,37.11,16987800,2026-02-14T03:46:44Z
TGT,2008-11-07,22.44,22.68,21.22,21.97,14320244,36.52,36.91,34.54,35.76,8797500,2026-02-14T03:46:44Z
TGT,2008-11-10,22.29,23.29,22.01,22.88,11614578,36.29,37.91,35.82,37.25,7135300,2026-02-14T03:46:44Z
TGT,2008-11-11,22.02,22.61,21.21,21.99,11908546,35.85,36.8,34.53,35.8,7315900,2026-02-14T03:46:44Z
TGT,2008-11-12,20.45,21.74,20.38,21.35,16644477,33.28,35.39,33.17,34.75,10225400,2026-02-14T03:46:44Z
TGT,2008-11-13,21.7,21.74,19.06,20.64,21928831,35.33,35.38,31.03,33.6,13471800,2026-02-14T03:46:44Z
TGT,2008-11-14,20.29,22.29,19.97,21.02,19219928,33.03,36.29,32.51,34.21,11807600,2026-02-14T03:46:44Z
TGT,2008-11-17,19.46,21.35,19.44,19.81,30453482,31.68,34.75,31.64,32.25,18708800,2026-02-14T03:46:44Z
TGT,2008-11-18,18.56,20.14,18.3,19.48,32912821,30.06,32.61,29.63,31.55,20322300,2026-02-14T03:46:44Z
TGT,2008-11-19,16.65,18.73,15.81,18.4,64411542,26.96,30.34,25.6,29.8,39771500,2026-02-14T03:46:44Z
TGT,2008-11-20,17.29,18.56,16.34,16.9,41151767,28,30.06,26.47,27.37,25409600,2026-02-14T03:46:44Z
TGT,2008-11-21,17.34,17.79,16.12,17.68,35983008,28.08,28.81,26.1,28.63,22218100,2026-02-14T03:46:44Z
TGT,2008-11-24,18.8,19.73,16.93,17.55,31673116,30.44,31.95,27.42,28.42,19556900,2026-02-14T03:46:44Z
TGT,2008-11-25,19.76,19.93,18.83,19.43,26179825,32.01,32.28,30.5,31.47,16165000,2026-02-14T03:46:44Z
TGT,2008-11-26,21.69,21.78,19.19,19.19,24066140,35.13,35.27,31.08,31.08,14859900,2026-02-14T03:46:44Z
TGT,2008-11-28,20.85,21.81,20.59,21.67,8491581,33.76,35.32,33.35,35.09,5243200,2026-02-14T03:46:44Z
TGT,2008-12-01,18.24,20.61,18.13,20.44,23091497,29.54,33.37,29.36,33.11,14258100,2026-02-14T03:46:44Z
TGT,2008-12-02,19.47,19.48,17.68,18.49,23685276,31.53,31.55,28.63,29.95,14624700,2026-02-14T03:46:44Z
TGT,2008-12-03,21.29,21.43,18.74,18.99,30043107,34.48,34.7,30.35,30.75,18550400,2026-02-14T03:46:44Z
TGT,2008-12-04,21.02,22.09,20.42,20.62,25528503,34.04,35.77,33.07,33.39,15762800,2026-02-14T03:46:44Z
TGT,2008-12-05,21.59,21.76,19.39,20.73,22399510,34.96,35.24,31.4,33.57,13830800,2026-02-14T03:46:44Z
TGT,2008-12-08,23.66,24.06,21.7,21.81,34329610,38.32,38.96,35.15,35.32,21197100,2026-02-14T03:46:44Z
TGT,2008-12-09,23.45,24.81,23.06,23.22,30919292,37.98,40.18,37.35,37.6,19091400,2026-02-14T03:46:44Z
TGT,2008-12-10,23.99,24.16,22.73,23.75,23122165,38.85,39.13,36.81,38.47,14277000,2026-02-14T03:46:44Z
TGT,2008-12-11,23.19,24.35,22.88,23.79,34110581,37.55,39.43,37.06,38.53,21061900,2026-02-14T03:46:44Z
TGT,2008-12-12,22.13,23.03,21.64,22.51,31985650,35.84,37.29,35.04,36.45,19749800,2026-02-14T03:46:44Z
TGT,2008-12-15,21.42,22.36,20.91,22.2,17714010,34.69,36.22,33.86,35.95,10937700,2026-02-14T03:46:44Z
TGT,2008-12-16,22.32,22.43,21.39,21.69,16104203,36.14,36.33,34.64,35.12,9943700,2026-02-14T03:46:44Z
TGT,2008-12-17,22.06,22.53,21.72,21.99,17456227,35.73,36.48,35.17,35.62,10778500,2026-02-14T03:46:44Z
TGT,2008-12-18,21.87,22.57,21.75,22.15,22269977,35.42,36.55,35.23,35.87,13750800,2026-02-14T03:46:44Z
TGT,2008-12-19,21.25,22.51,21.15,22.11,20576365,34.42,36.46,34.26,35.8,12705100,2026-02-14T03:46:44Z
TGT,2008-12-22,20.24,21.49,20.13,21.48,17887022,32.78,34.8,32.6,34.79,11044500,2026-02-14T03:46:44Z
TGT,2008-12-23,19.73,20.63,19.72,20.21,12638743,31.95,33.41,31.94,32.73,7803900,2026-02-14T03:46:44Z
TGT,2008-12-24,19.97,20.41,19.89,20.01,6008657,32.35,33.06,32.21,32.41,3710100,2026-02-14T03:46:44Z
TGT,2008-12-26,19.91,20.32,19.83,20.16,6845143,32.24,32.91,32.11,32.65,4226600,2026-02-14T03:46:44Z
TGT,2008-12-29,20,20.13,19.57,19.92,15607349,32.39,32.6,31.69,32.26,9636900,2026-02-14T03:46:44Z
TGT,2008-12-30,20.72,20.85,19.94,20.06,10235958,33.55,33.77,32.29,32.49,6320300,2026-02-14T03:46:44Z
TGT,2008-12-31,21.32,21.61,20.39,20.51,10949045,34.53,34.99,33.02,33.22,6760600,2026-02-14T03:46:44Z
TGT,2009-01-02,21.38,21.72,21.09,21.39,13073259,34.63,35.17,34.16,34.64,8072200,2026-02-14T03:46:44Z
TGT,2009-01-05,22.32,22.56,21.15,21.19,14505719,36.14,36.54,34.25,34.31,8956700,2026-02-14T03:46:44Z
TGT,2009-01-06,23.53,23.84,22.33,22.58,24017588,38.11,38.61,36.16,36.57,14829900,2026-02-14T03:46:44Z
TGT,2009-01-07,22.85,23.98,22.57,23.31,17028952,37.01,38.84,36.55,37.75,10514700,2026-02-14T03:46:44Z
TGT,2009-01-08,23.17,23.61,22.17,23.4,30617527,37.52,38.23,35.9,37.9,18905100,2026-02-14T03:46:44Z
TGT,2009-01-09,21.86,23.39,21.76,23.17,16092366,35.4,37.88,35.24,37.52,9936400,2026-02-14T03:46:44Z
TGT,2009-01-12,21.68,22.04,21.4,21.82,14119955,35.11,35.7,34.65,35.33,8718500,2026-02-14T03:46:44Z
TGT,2009-01-13,21.57,22.41,21.27,21.7,13626826,34.94,36.29,34.44,35.14,8414000,2026-02-14T03:46:44Z
TGT,2009-01-14,20.81,21.28,20.64,21,13975158,33.7,34.47,33.42,34.01,8629100,2026-02-14T03:46:44Z
TGT,2009-01-15,21.56,21.95,20.38,20.81,20082111,34.92,35.55,33.01,33.7,12399900,2026-02-14T03:46:44Z
TGT,2009-01-16,21.62,21.96,20.99,21.77,14174229,35.02,35.56,33.99,35.25,8752000,2026-02-14T03:46:44Z
TGT,2009-01-20,20.1,21.61,19.83,21.51,18304201,32.55,34.99,32.12,34.84,11302100,2026-02-14T03:46:44Z
TGT,2009-01-21,21.08,21.14,19.67,19.75,20303487,34.14,34.23,31.85,31.99,12536600,2026-02-14T03:46:44Z
TGT,2009-01-22,20.94,21.51,20.4,20.73,18901504,33.92,34.83,33.03,33.57,11670900,2026-02-14T03:46:44Z
TGT,2009-01-23,20.62,20.96,20.15,20.33,15593124,33.4,33.95,32.63,32.93,9628100,2026-02-14T03:46:44Z
TGT,2009-01-26,20.47,21.45,20.25,20.75,18011531,33.15,34.74,32.8,33.6,11121400,2026-02-14T03:46:44Z
TGT,2009-01-27,20.59,20.77,20.08,20.56,17724077,33.34,33.64,32.52,33.3,10943900,2026-02-14T03:46:44Z
TGT,2009-01-28,21.56,21.89,21.2,21.25,17870631,34.92,35.45,34.33,34.42,11034400,2026-02-14T03:46:44Z
TGT,2009-01-29,20.19,21.49,20.12,21.35,20930792,32.7,34.8,32.59,34.57,12923900,2026-02-14T03:46:44Z
TGT,2009-01-30,19.26,20.39,19.25,20.37,25641244,31.2,33.02,31.17,32.99,15832400,2026-02-14T03:46:44Z
TGT,2009-02-02,18.65,19.26,18.45,18.68,27784135,30.2,31.19,29.88,30.25,17155600,2026-02-14T03:46:44Z
TGT,2009-02-03,19.83,20.05,18.59,18.83,41598733,32.11,32.47,30.1,30.5,25685500,2026-02-14T03:46:44Z
TGT,2009-02-04,19.35,20.18,19.25,19.52,33597797,31.34,32.69,31.17,31.62,20745300,2026-02-14T03:46:44Z
TGT,2009-02-05,19.94,20.35,19.16,19.16,31551980,32.29,32.95,31.03,31.03,19482100,2026-02-14T03:46:44Z
TGT,2009-02-06,20.39,20.69,19.73,19.91,28031331,33.02,33.5,31.96,32.24,17308200,2026-02-14T03:46:44Z
TGT,2009-02-09,20.21,20.59,19.86,20.31,19427718,32.73,33.35,32.17,32.9,11995800,2026-02-14T03:46:44Z
TGT,2009-02-10,19.32,20.24,19.28,20.11,22977712,31.29,32.78,31.22,32.57,14187800,2026-02-14T03:46:44Z
TGT,2009-02-11,19.6,19.78,19.12,19.41,12631137,31.75,32.03,30.96,31.44,7799200,2026-02-14T03:46:44Z
TGT,2009-02-12,19.05,19.45,18.41,19.45,45680145,30.85,31.5,29.81,31.5,28205600,2026-02-14T03:46:44Z
TGT,2009-02-13,18.57,19.14,18.48,18.99,15455087,30.08,31,29.93,30.75,9542900,2026-02-14T03:46:44Z
TGT,2009-02-17,18.3,18.61,17.62,18.25,20885446,29.63,30.14,28.54,29.56,12895900,2026-02-14T03:46:44Z
TGT,2009-02-18,18.28,18.9,17.92,18.51,33886920,29.44,30.45,28.87,29.81,21037400,2026-02-14T03:46:44Z
TGT,2009-02-19,18.56,19.14,18.46,18.62,16101305,29.89,30.83,29.74,30,9995900,2026-02-14T03:46:44Z
TGT,2009-02-20,18.47,18.74,17.87,18.3,19752471,29.75,30.18,28.79,29.47,12262600,2026-02-14T03:46:44Z
TGT,2009-02-23,17.65,19.03,17.53,18.64,17270591,28.43,30.65,28.23,30.02,10721800,2026-02-14T03:46:44Z
TGT,2009-02-24,17.28,17.97,16.84,17.04,43486103,27.83,28.94,27.12,27.45,26996700,2026-02-14T03:46:44Z
TGT,2009-02-25,17.13,18.13,16.89,17.39,45606729,27.59,29.21,27.21,28.01,28313200,2026-02-14T03:46:44Z
TGT,2009-02-26,17.27,17.73,17.14,17.37,21210111,27.82,28.56,27.61,27.98,13167500,2026-02-14T03:46:44Z
TGT,2009-02-27,17.58,17.81,16.87,17.12,27863006,28.31,28.68,27.18,27.57,17297700,2026-02-14T03:46:44Z
TGT,2009-03-02,16.99,17.69,16.82,17.25,19863691,27.37,28.5,27.1,27.79,12331600,2026-02-14T03:46:44Z
TGT,2009-03-03,16.11,17.37,15.91,17.25,48864146,25.95,27.98,25.63,27.78,30335500,2026-02-14T03:46:44Z
TGT,2009-03-04,16.86,17.23,16.26,16.36,22029444,27.16,27.75,26.19,26.35,13676100,2026-02-14T03:46:44Z
TGT,2009-03-05,16.33,17.27,16.17,16.69,21441709,26.31,27.82,26.04,26.88,13311300,2026-02-14T03:46:44Z
TGT,2009-03-06,15.92,16.63,15.52,16.53,20032023,25.65,26.79,25,26.63,12436100,2026-02-14T03:46:44Z
TGT,2009-03-09,15.75,16.36,15.6,15.77,19033782,25.37,26.35,25.13,25.4,11816400,2026-02-14T03:46:44Z
TGT,2009-03-10,16.89,17.17,15.81,16.05,21680952,27.21,27.66,25.46,25.85,13459800,2026-02-14T03:46:44Z
TGT,2009-03-11,16.7,17.29,16.61,16.92,24925321,26.9,27.85,26.76,27.25,15473900,2026-02-14T03:46:44Z
TGT,2009-03-12,17.69,17.81,16.51,16.69,20398807,28.49,28.69,26.6,26.89,12663800,2026-02-14T03:46:44Z
TGT,2009-03-13,18.61,18.63,17.49,17.81,27174140,29.97,30.01,28.18,28.69,16870000,2026-02-14T03:46:44Z
TGT,2009-03-16,17.9,18.9,17.85,18.81,17938128,28.83,30.44,28.75,30.3,11136200,2026-02-14T03:46:44Z
TGT,2009-03-17,18.9,18.9,18.08,18.28,16459272,30.45,30.45,29.13,29.44,10218100,2026-02-14T03:46:44Z
TGT,2009-03-18,19.61,20.37,18.58,18.8,29927162,31.58,32.81,29.93,30.29,18579100,2026-02-14T03:46:44Z
TGT,2009-03-19,19.51,19.93,19.36,19.87,17665270,31.43,32.1,31.18,32,10966800,2026-02-14T03:46:44Z
TGT,2009-03-20,18.84,19.7,18.59,19.62,18642241,30.35,31.74,29.95,31.61,11573300,2026-02-14T03:46:44Z
TGT,2009-03-23,20.54,20.56,19.07,19.38,23795403,33.08,33.11,30.71,31.22,14772500,2026-02-14T03:46:44Z
TGT,2009-03-24,20.52,20.82,20.15,20.29,16062225,33.06,33.54,32.45,32.68,9971600,2026-02-14T03:46:44Z
TGT,2009-03-25,20.63,21.58,19.85,20.65,21428530,33.23,34.76,31.97,33.27,13303100,2026-02-14T03:46:44Z
TGT,2009-03-26,21.69,22.14,20.85,21.07,24766876,34.93,35.67,33.59,33.94,15375600,2026-02-14T03:46:44Z
TGT,2009-03-27,21.21,21.64,20.81,21.34,15345257,34.17,34.86,33.52,34.38,9526500,2026-02-14T03:46:44Z
TGT,2009-03-30,20.66,20.81,20.21,20.68,14816256,33.28,33.52,32.56,33.31,9198100,2026-02-14T03:46:44Z
TGT,2009-03-31,21.35,21.65,20.17,20.79,22232036,34.39,34.88,32.49,33.49,13801900,2026-02-14T03:46:44Z
TGT,2009-04-01,21.34,21.6,20.67,21.06,16667055,34.38,34.8,33.3,33.93,10347100,2026-02-14T03:46:44Z
TGT,2009-04-02,22.39,22.88,21.64,21.77,19380409,36.06,36.85,34.86,35.07,12031600,2026-02-14T03:46:44Z
TGT,2009-04-03,22.77,22.82,22.11,22.27,17138348,36.68,36.76,35.61,35.87,10639700,2026-02-14T03:46:44Z
TGT,2009-04-06,22.01,22.7,21.6,22.57,15741309,35.45,36.57,34.79,36.36,9772400,2026-02-14T03:46:44Z
TGT,2009-04-07,21.75,21.98,21.41,21.64,12339026,35.03,35.41,34.48,34.85,7660200,2026-02-14T03:46:44Z
TGT,2009-04-08,23.34,23.53,21.88,21.9,28668297,37.6,37.9,35.25,35.27,17797600,2026-02-14T03:46:44Z
TGT,2009-04-09,24.76,24.83,23.83,23.96,39518551,39.89,40,38.38,38.59,24533600,2026-02-14T03:46:44Z
TGT,2009-04-13,24.97,25.29,24.48,24.48,17049255,40.22,40.74,39.43,39.43,10584400,2026-02-14T03:46:44Z
TGT,2009-04-14,24.26,24.93,24.07,24.61,24128422,39.07,40.15,38.77,39.64,14979200,2026-02-14T03:46:44Z
TGT,2009-04-15,23.93,24.24,23.36,23.95,18937291,38.54,39.04,37.62,38.57,11756500,2026-02-14T03:46:44Z
TGT,2009-04-16,24.74,24.99,23.99,24.15,17380431,39.85,40.26,38.65,38.9,10790000,2026-02-14T03:46:44Z
TGT,2009-04-17,25.17,25.36,24.6,24.71,19382372,40.54,40.85,39.62,39.8,12032800,2026-02-14T03:46:44Z
TGT,2009-04-20,23.59,24.91,23.54,24.83,24270367,38,40.12,37.91,40,15067300,2026-02-14T03:46:44Z
TGT,2009-04-21,24.05,24.11,23.27,23.47,18110926,38.74,38.83,37.48,37.8,11243500,2026-02-14T03:46:44Z
TGT,2009-04-22,24.35,25.35,23.54,23.54,22480446,39.23,40.83,37.91,37.91,13956100,2026-02-14T03:46:44Z
TGT,2009-04-23,24.02,24.68,23.59,24.48,15725060,38.69,39.75,38,39.43,9762300,2026-02-14T03:46:44Z
TGT,2009-04-24,24.88,25.45,24.15,24.21,20095654,40.08,41,38.9,38.99,12475600,2026-02-14T03:46:44Z
TGT,2009-04-27,24.45,24.94,24.16,24.51,13989411,39.39,40.18,38.91,39.48,8684800,2026-02-14T03:46:44Z
TGT,2009-04-28,24.6,25.21,24.08,24.17,15506447,39.62,40.61,38.78,38.94,9626600,2026-02-14T03:46:44Z
TGT,2009-04-29,24.99,25.68,24.71,24.93,18711448,40.25,41.36,39.8,40.15,11616300,2026-02-14T03:46:44Z
TGT,2009-04-30,25.61,25.93,25.05,25.21,20537136,41.26,41.77,40.35,40.6,12749700,2026-02-14T03:46:44Z
TGT,2009-05-01,24.86,25.64,24.67,25.07,14814158,40.05,41.3,39.74,40.38,9196800,2026-02-14T03:46:44Z
TGT,2009-05-04,25.17,25.7,24.52,24.68,16318644,40.55,41.4,39.49,39.75,10130800,2026-02-14T03:46:44Z
TGT,2009-05-05,25.61,25.68,24.83,25.17,15668029,41.26,41.36,40,40.55,9726900,2026-02-14T03:46:44Z
TGT,2009-05-06,25.75,26.42,24.81,25.95,17211473,41.47,42.55,39.97,41.8,10685100,2026-02-14T03:46:44Z
TGT,2009-05-07,26.49,27.22,26.02,27.14,24041782,42.67,43.85,41.92,43.71,14925400,2026-02-14T03:46:44Z
TGT,2009-05-08,27.19,27.72,26.75,27.2,19291157,43.79,44.65,43.08,43.82,11976200,2026-02-14T03:46:44Z
TGT,2009-05-11,26.53,27.3,26.45,26.83,19413926,42.73,43.98,42.6,43.21,12052400,2026-02-14T03:46:44Z
TGT,2009-05-12,26.4,26.91,25.76,26.71,13811445,42.53,43.34,41.5,43.02,8574300,2026-02-14T03:46:44Z
TGT,2009-05-13,25.12,26,24.93,26,20403247,40.47,41.88,40.16,41.88,12666600,2026-02-14T03:46:44Z
TGT,2009-05-14,25.13,25.92,24.98,25.12,13732320,40.48,41.75,40.24,40.47,8525200,2026-02-14T03:46:44Z
TGT,2009-05-15,25.06,25.76,24.88,25.11,17150266,40.37,41.5,40.07,40.44,10647100,2026-02-14T03:46:44Z
TGT,2009-05-18,26.03,26.04,25.44,25.44,15156375,41.77,41.78,40.81,40.82,9446700,2026-02-14T03:46:44Z
TGT,2009-05-19,26.14,26.32,25.71,26.03,14805306,41.94,42.23,41.25,41.76,9227900,2026-02-14T03:46:44Z
TGT,2009-05-20,26.76,27.99,26.73,27.41,34836756,42.94,44.9,42.89,43.97,21713100,2026-02-14T03:46:44Z
TGT,2009-05-21,25.93,26.99,25.64,26.49,22910203,41.6,43.3,41.14,42.5,14279500,2026-02-14T03:46:44Z
TGT,2009-05-22,25.39,26.17,25.16,26.06,13610377,40.74,41.99,40.37,41.81,8483100,2026-02-14T03:46:44Z
TGT,2009-05-26,25.55,26.18,25.09,25.19,18506522,41,42,40.26,40.42,11534800,2026-02-14T03:46:44Z
TGT,2009-05-27,24.68,25.83,24.6,25.59,20144305,39.6,41.44,39.47,41.05,12555600,2026-02-14T03:46:44Z
TGT,2009-05-28,24.4,25.07,23.92,24.89,18549035,39.14,40.22,38.38,39.93,11561300,2026-02-14T03:46:44Z
TGT,2009-05-29,24.5,24.76,23.93,24.76,18884856,39.3,39.73,38.4,39.73,11770600,2026-02-14T03:46:44Z
TGT,2009-06-01,25.97,26.39,24.82,24.85,21101651,41.67,42.34,39.82,39.87,13152300,2026-02-14T03:46:44Z
TGT,2009-06-02,25.73,26.44,25.61,25.84,15516560,41.28,42.42,41.09,41.46,9671200,2026-02-14T03:46:44Z
TGT,2009-06-03,25.54,25.93,25.24,25.54,22395288,40.97,41.6,40.5,40.98,13958600,2026-02-14T03:46:44Z
TGT,2009-06-04,25.52,25.55,24.41,24.84,21925066,40.95,40.99,39.17,39.85,13665500,2026-02-14T03:46:44Z
TGT,2009-06-05,25.24,26.05,25.13,25.95,18791486,40.49,41.8,40.31,41.63,11712400,2026-02-14T03:46:44Z
TGT,2009-06-08,25.54,25.8,24.83,25.04,11704972,40.98,41.39,39.84,40.17,7295500,2026-02-14T03:46:44Z
TGT,2009-06-09,25.64,25.8,25.47,25.6,11905375,41.14,41.39,40.87,41.07,7420400,2026-02-14T03:46:44Z
TGT,2009-06-10,25.16,25.92,24.85,25.78,15662889,40.37,41.59,39.87,41.36,9762400,2026-02-14T03:46:44Z
TGT,2009-06-11,24.65,25.47,24.61,25.26,13619357,39.55,40.87,39.48,40.52,8488700,2026-02-14T03:46:44Z
TGT,2009-06-12,25.17,25.22,24.31,24.71,11067554,40.38,40.46,39.01,39.64,6898200,2026-02-14T03:46:44Z
TGT,2009-06-15,25,25.36,24.65,25.34,15143572,40.11,40.69,39.54,40.65,9438700,2026-02-14T03:46:44Z
TGT,2009-06-16,24.07,25.01,24,25,15113834,38.62,40.12,38.5,40.11,9420200,2026-02-14T03:46:44Z
TGT,2009-06-17,24.34,24.72,23.47,23.93,19303913,39.05,39.66,37.66,38.4,12031800,2026-02-14T03:46:44Z
TGT,2009-06-18,24.31,24.47,23.92,24.35,10692750,39,39.26,38.38,39.06,6664600,2026-02-14T03:46:44Z
TGT,2009-06-19,24.67,24.89,24.28,24.31,12924808,39.58,39.94,38.96,39,8055800,2026-02-14T03:46:44Z
TGT,2009-06-22,24.6,24.86,24.2,24.51,14848199,39.47,39.88,38.82,39.32,9254600,2026-02-14T03:46:44Z
TGT,2009-06-23,23.88,24.73,23.77,24.58,16056434,38.32,39.67,38.13,39.44,10007700,2026-02-14T03:46:44Z
TGT,2009-06-24,24.11,24.52,23.9,24,13600073,38.68,39.34,38.34,38.5,8476700,2026-02-14T03:46:44Z
TGT,2009-06-25,25.12,25.29,23.9,24,19779006,40.31,40.57,38.34,38.51,12327900,2026-02-14T03:46:44Z
TGT,2009-06-26,24.66,25.31,24.58,24.98,12424857,39.57,40.6,39.44,40.08,7744200,2026-02-14T03:46:44Z
TGT,2009-06-29,24.71,25.09,24.42,24.73,10322147,39.65,40.25,39.18,39.67,6433600,2026-02-14T03:46:44Z
TGT,2009-06-30,24.6,25.01,24.32,24.67,12084919,39.47,40.12,39.02,39.58,7532300,2026-02-14T03:46:44Z
TGT,2009-07-01,24.11,24.83,24.09,24.71,14035850,38.69,39.83,38.65,39.64,8748300,2026-02-14T03:46:44Z
TGT,2009-07-02,23.34,23.85,23.14,23.81,13854731,37.45,38.27,37.12,38.2,8635400,2026-02-14T03:46:44Z
TGT,2009-07-06,23.44,23.65,22.95,23.09,10772492,37.6,37.94,36.82,37.05,6714300,2026-02-14T03:46:44Z
TGT,2009-07-07,22.91,23.52,22.84,23.51,10032382,36.75,37.74,36.65,37.72,6253000,2026-02-14T03:46:44Z
TGT,2009-07-08,23.22,23.29,22.66,23.06,12842976,37.26,37.37,36.36,36.99,8004800,2026-02-14T03:46:44Z
TGT,2009-07-09,23.93,24.5,23.88,24.28,24138829,38.39,39.3,38.31,38.96,15045300,2026-02-14T03:46:44Z
TGT,2009-07-10,23.56,24.09,23.37,24.03,13642276,37.8,38.65,37.5,38.55,8503000,2026-02-14T03:46:44Z
TGT,2009-07-13,23.9,23.98,23.45,23.74,13455885,38.34,38.48,37.62,38.09,8386800,2026-02-14T03:46:44Z
TGT,2009-07-14,24.04,24.12,23.53,23.97,11459011,38.57,38.69,37.75,38.46,7142200,2026-02-14T03:46:44Z
TGT,2009-07-15,24.79,24.85,24.2,24.3,14707160,39.77,39.87,38.82,38.99,9166700,2026-02-14T03:46:44Z
TGT,2009-07-16,24.66,24.79,24.05,24.74,12865749,39.57,39.78,38.58,39.7,8019000,2026-02-14T03:46:44Z
TGT,2009-07-17,24.66,24.71,24.33,24.6,9145472,39.56,39.64,39.03,39.47,5700200,2026-02-14T03:46:44Z
TGT,2009-07-20,24.89,24.91,24.35,24.84,13163053,39.94,39.97,39.06,39.86,8204300,2026-02-14T03:46:44Z
TGT,2009-07-21,24.97,25.09,24.46,25.06,13454411,40.06,40.25,39.24,40.21,8385900,2026-02-14T03:46:44Z
TGT,2009-07-22,25.66,25.75,24.56,24.67,13840936,41.17,41.32,39.41,39.58,8626800,2026-02-14T03:46:44Z
TGT,2009-07-23,26.33,26.75,25.34,25.66,19027366,42.24,42.91,40.65,41.17,11859400,2026-02-14T03:46:44Z
TGT,2009-07-24,26.62,26.66,26.03,26.16,11047316,42.71,42.78,41.76,41.97,6885600,2026-02-14T03:46:44Z
TGT,2009-07-27,26.71,26.71,26.23,26.54,6425012,42.86,42.86,42.09,42.58,4004600,2026-02-14T03:46:44Z
TGT,2009-07-28,26.93,26.95,26.39,26.55,9952643,43.21,43.23,42.34,42.59,6203300,2026-02-14T03:46:44Z
TGT,2009-07-29,27.16,27.39,26.58,26.72,10304497,43.58,43.95,42.64,42.87,6422600,2026-02-14T03:46:44Z
TGT,2009-07-30,27.18,27.7,27.13,27.36,7592227,43.6,44.44,43.52,43.9,4732100,2026-02-14T03:46:44Z
TGT,2009-07-31,27.19,27.66,26.94,27.08,18694720,43.62,44.37,43.22,43.45,11652100,2026-02-14T03:46:44Z
TGT,2009-08-03,26.83,27.42,26.64,27.39,13183258,43.04,44,42.74,43.95,8216900,2026-02-14T03:46:44Z
TGT,2009-08-04,26.28,26.78,26.15,26.65,12620932,42.17,42.97,41.95,42.76,7866400,2026-02-14T03:46:44Z
TGT,2009-08-05,26.06,26.46,25.88,26.39,16181772,41.81,42.45,41.52,42.34,10085800,2026-02-14T03:46:44Z
TGT,2009-08-06,26,26.72,25.91,26.19,22476655,41.71,42.87,41.57,42.02,14009300,2026-02-14T03:46:44Z
TGT,2009-08-07,26.76,26.84,26.06,26.38,27160736,42.93,43.06,41.81,42.32,16928800,2026-02-14T03:46:44Z
TGT,2009-08-10,26.17,26.74,25.93,26.65,12674188,41.98,42.9,41.6,42.75,7899600,2026-02-14T03:46:44Z
TGT,2009-08-11,26.3,26.64,25.97,26.16,13296550,42.2,42.74,41.67,41.97,8287500,2026-02-14T03:46:44Z
TGT,2009-08-12,26.5,26.76,26.24,26.3,10161698,42.51,42.94,42.1,42.2,6333600,2026-02-14T03:46:44Z
TGT,2009-08-13,26.33,26.58,25.95,26.57,25436189,42.24,42.65,41.64,42.63,15853900,2026-02-14T03:46:44Z
TGT,2009-08-14,26.2,26.58,26.02,26.26,11435452,42.03,42.65,41.75,42.13,7127500,2026-02-14T03:46:44Z
TGT,2009-08-17,25.79,26.02,25.69,25.74,12317061,41.38,41.75,41.21,41.3,7677000,2026-02-14T03:46:44Z
TGT,2009-08-18,27.74,27.89,27.03,27.26,32150845,44.32,44.57,43.19,43.56,20121700,2026-02-14T03:46:44Z
TGT,2009-08-19,28.19,28.56,27.51,27.54,25501176,45.05,45.63,43.95,44,15960000,2026-02-14T03:46:44Z
TGT,2009-08-20,28.33,28.48,27.98,28.1,12495890,45.27,45.5,44.71,44.89,7820600,2026-02-14T03:46:44Z
TGT,2009-08-21,28.58,28.71,28.25,28.54,9741087,45.66,45.87,45.13,45.6,6096500,2026-02-14T03:46:44Z
TGT,2009-08-24,28.27,28.72,28.22,28.72,10447813,45.17,45.89,45.09,45.89,6538800,2026-02-14T03:46:44Z
TGT,2009-08-25,29.08,29.31,28.33,28.52,17715175,46.47,46.83,45.27,45.57,11087100,2026-02-14T03:46:44Z
TGT,2009-08-26,29.68,29.85,28.95,28.98,16276157,47.42,47.69,46.26,46.31,10186500,2026-02-14T03:46:44Z
TGT,2009-08-27,29.6,29.76,29.3,29.6,11499820,47.29,47.55,46.81,47.29,7197200,2026-02-14T03:46:44Z
TGT,2009-08-28,29.66,29.81,29.42,29.81,10547195,47.39,47.63,47.01,47.63,6601000,2026-02-14T03:46:44Z
TGT,2009-08-31,29.42,29.55,29.1,29.43,12950800,47,47.21,46.5,47.02,8105300,2026-02-14T03:46:44Z
TGT,2009-09-01,29.15,29.76,28.99,29.24,16581868,46.58,47.55,46.32,46.72,10377800,2026-02-14T03:46:44Z
TGT,2009-09-02,28.96,29.28,28.59,29.03,12839444,46.27,46.78,45.68,46.38,8035600,2026-02-14T03:46:44Z
TGT,2009-09-03,29.46,29.88,29.28,29.78,19555871,47.07,47.75,46.79,47.59,12239100,2026-02-14T03:46:44Z
TGT,2009-09-04,29.49,29.64,29.33,29.52,9671278,47.12,47.36,46.87,47.17,6052800,2026-02-14T03:46:44Z
TGT,2009-09-08,29.61,29.83,29.33,29.68,13682289,47.31,47.67,46.87,47.43,8563100,2026-02-14T03:46:44Z
TGT,2009-09-09,29.82,29.9,29.41,29.58,12787825,47.65,47.78,46.99,47.27,8003300,2026-02-14T03:46:44Z
TGT,2009-09-10,30.15,30.17,29.67,29.83,10942483,48.17,48.21,47.4,47.67,6848400,2026-02-14T03:46:44Z
TGT,2009-09-11,30.01,30.32,29.78,30.2,9921961,47.95,48.45,47.59,48.25,6209700,2026-02-14T03:46:44Z
TGT,2009-09-14,29.68,30.07,29.62,29.85,10679006,47.42,48.04,47.32,47.69,6683500,2026-02-14T03:46:44Z
TGT,2009-09-15,29.73,30.01,29.33,29.73,11351856,47.51,47.95,46.86,47.51,7104600,2026-02-14T03:46:44Z
TGT,2009-09-16,30.34,30.35,29.8,29.8,10506618,48.47,48.5,47.62,47.62,6575600,2026-02-14T03:46:44Z
TGT,2009-09-17,30.46,30.75,30.25,30.27,11419122,48.67,49.14,48.33,48.36,7146700,2026-02-14T03:46:44Z
TGT,2009-09-18,30.54,30.62,30.34,30.57,10025506,48.79,48.93,48.48,48.84,6274500,2026-02-14T03:46:44Z
TGT,2009-09-21,30.57,30.79,29.95,30.37,6505033,48.84,49.2,47.85,48.52,4071200,2026-02-14T03:46:44Z
TGT,2009-09-22,30.14,30.64,30.07,30.62,11133117,48.16,48.96,48.04,48.92,6967700,2026-02-14T03:46:44Z
TGT,2009-09-23,29.77,30.28,29.73,30.15,8979255,47.56,48.38,47.5,48.17,5619700,2026-02-14T03:46:44Z
TGT,2009-09-24,29.82,30.07,29.42,29.81,8603457,47.65,48.04,47,47.63,5384500,2026-02-14T03:46:44Z
TGT,2009-09-25,28.97,29.85,28.88,29.85,13445027,46.29,47.69,46.15,47.69,8414600,2026-02-14T03:46:44Z
TGT,2009-09-28,29.86,29.94,29.01,29.15,9621889,47.71,47.83,46.35,46.57,6021900,2026-02-14T03:46:44Z
TGT,2009-09-29,29.59,30.15,29.54,29.92,8744873,47.28,48.17,47.2,47.81,5473000,2026-02-14T03:46:44Z
TGT,2009-09-30,29.21,29.53,28.97,29.38,15002094,46.68,47.19,46.28,46.95,9389100,2026-02-14T03:46:44Z
TGT,2009-10-01,29.15,29.44,28.79,29.12,11544074,46.57,47.04,46,46.52,7224900,2026-02-14T03:46:44Z
TGT,2009-10-02,28.8,29.13,28.62,28.81,9738054,46.02,46.54,45.73,46.03,6094600,2026-02-14T03:46:44Z
TGT,2009-10-05,29.37,29.48,28.85,28.9,8714501,46.93,47.11,46.09,46.17,5454000,2026-02-14T03:46:44Z
TGT,2009-10-06,30.1,30.15,29.78,29.78,11305839,48.09,48.18,47.59,47.59,7075800,2026-02-14T03:46:44Z
TGT,2009-10-07,30.36,30.45,29.95,30.02,11682626,48.51,48.66,47.85,47.97,7311600,2026-02-14T03:46:44Z
TGT,2009-10-08,30.88,31.07,29.74,29.85,19326094,49.34,49.64,47.52,47.7,12095300,2026-02-14T03:46:44Z
TGT,2009-10-09,31.22,31.26,30.72,30.92,13184088,49.89,49.95,49.09,49.41,8251300,2026-02-14T03:46:44Z
TGT,2009-10-12,31.04,31.76,31.01,31.29,11621103,49.6,50.75,49.54,50,7273100,2026-02-14T03:46:44Z
TGT,2009-10-13,31.36,31.83,31.05,31.06,12265513,50.1,50.85,49.61,49.63,7676400,2026-02-14T03:46:44Z
TGT,2009-10-14,32.14,32.4,31.48,31.87,14835570,51.35,51.77,50.3,50.92,9284900,2026-02-14T03:46:44Z
TGT,2009-10-15,31.56,32.01,31.29,31.99,13788704,50.42,51.15,50,51.11,8629700,2026-02-14T03:46:44Z
TGT,2009-10-16,31.34,31.5,31.07,31.46,10815805,50.08,50.33,49.65,50.27,6769100,2026-02-14T03:46:44Z
TGT,2009-10-19,31.54,31.73,31.32,31.46,8256899,50.39,50.7,50.05,50.26,5167600,2026-02-14T03:46:44Z
TGT,2009-10-20,31.27,31.79,30.99,31.45,6931654,49.97,50.8,49.51,50.25,4338200,2026-02-14T03:46:44Z
TGT,2009-10-21,30.6,31.77,30.55,31.46,12595933,48.9,50.76,48.81,50.26,7883200,2026-02-14T03:46:44Z
TGT,2009-10-22,30.97,31.26,30.55,30.67,10926035,49.49,49.95,48.82,49.01,6838100,2026-02-14T03:46:44Z
TGT,2009-10-23,30.69,31.42,30.54,31.17,9541688,49.03,50.2,48.8,49.81,5971700,2026-02-14T03:46:44Z
TGT,2009-10-26,30.59,31.29,30.43,30.76,7913997,48.88,50,48.62,49.15,4953000,2026-02-14T03:46:44Z
TGT,2009-10-27,30.32,30.87,30.14,30.59,10438227,48.45,49.33,48.16,48.88,6532800,2026-02-14T03:46:44Z
TGT,2009-10-28,30.19,31.03,30.14,30.72,15292862,48.24,49.58,48.15,49.08,9571100,2026-02-14T03:46:44Z
TGT,2009-10-29,31,31.04,30.35,30.55,11836484,49.53,49.6,48.5,48.82,7407900,2026-02-14T03:46:44Z
TGT,2009-10-30,30.31,31.49,30.29,30.94,16243090,48.43,50.31,48.4,49.43,10165800,2026-02-14T03:46:44Z
TGT,2009-11-02,30.88,31.1,30.24,30.43,11397400,49.34,49.69,48.31,48.62,7133100,2026-02-14T03:46:44Z
TGT,2009-11-03,30.82,31.19,30.45,30.74,11376618,49.25,49.83,48.66,49.12,7120100,2026-02-14T03:46:44Z
TGT,2009-11-04,30.84,31.17,30.74,30.92,11556379,49.27,49.8,49.12,49.4,7232600,2026-02-14T03:46:44Z
TGT,2009-11-05,31.1,31.16,30.3,30.83,13225786,49.7,49.78,48.41,49.26,8277400,2026-02-14T03:46:44Z
TGT,2009-11-06,31.1,31.27,30.76,31.04,8458055,49.7,49.97,49.15,49.6,5293500,2026-02-14T03:46:44Z
TGT,2009-11-09,31.57,31.6,31.01,31.26,14048978,50.45,50.49,49.55,49.94,8792600,2026-02-14T03:46:44Z
TGT,2009-11-10,31.6,31.83,31.26,31.56,7722584,50.49,50.85,49.94,50.43,4833200,2026-02-14T03:46:44Z
TGT,2009-11-11,31.36,31.93,31.17,31.78,8474672,50.11,51.02,49.8,50.77,5303900,2026-02-14T03:46:44Z
TGT,2009-11-12,30.62,31.54,30.48,31.37,15335384,48.93,50.39,48.7,50.12,9597700,2026-02-14T03:46:44Z
TGT,2009-11-13,30.66,30.74,30.15,30.65,16023219,48.99,49.12,48.17,48.98,10028200,2026-02-14T03:46:44Z
TGT,2009-11-16,31.47,31.51,30.82,30.86,17550578,50.29,50.34,49.25,49.3,10984100,2026-02-14T03:46:44Z
TGT,2009-11-17,30.52,31.66,29.72,31.59,37540066,48.77,50.59,47.48,50.48,23494600,2026-02-14T03:46:44Z
TGT,2009-11-18,30.06,30.31,29.97,30.3,18459575,47.87,48.26,47.72,48.25,11593400,2026-02-14T03:46:44Z
TGT,2009-11-19,30.08,30.23,29.82,30.11,13927736,47.9,48.13,47.48,47.94,8747200,2026-02-14T03:46:44Z
TGT,2009-11-20,29.81,30.26,29.64,29.98,12307286,47.46,48.18,47.2,47.73,7729500,2026-02-14T03:46:44Z
TGT,2009-11-23,29.68,30.1,29.62,30.1,11427725,47.26,47.93,47.16,47.92,7177100,2026-02-14T03:46:44Z
TGT,2009-11-24,29.81,29.86,29.55,29.58,9335194,47.46,47.55,47.05,47.1,5862900,2026-02-14T03:46:44Z
TGT,2009-11-25,30.04,30.18,29.76,29.85,6901278,47.83,48.05,47.38,47.52,4334300,2026-02-14T03:46:44Z
TGT,2009-11-27,29.96,30.11,29.28,29.47,6757829,47.7,47.94,46.62,46.92,4244200,2026-02-14T03:46:44Z
TGT,2009-11-30,29.24,29.94,28.88,29.8,20489987,46.56,47.67,45.99,47.45,12868600,2026-02-14T03:46:44Z
TGT,2009-12-01,29.38,29.68,29.29,29.57,15194686,46.78,47.25,46.64,47.08,9542900,2026-02-14T03:46:44Z
TGT,2009-12-02,29.97,30.01,29.31,29.36,17940340,47.72,47.79,46.67,46.75,11267300,2026-02-14T03:46:44Z
TGT,2009-12-03,29.11,29.68,28.92,29.57,22877408,46.35,47.25,46.05,47.08,14368000,2026-02-14T03:46:44Z
TGT,2009-12-04,28.66,29.64,28.37,29.49,27882787,45.64,47.19,45.17,46.96,17511600,2026-02-14T03:46:44Z
TGT,2009-12-07,29.1,29.2,28.66,28.66,13761005,46.34,46.5,45.64,45.64,8642500,2026-02-14T03:46:44Z
TGT,2009-12-08,28.81,29.02,28.53,28.95,10143265,45.87,46.2,45.42,46.1,6370400,2026-02-14T03:46:44Z
TGT,2009-12-09,28.45,28.72,28.33,28.7,10577955,45.3,45.73,45.11,45.7,6643400,2026-02-14T03:46:44Z
