ticker,tradeDate,clsPx,hiPx,loPx,open,stockVolume,unadjClsPx,unadjHiPx,unadjLoPx,unadjOpen,unadjStockVolume,updatedAt
TJX,2006-01-03,4.43,4.45,4.32,4.44,15290995,23.15,23.23,22.57,23.2,2929200,2026-02-14T03:46:45Z
TJX,2006-01-04,4.66,4.68,4.43,4.43,42849330,24.32,24.44,23.12,23.15,8208500,2026-02-14T03:46:45Z
TJX,2006-01-05,4.64,4.73,4.6,4.68,30517924,24.2,24.68,24.01,24.45,5846200,2026-02-14T03:46:45Z
TJX,2006-01-06,4.7,4.7,4.64,4.68,25399071,24.52,24.55,24.22,24.45,4865600,2026-02-14T03:46:45Z
TJX,2006-01-09,4.78,4.79,4.67,4.71,18868330,24.93,25,24.4,24.61,3614500,2026-02-14T03:46:45Z
TJX,2006-01-10,4.79,4.79,4.76,4.78,17272555,25,25,24.85,24.93,3308800,2026-02-14T03:46:45Z
TJX,2006-01-11,4.82,4.88,4.78,4.79,17640513,25.18,25.48,24.96,25,3379300,2026-02-14T03:46:45Z
TJX,2006-01-12,4.78,4.84,4.75,4.81,14162612,24.94,25.27,24.81,25.1,2713100,2026-02-14T03:46:45Z
TJX,2006-01-13,4.77,4.81,4.73,4.79,10731012,24.9,25.09,24.71,24.98,2055700,2026-02-14T03:46:45Z
TJX,2006-01-17,4.72,4.75,4.69,4.74,9055278,24.62,24.81,24.49,24.72,1734700,2026-02-14T03:46:45Z
TJX,2006-01-18,4.71,4.79,4.67,4.69,11079191,24.58,24.98,24.4,24.48,2122400,2026-02-14T03:46:45Z
TJX,2006-01-19,4.71,4.74,4.69,4.72,8078223,24.61,24.73,24.46,24.65,1547500,2026-02-14T03:46:45Z
TJX,2006-01-20,4.63,4.75,4.62,4.74,11607401,24.18,24.8,24.12,24.75,2223600,2026-02-14T03:46:45Z
TJX,2006-01-23,4.59,4.67,4.5,4.5,8833028,23.96,24.4,23.5,23.5,1692100,2026-02-14T03:46:45Z
TJX,2006-01-24,4.64,4.69,4.6,4.63,15411543,24.23,24.47,24,24.15,2952300,2026-02-14T03:46:45Z
TJX,2006-01-25,4.71,4.72,4.64,4.67,9375864,24.58,24.65,24.24,24.35,1796100,2026-02-14T03:46:45Z
TJX,2006-01-26,4.71,4.78,4.69,4.75,11664445,24.6,24.95,24.46,24.78,2234500,2026-02-14T03:46:45Z
TJX,2006-01-27,4.77,4.79,4.7,4.7,23070792,24.89,24.98,24.54,24.55,4419600,2026-02-14T03:46:45Z
TJX,2006-01-30,4.76,4.81,4.76,4.78,11716104,24.85,25.09,24.84,24.95,2244400,2026-02-14T03:46:45Z
TJX,2006-01-31,4.89,4.91,4.8,4.83,19405765,25.53,25.63,25.08,25.23,3717500,2026-02-14T03:46:45Z
TJX,2006-02-01,4.84,4.88,4.79,4.88,13691899,25.29,25.49,25,25.48,2622900,2026-02-14T03:46:45Z
TJX,2006-02-02,4.93,4.94,4.84,4.87,16650580,25.72,25.79,25.25,25.43,3189700,2026-02-14T03:46:45Z
TJX,2006-02-03,4.74,4.9,4.73,4.88,16977013,24.73,25.59,24.69,25.5,3252200,2026-02-14T03:46:45Z
TJX,2006-02-06,4.82,4.83,4.74,4.74,8868485,25.16,25.23,24.73,24.73,1698900,2026-02-14T03:46:45Z
TJX,2006-02-07,4.76,4.88,4.73,4.81,10743911,24.79,25.4,24.63,25.05,2063100,2026-02-14T03:46:45Z
TJX,2006-02-08,4.77,4.8,4.71,4.8,21819311,24.82,24.99,24.55,24.99,4189800,2026-02-14T03:46:45Z
TJX,2006-02-09,4.71,4.77,4.7,4.75,13751430,24.51,24.86,24.46,24.73,2640600,2026-02-14T03:46:45Z
TJX,2006-02-10,4.69,4.74,4.66,4.7,15098005,24.44,24.67,24.28,24.45,2899200,2026-02-14T03:46:45Z
TJX,2006-02-13,4.7,4.71,4.67,4.68,13583797,24.47,24.53,24.34,24.36,2608400,2026-02-14T03:46:45Z
TJX,2006-02-14,4.73,4.73,4.68,4.7,13428040,24.61,24.64,24.38,24.47,2578500,2026-02-14T03:46:45Z
TJX,2006-02-15,4.78,4.78,4.71,4.73,19528277,24.9,24.91,24.51,24.61,3749900,2026-02-14T03:46:45Z
TJX,2006-02-16,4.8,4.81,4.78,4.81,17787879,25,25.04,24.9,25.03,3415700,2026-02-14T03:46:45Z
TJX,2006-02-17,4.7,4.8,4.69,4.8,9503993,24.45,25.01,24.41,25.01,1825000,2026-02-14T03:46:45Z
TJX,2006-02-21,4.71,4.78,4.7,4.71,16672424,24.51,24.89,24.47,24.5,3201500,2026-02-14T03:46:45Z
TJX,2006-02-22,4.7,4.75,4.6,4.61,20090141,24.45,24.76,23.95,24,3857800,2026-02-14T03:46:45Z
TJX,2006-02-23,4.67,4.75,4.67,4.7,11310672,24.33,24.75,24.3,24.46,2171900,2026-02-14T03:46:45Z
TJX,2006-02-24,4.64,4.67,4.57,4.67,13816901,24.14,24.34,23.81,24.34,2653200,2026-02-14T03:46:45Z
TJX,2006-02-27,4.74,4.76,4.65,4.65,9705543,24.7,24.79,24.2,24.2,1863700,2026-02-14T03:46:45Z
TJX,2006-02-28,4.7,4.77,4.68,4.71,10482471,24.49,24.82,24.38,24.55,2012900,2026-02-14T03:46:45Z
TJX,2006-03-01,4.71,4.74,4.67,4.71,8229194,24.51,24.66,24.3,24.5,1580200,2026-02-14T03:46:45Z
TJX,2006-03-02,4.66,4.71,4.63,4.67,12098546,24.27,24.54,24.12,24.3,2323200,2026-02-14T03:46:45Z
TJX,2006-03-03,4.65,4.72,4.62,4.64,10313816,24.21,24.56,24.06,24.17,1980500,2026-02-14T03:46:45Z
TJX,2006-03-06,4.62,4.66,4.58,4.65,5225339,24.04,24.24,23.86,24.2,1003400,2026-02-14T03:46:45Z
TJX,2006-03-07,4.65,4.65,4.59,4.62,12503235,24.23,24.23,23.91,24.05,2400900,2026-02-14T03:46:45Z
TJX,2006-03-08,4.76,4.77,4.63,4.63,22886467,24.78,24.86,24.1,24.1,4394700,2026-02-14T03:46:45Z
TJX,2006-03-09,4.77,4.79,4.72,4.76,16570902,24.86,24.95,24.58,24.78,3182000,2026-02-14T03:46:45Z
TJX,2006-03-10,4.81,4.82,4.76,4.77,10947638,25.06,25.11,24.8,24.85,2102200,2026-02-14T03:46:45Z
TJX,2006-03-13,4.81,4.84,4.8,4.8,6048750,25.06,25.19,25,25.02,1161500,2026-02-14T03:46:45Z
TJX,2006-03-14,4.86,4.86,4.79,4.8,7196997,25.29,25.32,24.96,25.02,1382000,2026-02-14T03:46:45Z
TJX,2006-03-15,4.87,4.88,4.85,4.87,12914607,25.36,25.43,25.26,25.35,2479900,2026-02-14T03:46:45Z
TJX,2006-03-16,4.87,4.88,4.85,4.87,9562806,25.38,25.43,25.28,25.35,1836300,2026-02-14T03:46:45Z
TJX,2006-03-17,4.9,4.92,4.88,4.89,18474151,25.53,25.65,25.4,25.45,3547500,2026-02-14T03:46:45Z
TJX,2006-03-20,4.93,4.94,4.9,4.9,10970926,25.67,25.72,25.51,25.53,2106700,2026-02-14T03:46:45Z
TJX,2006-03-21,4.98,4.99,4.9,4.93,15660487,25.93,26,25.5,25.69,3007200,2026-02-14T03:46:45Z
TJX,2006-03-22,4.97,4.99,4.89,4.96,14276749,25.87,26,25.49,25.85,2741500,2026-02-14T03:46:45Z
TJX,2006-03-23,4.98,5.05,4.97,4.99,19446378,25.92,26.28,25.89,25.98,3734200,2026-02-14T03:46:45Z
TJX,2006-03-24,4.86,4.97,4.83,4.96,18773124,25.29,25.86,25.17,25.83,3604900,2026-02-14T03:46:45Z
TJX,2006-03-27,4.84,4.92,4.82,4.84,15221612,25.21,25.6,25.11,25.19,2922900,2026-02-14T03:46:45Z
TJX,2006-03-28,4.78,4.84,4.78,4.84,15650706,24.91,25.2,24.89,25.2,3005300,2026-02-14T03:46:45Z
TJX,2006-03-29,4.86,4.86,4.77,4.8,13957188,25.31,25.31,24.86,25,2680100,2026-02-14T03:46:45Z
TJX,2006-03-30,4.82,4.88,4.81,4.84,13391505,25.09,25.42,25.05,25.22,2571500,2026-02-14T03:46:45Z
TJX,2006-03-31,4.77,4.86,4.76,4.82,20475718,24.82,25.31,24.79,25.1,3931800,2026-02-14T03:46:45Z
TJX,2006-04-03,4.68,4.79,4.63,4.76,29201342,24.39,24.93,24.11,24.81,5607400,2026-02-14T03:46:45Z
TJX,2006-04-04,4.7,4.76,4.67,4.68,34354387,24.48,24.77,24.3,24.36,6596800,2026-02-14T03:46:45Z
TJX,2006-04-05,4.68,4.72,4.67,4.7,13584370,24.38,24.56,24.32,24.45,2608500,2026-02-14T03:46:45Z
TJX,2006-04-06,4.72,4.73,4.67,4.68,19156140,24.58,24.64,24.3,24.38,3678400,2026-02-14T03:46:45Z
TJX,2006-04-07,4.7,4.75,4.66,4.72,12805243,24.47,24.72,24.28,24.59,2458900,2026-02-14T03:46:45Z
TJX,2006-04-10,4.69,4.71,4.66,4.69,16844789,24.41,24.5,24.28,24.44,3234600,2026-02-14T03:46:45Z
TJX,2006-04-11,4.65,4.69,4.64,4.68,14311296,24.22,24.41,24.18,24.4,2748100,2026-02-14T03:46:45Z
TJX,2006-04-12,4.65,4.68,4.63,4.66,9325919,24.21,24.39,24.13,24.25,1790800,2026-02-14T03:46:45Z
TJX,2006-04-13,4.65,4.68,4.64,4.65,7029913,24.23,24.35,24.15,24.21,1349900,2026-02-14T03:46:45Z
TJX,2006-04-17,4.61,4.66,4.6,4.64,10092912,23.99,24.28,23.95,24.17,1938100,2026-02-14T03:46:45Z
TJX,2006-04-18,4.69,4.7,4.61,4.61,6740861,24.42,24.49,24.01,24.01,1294400,2026-02-14T03:46:45Z
TJX,2006-04-19,4.7,4.71,4.65,4.68,6875683,24.45,24.51,24.21,24.36,1320300,2026-02-14T03:46:45Z
TJX,2006-04-20,4.72,4.75,4.67,4.68,4770245,24.56,24.75,24.33,24.39,916000,2026-02-14T03:46:45Z
TJX,2006-04-21,4.71,4.76,4.69,4.76,11496499,24.51,24.78,24.42,24.78,2207600,2026-02-14T03:46:45Z
TJX,2006-04-24,4.66,4.71,4.63,4.69,7357449,24.27,24.55,24.09,24.42,1412800,2026-02-14T03:46:45Z
TJX,2006-04-25,4.67,4.71,4.64,4.66,6390323,24.3,24.54,24.17,24.27,1227100,2026-02-14T03:46:45Z
TJX,2006-04-26,4.64,4.72,4.63,4.68,12830166,24.16,24.59,24.13,24.35,2463700,2026-02-14T03:46:45Z
TJX,2006-04-27,4.66,4.68,4.59,4.64,19234668,24.27,24.39,23.89,24.15,3693500,2026-02-14T03:46:45Z
TJX,2006-04-28,4.63,4.68,4.61,4.66,12386576,24.13,24.4,24.01,24.28,2378500,2026-02-14T03:46:45Z
TJX,2006-05-01,4.59,4.7,4.58,4.65,11488081,23.9,24.45,23.86,24.23,2206000,2026-02-14T03:46:45Z
TJX,2006-05-02,4.59,4.64,4.56,4.59,22234690,23.91,24.15,23.73,23.9,4269600,2026-02-14T03:46:45Z
TJX,2006-05-03,4.49,4.6,4.48,4.6,30807372,23.39,23.94,23.33,23.94,5915700,2026-02-14T03:46:45Z
TJX,2006-05-04,4.61,4.65,4.5,4.5,21513109,24.03,24.22,23.43,23.43,4131000,2026-02-14T03:46:45Z
TJX,2006-05-05,4.68,4.7,4.65,4.67,11475189,24.37,24.48,24.21,24.3,2203500,2026-02-14T03:46:45Z
TJX,2006-05-08,4.72,4.79,4.66,4.66,14041621,24.58,24.93,24.25,24.27,2696300,2026-02-14T03:46:45Z
TJX,2006-05-09,4.73,4.76,4.72,4.73,8819637,24.55,24.72,24.51,24.55,1698400,2026-02-14T03:46:45Z
TJX,2006-05-10,4.7,4.72,4.68,4.7,7560219,24.4,24.53,24.29,24.42,1455900,2026-02-14T03:46:45Z
TJX,2006-05-11,4.61,4.68,4.6,4.67,11322580,23.96,24.3,23.87,24.26,2180400,2026-02-14T03:46:45Z
TJX,2006-05-12,4.51,4.63,4.51,4.61,14914295,23.43,24.02,23.42,23.96,2872100,2026-02-14T03:46:45Z
TJX,2006-05-15,4.6,4.64,4.49,4.51,13412182,23.88,24.08,23.3,23.43,2582800,2026-02-14T03:46:45Z
TJX,2006-05-16,4.57,4.63,4.52,4.6,17657754,23.75,24.05,23.49,23.89,3400400,2026-02-14T03:46:45Z
TJX,2006-05-17,4.55,4.58,4.5,4.55,14642156,23.62,23.78,23.39,23.65,2819700,2026-02-14T03:46:45Z
TJX,2006-05-18,4.59,4.63,4.53,4.56,13643853,23.85,24.02,23.53,23.66,2627400,2026-02-14T03:46:45Z
TJX,2006-05-19,4.61,4.65,4.57,4.62,12713748,23.92,24.15,23.72,24,2448300,2026-02-14T03:46:45Z
TJX,2006-05-22,4.58,4.62,4.52,4.6,9487281,23.78,23.99,23.46,23.91,1827000,2026-02-14T03:46:45Z
TJX,2006-05-23,4.52,4.59,4.52,4.58,14305187,23.47,23.85,23.47,23.76,2754800,2026-02-14T03:46:45Z
TJX,2006-05-24,4.57,4.57,4.47,4.5,25776232,23.71,23.71,23.21,23.36,4963800,2026-02-14T03:46:45Z
TJX,2006-05-25,4.57,4.58,4.53,4.57,8675780,23.73,23.79,23.52,23.75,1670700,2026-02-14T03:46:45Z
TJX,2006-05-26,4.54,4.57,4.52,4.57,9179987,23.57,23.75,23.45,23.75,1767800,2026-02-14T03:46:45Z
TJX,2006-05-30,4.48,4.54,4.46,4.52,9220911,23.24,23.55,23.18,23.45,1775700,2026-02-14T03:46:45Z
TJX,2006-05-31,4.57,4.57,4.49,4.49,10621440,23.71,23.72,23.3,23.3,2045400,2026-02-14T03:46:45Z
TJX,2006-06-01,4.62,4.64,4.54,4.57,11453256,23.97,24.1,23.59,23.75,2205600,2026-02-14T03:46:45Z
TJX,2006-06-02,4.56,4.62,4.51,4.62,9247360,23.7,23.99,23.43,23.98,1780800,2026-02-14T03:46:45Z
TJX,2006-06-05,4.47,4.55,4.47,4.54,7040401,23.23,23.64,23.22,23.57,1355800,2026-02-14T03:46:45Z
TJX,2006-06-06,4.49,4.53,4.41,4.5,10661470,23.29,23.5,22.91,23.38,2053100,2026-02-14T03:46:45Z
TJX,2006-06-07,4.42,4.51,4.42,4.48,9468619,22.97,23.43,22.97,23.27,1823400,2026-02-14T03:46:45Z
TJX,2006-06-08,4.49,4.52,4.36,4.43,13476004,23.29,23.45,22.65,23,2595100,2026-02-14T03:46:45Z
TJX,2006-06-09,4.43,4.51,4.43,4.48,8510028,23.01,23.4,23,23.27,1638800,2026-02-14T03:46:45Z
TJX,2006-06-12,4.33,4.47,4.33,4.45,12986443,22.49,23.19,22.48,23.1,2500800,2026-02-14T03:46:45Z
TJX,2006-06-13,4.28,4.39,4.28,4.33,17368573,22.24,22.79,22.24,22.5,3344700,2026-02-14T03:46:45Z
TJX,2006-06-14,4.33,4.4,4.28,4.29,18156718,22.5,22.85,22.22,22.25,3496500,2026-02-14T03:46:45Z
TJX,2006-06-15,4.42,4.43,4.33,4.33,15915704,22.95,23.02,22.47,22.51,3064900,2026-02-14T03:46:45Z
TJX,2006-06-16,4.39,4.43,4.38,4.42,11425378,22.79,23,22.73,22.95,2200200,2026-02-14T03:46:45Z
TJX,2006-06-19,4.35,4.42,4.33,4.41,8695503,22.6,22.95,22.47,22.89,1674500,2026-02-14T03:46:45Z
TJX,2006-06-20,4.37,4.39,4.33,4.35,7306288,22.69,22.82,22.48,22.6,1407000,2026-02-14T03:46:45Z
TJX,2006-06-21,4.42,4.43,4.36,4.36,6546572,22.96,23,22.64,22.65,1260700,2026-02-14T03:46:45Z
TJX,2006-06-22,4.41,4.43,4.37,4.41,8495571,22.91,23,22.69,22.89,1636000,2026-02-14T03:46:45Z
TJX,2006-06-23,4.39,4.44,4.36,4.39,10584712,22.8,23.04,22.62,22.8,2038300,2026-02-14T03:46:45Z
TJX,2006-06-26,4.39,4.42,4.37,4.38,8676786,22.79,22.96,22.7,22.74,1670900,2026-02-14T03:46:45Z
TJX,2006-06-27,4.33,4.41,4.33,4.38,9934397,22.5,22.89,22.48,22.73,1913100,2026-02-14T03:46:45Z
TJX,2006-06-28,4.34,4.37,4.28,4.34,8089344,22.53,22.69,22.22,22.55,1557800,2026-02-14T03:46:45Z
TJX,2006-06-29,4.38,4.39,4.34,4.38,12400001,22.74,22.81,22.54,22.73,2387900,2026-02-14T03:46:45Z
TJX,2006-06-30,4.4,4.41,4.37,4.4,10881634,22.86,22.91,22.67,22.84,2095500,2026-02-14T03:46:45Z
TJX,2006-07-03,4.36,4.42,4.33,4.41,4380677,22.62,22.94,22.49,22.88,843600,2026-02-14T03:46:45Z
TJX,2006-07-05,4.28,4.35,4.27,4.32,16109726,22.23,22.6,22.16,22.45,3102300,2026-02-14T03:46:45Z
TJX,2006-07-06,4.5,4.51,4.4,4.49,34050700,23.37,23.42,22.87,23.3,6557200,2026-02-14T03:46:45Z
TJX,2006-07-07,4.56,4.57,4.44,4.45,23415937,23.66,23.71,23.04,23.1,4509300,2026-02-14T03:46:45Z
TJX,2006-07-10,4.6,4.67,4.56,4.56,11718328,23.89,24.25,23.66,23.66,2256600,2026-02-14T03:46:45Z
TJX,2006-07-11,4.6,4.62,4.51,4.57,10068377,23.9,23.97,23.42,23.75,1938900,2026-02-14T03:46:45Z
TJX,2006-07-12,4.63,4.74,4.62,4.66,12724677,24.04,24.6,24,24.21,2450400,2026-02-14T03:46:45Z
TJX,2006-07-13,4.57,4.64,4.53,4.61,19707876,23.71,24.09,23.51,23.93,3795200,2026-02-14T03:46:45Z
TJX,2006-07-14,4.5,4.58,4.47,4.54,13295685,23.39,23.81,23.21,23.59,2560400,2026-02-14T03:46:45Z
TJX,2006-07-17,4.61,4.62,4.47,4.48,12398477,23.95,24,23.24,23.28,2387600,2026-02-14T03:46:45Z
TJX,2006-07-18,4.52,4.59,4.45,4.59,25663594,23.48,23.85,23.11,23.85,4942100,2026-02-14T03:46:45Z
TJX,2006-07-19,4.71,4.74,4.55,4.55,16814100,24.47,24.6,23.61,23.63,3237900,2026-02-14T03:46:45Z
TJX,2006-07-20,4.61,4.71,4.61,4.7,9356032,23.96,24.43,23.92,24.38,1801700,2026-02-14T03:46:45Z
TJX,2006-07-21,4.56,4.63,4.56,4.62,10670764,23.67,24.02,23.67,23.99,2054900,2026-02-14T03:46:45Z
TJX,2006-07-24,4.76,4.77,4.64,4.64,17908972,24.71,24.78,24.08,24.1,3448800,2026-02-14T03:46:45Z
TJX,2006-07-25,4.81,4.83,4.69,4.72,16723954,24.98,25.11,24.36,24.52,3220600,2026-02-14T03:46:45Z
TJX,2006-07-26,4.71,4.81,4.71,4.8,11393229,24.47,24.96,24.45,24.95,2194000,2026-02-14T03:46:45Z
TJX,2006-07-27,4.64,4.79,4.63,4.74,11712530,24.11,24.88,24.05,24.63,2255500,2026-02-14T03:46:45Z
TJX,2006-07-28,4.72,4.75,4.65,4.67,9983253,24.49,24.64,24.17,24.27,1922500,2026-02-14T03:46:45Z
TJX,2006-07-31,4.69,4.76,4.67,4.73,7801723,24.37,24.74,24.27,24.57,1502400,2026-02-14T03:46:45Z
TJX,2006-08-01,4.75,4.75,4.62,4.7,18354793,24.66,24.69,24,24.38,3534600,2026-02-14T03:46:45Z
TJX,2006-08-02,4.66,4.75,4.64,4.75,19953237,24.2,24.67,24.09,24.66,3842400,2026-02-14T03:46:45Z
TJX,2006-08-03,4.92,4.93,4.64,4.66,21027313,25.57,25.62,24.1,24.2,4049300,2026-02-14T03:46:45Z
TJX,2006-08-04,4.97,5.01,4.94,4.97,27338001,25.79,26.04,25.64,25.82,5264500,2026-02-14T03:46:45Z
TJX,2006-08-07,4.97,4.99,4.88,4.88,15157837,25.8,25.89,25.34,25.35,2919000,2026-02-14T03:46:45Z
TJX,2006-08-08,4.93,5.02,4.93,5,12847422,25.54,25.98,25.53,25.91,2480800,2026-02-14T03:46:45Z
TJX,2006-08-09,4.89,5,4.89,4.97,9710100,25.34,25.88,25.34,25.74,1875000,2026-02-14T03:46:45Z
TJX,2006-08-10,5.03,5.05,4.83,4.86,19672130,26.07,26.15,25.01,25.15,3798600,2026-02-14T03:46:45Z
TJX,2006-08-11,5.16,5.16,5.03,5.03,24179281,26.72,26.72,26.03,26.07,4668900,2026-02-14T03:46:45Z
TJX,2006-08-14,5.1,5.21,5.09,5.17,29400378,26.42,27,26.38,26.8,5677100,2026-02-14T03:46:45Z
TJX,2006-08-15,5.19,5.22,5.14,5.16,36071620,26.87,27.05,26.63,26.7,6965300,2026-02-14T03:46:45Z
TJX,2006-08-16,5.21,5.21,5.09,5.09,17600463,26.96,27,26.35,26.35,3398600,2026-02-14T03:46:45Z
TJX,2006-08-17,5.21,5.26,5.17,5.18,17981726,26.97,27.23,26.77,26.85,3472200,2026-02-14T03:46:45Z
TJX,2006-08-18,5.17,5.21,5.14,5.21,11396861,26.8,27,26.62,27,2200700,2026-02-14T03:46:45Z
TJX,2006-08-21,5.21,5.21,5.13,5.14,10775920,26.96,27,26.56,26.61,2080800,2026-02-14T03:46:45Z
TJX,2006-08-22,5.19,5.21,5.16,5.21,8858205,26.89,26.96,26.71,26.96,1710500,2026-02-14T03:46:45Z
TJX,2006-08-23,5.19,5.21,5.14,5.18,9461008,26.89,26.97,26.6,26.82,1826900,2026-02-14T03:46:45Z
TJX,2006-08-24,5.06,5.21,5.05,5.19,13862575,26.2,26.96,26.16,26.9,2676800,2026-02-14T03:46:45Z
TJX,2006-08-25,5.06,5.07,5.01,5.04,13141170,26.2,26.27,25.95,26.1,2537500,2026-02-14T03:46:45Z
TJX,2006-08-28,5.14,5.18,5.06,5.06,11901887,26.62,26.81,26.21,26.21,2298200,2026-02-14T03:46:45Z
TJX,2006-08-29,5.16,5.18,5.02,5.06,18156749,26.71,26.82,26,26.19,3506000,2026-02-14T03:46:45Z
TJX,2006-08-30,5.17,5.17,5.11,5.16,16984875,26.75,26.8,26.45,26.72,3279700,2026-02-14T03:46:45Z
TJX,2006-08-31,5.17,5.19,5.11,5.17,17994221,26.75,26.89,26.44,26.75,3474600,2026-02-14T03:46:45Z
TJX,2006-09-01,5.18,5.18,5.12,5.17,7695705,26.82,26.84,26.52,26.75,1486000,2026-02-14T03:46:45Z
TJX,2006-09-05,5.21,5.21,5.16,5.18,11258713,26.98,27,26.73,26.82,2174000,2026-02-14T03:46:45Z
TJX,2006-09-06,5.21,5.21,5.15,5.21,14241079,27,27.01,26.69,26.98,2749900,2026-02-14T03:46:45Z
TJX,2006-09-07,5.18,5.22,5.17,5.19,13081128,26.85,27.05,26.79,26.9,2525900,2026-02-14T03:46:45Z
TJX,2006-09-08,5.2,5.2,5.13,5.14,13796780,26.94,26.95,26.55,26.6,2664100,2026-02-14T03:46:45Z
TJX,2006-09-11,5.26,5.3,5.16,5.17,18397573,27.26,27.46,26.74,26.75,3552500,2026-02-14T03:46:45Z
TJX,2006-09-12,5.36,5.39,5.27,5.29,33857815,27.78,27.89,27.31,27.37,6537800,2026-02-14T03:46:45Z
TJX,2006-09-13,5.4,5.43,5.33,5.38,31352476,27.95,28.12,27.6,27.88,6054000,2026-02-14T03:46:45Z
TJX,2006-09-14,5.4,5.44,5.32,5.37,19393308,27.99,28.18,27.56,27.8,3744800,2026-02-14T03:46:45Z
TJX,2006-09-15,5.42,5.45,5.37,5.43,21949596,28.06,28.24,27.82,28.1,4238400,2026-02-14T03:46:45Z
TJX,2006-09-18,5.34,5.4,5.33,5.38,13141218,27.66,27.98,27.62,27.87,2537500,2026-02-14T03:46:45Z
TJX,2006-09-19,5.51,5.51,5.39,5.39,31072399,28.54,28.54,27.91,27.91,6000000,2026-02-14T03:46:45Z
TJX,2006-09-20,5.46,5.5,5.46,5.5,25531309,28.26,28.51,28.25,28.46,4930000,2026-02-14T03:46:45Z
TJX,2006-09-21,5.39,5.47,5.33,5.42,34294719,27.9,28.32,27.61,28.08,6622200,2026-02-14T03:46:45Z
TJX,2006-09-22,5.39,5.4,5.3,5.34,13957848,27.91,27.97,27.46,27.65,2695200,2026-02-14T03:46:45Z
TJX,2006-09-25,5.46,5.5,5.41,5.49,22218031,28.3,28.5,28.01,28.42,4290200,2026-02-14T03:46:45Z
TJX,2006-09-26,5.56,5.59,5.47,5.48,32170024,28.78,28.97,28.33,28.38,6211900,2026-02-14T03:46:45Z
TJX,2006-09-27,5.5,5.57,5.47,5.53,16003046,28.47,28.86,28.35,28.65,3090100,2026-02-14T03:46:45Z
TJX,2006-09-28,5.53,5.54,5.47,5.52,18197292,28.63,28.71,28.31,28.6,3513800,2026-02-14T03:46:45Z
TJX,2006-09-29,5.41,5.53,5.41,5.53,18979095,28.03,28.63,28.02,28.62,3664800,2026-02-14T03:46:45Z
TJX,2006-10-02,5.47,5.49,5.37,5.41,20648197,28.32,28.41,27.82,28.03,3987100,2026-02-14T03:46:45Z
TJX,2006-10-03,5.44,5.5,5.44,5.49,19987900,28.19,28.5,28.15,28.45,3859600,2026-02-14T03:46:45Z
TJX,2006-10-04,5.47,5.48,5.41,5.44,28893287,28.32,28.36,28.02,28.19,5579200,2026-02-14T03:46:45Z
TJX,2006-10-05,5.56,5.66,5.49,5.65,43941840,28.81,29.3,28.41,29.25,8485000,2026-02-14T03:46:45Z
TJX,2006-10-06,5.61,5.65,5.46,5.52,28177179,29.07,29.26,28.29,28.59,5440900,2026-02-14T03:46:45Z
TJX,2006-10-09,5.62,5.62,5.55,5.6,12128602,29.09,29.09,28.73,29,2342000,2026-02-14T03:46:45Z
TJX,2006-10-10,5.62,5.64,5.56,5.56,15436844,29.13,29.21,28.8,28.8,2980800,2026-02-14T03:46:45Z
TJX,2006-10-11,5.58,5.64,5.58,5.62,21417983,28.92,29.21,28.91,29.13,4135700,2026-02-14T03:46:45Z
TJX,2006-10-12,5.6,5.62,5.57,5.62,21602663,29,29.12,28.84,29.1,4171400,2026-02-14T03:46:45Z
TJX,2006-10-13,5.61,5.61,5.57,5.6,13388695,29.04,29.06,28.85,29,2585300,2026-02-14T03:46:45Z
TJX,2006-10-16,5.6,5.63,5.59,5.63,11870745,29,29.18,28.93,29.17,2292200,2026-02-14T03:46:45Z
TJX,2006-10-17,5.59,5.61,5.55,5.6,12141609,28.97,29.06,28.76,29,2344500,2026-02-14T03:46:45Z
TJX,2006-10-18,5.66,5.68,5.6,5.6,16203465,29.31,29.4,28.98,29,3128800,2026-02-14T03:46:45Z
TJX,2006-10-19,5.62,5.71,5.61,5.63,14724247,29.13,29.55,29.05,29.15,2843200,2026-02-14T03:46:45Z
TJX,2006-10-20,5.65,5.69,5.62,5.69,15673952,29.25,29.46,29.09,29.45,3026600,2026-02-14T03:46:45Z
TJX,2006-10-23,5.68,5.73,5.59,5.6,16824837,29.43,29.67,28.94,29,3248800,2026-02-14T03:46:45Z
TJX,2006-10-24,5.71,5.74,5.62,5.63,26020298,29.56,29.74,29.09,29.15,5024400,2026-02-14T03:46:45Z
TJX,2006-10-25,5.62,5.72,5.57,5.71,19054643,29.09,29.61,28.85,29.56,3679400,2026-02-14T03:46:45Z
TJX,2006-10-26,5.65,5.66,5.57,5.62,10878505,29.26,29.3,28.82,29.1,2100600,2026-02-14T03:46:45Z
TJX,2006-10-27,5.57,5.65,5.56,5.63,8814828,28.82,29.24,28.8,29.14,1702100,2026-02-14T03:46:45Z
TJX,2006-10-30,5.59,5.64,5.53,5.57,9166989,28.95,29.21,28.64,28.83,1770100,2026-02-14T03:46:45Z
TJX,2006-10-31,5.59,5.65,5.57,5.57,13531164,28.95,29.24,28.83,28.85,2612800,2026-02-14T03:46:45Z
TJX,2006-11-01,5.45,5.6,5.44,5.6,10060741,28.22,29.02,28.18,29,1942700,2026-02-14T03:46:45Z
TJX,2006-11-02,5.47,5.52,5.37,5.45,21754378,28.32,28.6,27.8,28.22,4200700,2026-02-14T03:46:45Z
TJX,2006-11-03,5.5,5.55,5.42,5.5,21035033,28.48,28.72,28.08,28.47,4061800,2026-02-14T03:46:45Z
TJX,2006-11-06,5.64,5.65,5.48,5.5,21271413,29.21,29.25,28.4,28.48,4107400,2026-02-14T03:46:45Z
TJX,2006-11-07,5.7,5.73,5.62,5.64,14837276,29.44,29.59,29.01,29.14,2871900,2026-02-14T03:46:45Z
TJX,2006-11-08,5.67,5.73,5.65,5.7,12485034,29.3,29.6,29.17,29.44,2416600,2026-02-14T03:46:45Z
TJX,2006-11-09,5.56,5.68,5.56,5.66,20294665,28.75,29.36,28.72,29.26,3928200,2026-02-14T03:46:45Z
TJX,2006-11-10,5.54,5.59,5.52,5.58,16153712,28.63,28.9,28.52,28.82,3126700,2026-02-14T03:46:45Z
TJX,2006-11-13,5.5,5.59,5.47,5.56,13245962,28.42,28.9,28.26,28.74,2563900,2026-02-14T03:46:45Z
TJX,2006-11-14,5.52,5.58,5.44,5.5,26474628,28.52,28.84,28.1,28.4,5124400,2026-02-14T03:46:45Z
TJX,2006-11-15,5.77,5.78,5.57,5.57,26995541,29.79,29.84,28.75,28.8,5225300,2026-02-14T03:46:45Z
TJX,2006-11-16,5.77,5.77,5.71,5.76,12718510,29.8,29.82,29.48,29.76,2461800,2026-02-14T03:46:45Z
TJX,2006-11-17,5.66,5.76,5.66,5.76,18338483,29.24,29.76,29.24,29.75,3549600,2026-02-14T03:46:45Z
TJX,2006-11-20,5.58,5.75,5.58,5.66,15323332,28.84,29.69,28.84,29.25,2966000,2026-02-14T03:46:45Z
TJX,2006-11-21,5.51,5.61,5.5,5.6,21435661,28.45,29,28.4,28.92,4149100,2026-02-14T03:46:45Z
TJX,2006-11-22,5.47,5.56,5.45,5.53,17553232,28.26,28.71,28.16,28.55,3397600,2026-02-14T03:46:45Z
TJX,2006-11-24,5.46,5.48,5.42,5.42,5889121,28.2,28.3,27.98,28,1139900,2026-02-14T03:46:45Z
TJX,2006-11-27,5.28,5.47,5.28,5.43,25393100,27.3,28.26,27.3,28.07,4915100,2026-02-14T03:46:45Z
TJX,2006-11-28,5.3,5.37,5.28,5.28,30193469,27.4,27.76,27.26,27.3,5844200,2026-02-14T03:46:45Z
TJX,2006-11-29,5.33,5.4,5.31,5.31,20979049,27.53,27.9,27.45,27.45,4060700,2026-02-14T03:46:45Z
TJX,2006-11-30,5.31,5.35,5.19,5.35,32290337,27.42,27.65,26.8,27.64,6250100,2026-02-14T03:46:45Z
TJX,2006-12-01,5.21,5.38,5.16,5.32,27046428,26.94,27.79,26.67,27.48,5235100,2026-02-14T03:46:45Z
TJX,2006-12-04,5.4,5.44,5.23,5.24,20123563,27.9,28.1,27.03,27.08,3895100,2026-02-14T03:46:45Z
TJX,2006-12-05,5.37,5.4,5.3,5.39,15317166,27.72,27.92,27.37,27.86,2964800,2026-02-14T03:46:45Z
TJX,2006-12-06,5.45,5.46,5.36,5.42,19631690,28.15,28.19,27.7,28,3799900,2026-02-14T03:46:45Z
TJX,2006-12-07,5.38,5.48,5.37,5.46,15207180,27.81,28.3,27.74,28.2,2943500,2026-02-14T03:46:45Z
TJX,2006-12-08,5.42,5.44,5.38,5.38,10511554,27.99,28.1,27.8,27.81,2034600,2026-02-14T03:46:45Z
TJX,2006-12-11,5.45,5.48,5.41,5.43,12947371,28.17,28.31,27.94,28.04,2506100,2026-02-14T03:46:45Z
TJX,2006-12-12,5.36,5.47,5.33,5.47,17931923,27.67,28.26,27.55,28.24,3470900,2026-02-14T03:46:45Z
TJX,2006-12-13,5.44,5.46,5.35,5.4,17301005,28.11,28.18,27.65,27.89,3348800,2026-02-14T03:46:45Z
TJX,2006-12-14,5.65,5.67,5.47,5.48,26198505,29.18,29.28,28.28,28.31,5071000,2026-02-14T03:46:45Z
TJX,2006-12-15,5.62,5.7,5.62,5.69,22528485,29.05,29.46,29.03,29.42,4360600,2026-02-14T03:46:45Z
TJX,2006-12-18,5.58,5.65,5.55,5.63,14242519,28.81,29.2,28.69,29.1,2756800,2026-02-14T03:46:45Z
TJX,2006-12-19,5.58,5.61,5.5,5.57,11619208,28.83,28.98,28.44,28.75,2249000,2026-02-14T03:46:45Z
TJX,2006-12-20,5.58,5.66,5.5,5.5,20043291,28.84,29.25,28.44,28.44,3879600,2026-02-14T03:46:45Z
TJX,2006-12-21,5.56,5.67,5.55,5.64,15089302,28.7,29.32,28.67,29.15,2920700,2026-02-14T03:46:45Z
TJX,2006-12-22,5.57,5.69,5.55,5.58,5465991,28.76,29.39,28.66,28.85,1058000,2026-02-14T03:46:45Z
TJX,2006-12-26,5.53,5.57,5.46,5.57,7940702,28.57,28.77,28.22,28.77,1537000,2026-02-14T03:46:45Z
TJX,2006-12-27,5.6,5.61,5.51,5.55,6838694,28.93,28.98,28.46,28.7,1323700,2026-02-14T03:46:45Z
TJX,2006-12-28,5.57,5.67,5.56,5.6,6113818,28.78,29.28,28.71,28.94,1183400,2026-02-14T03:46:45Z
TJX,2006-12-29,5.52,5.61,5.5,5.57,6401668,28.52,28.96,28.4,28.78,1239100,2026-02-14T03:46:45Z
TJX,2007-01-03,5.55,5.71,5.5,5.59,25721579,28.67,29.48,28.43,28.9,4978700,2026-02-14T03:46:45Z
TJX,2007-01-04,5.75,5.77,5.38,5.55,24780443,29.72,29.81,27.81,28.7,4796500,2026-02-14T03:46:45Z
TJX,2007-01-05,5.63,5.76,5.59,5.72,17502143,29.08,29.75,28.89,29.55,3387700,2026-02-14T03:46:45Z
TJX,2007-01-08,5.59,5.66,5.57,5.62,15374694,28.89,29.25,28.77,29.03,2975900,2026-02-14T03:46:45Z
TJX,2007-01-09,5.67,5.71,5.6,5.6,11097336,29.27,29.5,28.91,28.92,2148000,2026-02-14T03:46:45Z
TJX,2007-01-10,5.71,5.73,5.61,5.65,8951722,29.49,29.61,28.97,29.17,1732700,2026-02-14T03:46:45Z
TJX,2007-01-11,5.8,5.8,5.71,5.71,13286805,29.94,29.98,29.5,29.5,2571800,2026-02-14T03:46:45Z
TJX,2007-01-12,5.8,5.84,5.73,5.75,20961411,29.94,30.16,29.6,29.69,4057300,2026-02-14T03:46:45Z
TJX,2007-01-16,5.78,5.81,5.67,5.79,13996611,29.85,30,29.31,29.94,2709200,2026-02-14T03:46:45Z
TJX,2007-01-17,5.74,5.83,5.58,5.75,27442053,29.63,30.1,28.85,29.73,5311700,2026-02-14T03:46:45Z
TJX,2007-01-18,5.71,5.73,5.61,5.72,26848616,29.5,29.59,29,29.55,5196800,2026-02-14T03:46:45Z
TJX,2007-01-19,5.81,5.82,5.65,5.77,23019245,30.03,30.07,29.19,29.83,4455600,2026-02-14T03:46:45Z
TJX,2007-01-22,5.8,5.81,5.71,5.8,24921050,29.95,30.04,29.52,29.97,4823700,2026-02-14T03:46:45Z
TJX,2007-01-23,5.78,5.82,5.74,5.8,15169535,29.84,30.08,29.63,29.95,2936200,2026-02-14T03:46:45Z
TJX,2007-01-24,5.81,5.85,5.77,5.78,11864108,30.04,30.24,29.82,29.87,2296400,2026-02-14T03:46:45Z
TJX,2007-01-25,5.77,5.81,5.75,5.81,16687710,29.79,30.04,29.71,30.01,3230100,2026-02-14T03:46:45Z
TJX,2007-01-26,5.71,5.78,5.67,5.77,17860675,29.5,29.88,29.31,29.81,3457100,2026-02-14T03:46:45Z
TJX,2007-01-29,5.69,5.74,5.68,5.71,16623351,29.39,29.64,29.35,29.5,3217600,2026-02-14T03:46:45Z
TJX,2007-01-30,5.7,5.76,5.67,5.7,14718467,29.47,29.74,29.28,29.47,2848900,2026-02-14T03:46:45Z
TJX,2007-01-31,5.72,5.75,5.66,5.7,14283866,29.57,29.7,29.23,29.47,2764800,2026-02-14T03:46:45Z
TJX,2007-02-01,5.51,5.7,5.49,5.61,54999210,28.49,29.43,28.37,29,10645600,2026-02-14T03:46:45Z
TJX,2007-02-02,5.55,5.57,5.49,5.51,30444507,28.69,28.77,28.34,28.49,5892800,2026-02-14T03:46:45Z
TJX,2007-02-05,5.44,5.57,5.38,5.57,23308930,28.11,28.77,27.8,28.77,4511700,2026-02-14T03:46:45Z
TJX,2007-02-06,5.5,5.5,5.43,5.45,10566766,28.35,28.37,27.99,28.08,2050400,2026-02-14T03:46:45Z
TJX,2007-02-07,5.47,5.51,5.42,5.5,10037524,28.18,28.4,27.93,28.37,1947700,2026-02-14T03:46:45Z
TJX,2007-02-08,5.55,5.56,5.45,5.46,13167771,28.6,28.63,28.1,28.13,2555100,2026-02-14T03:46:45Z
TJX,2007-02-09,5.45,5.57,5.43,5.54,18268523,28.09,28.71,27.99,28.53,3544900,2026-02-14T03:46:45Z
TJX,2007-02-12,5.44,5.47,5.42,5.45,10719800,28.05,28.17,27.93,28.06,2080100,2026-02-14T03:46:45Z
TJX,2007-02-13,5.45,5.48,5.42,5.45,14068037,28.1,28.25,27.93,28.1,2729800,2026-02-14T03:46:45Z
TJX,2007-02-14,5.55,5.57,5.46,5.48,19898719,28.62,28.71,28.11,28.26,3861200,2026-02-14T03:46:45Z
TJX,2007-02-15,5.57,5.59,5.5,5.54,10049344,28.72,28.79,28.36,28.57,1950000,2026-02-14T03:46:45Z
TJX,2007-02-16,5.52,5.57,5.5,5.56,10735772,28.47,28.72,28.36,28.65,2083200,2026-02-14T03:46:45Z
TJX,2007-02-20,5.55,5.58,5.46,5.53,14330356,28.62,28.77,28.15,28.5,2780700,2026-02-14T03:46:45Z
TJX,2007-02-21,5.47,5.53,5.4,5.5,31730778,28.18,28.5,27.83,28.37,6157100,2026-02-14T03:46:45Z
TJX,2007-02-22,5.56,5.59,5.48,5.48,27815955,28.64,28.81,28.24,28.24,5397500,2026-02-14T03:46:45Z
TJX,2007-02-23,5.52,5.58,5.48,5.56,14334461,28.47,28.76,28.24,28.65,2781500,2026-02-14T03:46:45Z
TJX,2007-02-26,5.48,5.56,5.43,5.54,16670577,28.25,28.65,28,28.54,3234800,2026-02-14T03:46:45Z
TJX,2007-02-27,5.34,5.48,5.28,5.47,30307449,27.54,28.26,27.23,28.18,5880900,2026-02-14T03:46:45Z
TJX,2007-02-28,5.34,5.4,5.28,5.35,23586961,27.5,27.84,27.22,27.55,4576900,2026-02-14T03:46:45Z
TJX,2007-03-01,5.34,5.4,5.2,5.26,19391444,27.52,27.85,26.82,27.1,3762800,2026-02-14T03:46:45Z
TJX,2007-03-02,5.3,5.4,5.29,5.34,12387399,27.3,27.83,27.29,27.52,2403700,2026-02-14T03:46:45Z
TJX,2007-03-05,5.21,5.33,5.21,5.3,22532787,26.87,27.48,26.85,27.31,4372300,2026-02-14T03:46:45Z
TJX,2007-03-06,5.18,5.27,5.14,5.24,28224387,26.7,27.17,26.47,26.98,5476800,2026-02-14T03:46:45Z
TJX,2007-03-07,5.23,5.25,5.16,5.18,18765283,26.95,27.07,26.61,26.7,3641300,2026-02-14T03:46:45Z
TJX,2007-03-08,5.3,5.34,5.25,5.25,16517390,27.3,27.54,27.06,27.07,3205100,2026-02-14T03:46:45Z
TJX,2007-03-09,5.25,5.35,5.2,5.33,14599238,27.05,27.55,26.8,27.47,2832900,2026-02-14T03:46:45Z
TJX,2007-03-12,5.21,5.27,5.19,5.22,15515039,26.83,27.17,26.73,26.88,3010600,2026-02-14T03:46:45Z
TJX,2007-03-13,5.06,5.19,5.04,5.17,25403651,26.07,26.75,25.97,26.62,4929400,2026-02-14T03:46:45Z
TJX,2007-03-14,5.05,5.1,5,5.09,25958255,26,26.29,25.74,26.25,5037000,2026-02-14T03:46:45Z
TJX,2007-03-15,5.07,5.09,5.03,5.03,21342108,26.14,26.21,25.9,25.92,4141300,2026-02-14T03:46:45Z
TJX,2007-03-16,5.06,5.12,5.05,5.07,16520122,26.1,26.4,26.01,26.14,3205600,2026-02-14T03:46:45Z
TJX,2007-03-19,5.09,5.14,5.07,5.08,40681285,26.23,26.48,26.15,26.2,7894000,2026-02-14T03:46:45Z
TJX,2007-03-20,5.13,5.18,5.11,5.18,26058027,26.46,26.71,26.31,26.7,5056400,2026-02-14T03:46:45Z
TJX,2007-03-21,5.18,5.2,5.1,5.14,26547556,26.68,26.81,26.29,26.49,5151400,2026-02-14T03:46:45Z
TJX,2007-03-22,5.21,5.33,5.03,5.33,16401504,26.86,27.47,25.9,27.47,3182600,2026-02-14T03:46:45Z
TJX,2007-03-23,5.24,5.25,5.2,5.23,14391548,27,27.04,26.8,26.95,2792600,2026-02-14T03:46:45Z
TJX,2007-03-26,5.26,5.27,5.19,5.24,13062067,27.11,27.14,26.75,26.99,2534600,2026-02-14T03:46:45Z
TJX,2007-03-27,5.19,5.24,5.17,5.22,16989120,26.77,27,26.65,26.9,3296600,2026-02-14T03:46:45Z
TJX,2007-03-28,5.14,5.18,5.1,5.18,19021186,26.5,26.72,26.29,26.72,3690900,2026-02-14T03:46:45Z
TJX,2007-03-29,5.21,5.28,5.17,5.23,22664881,26.85,27.2,26.64,26.97,4398000,2026-02-14T03:46:45Z
TJX,2007-03-30,5.23,5.26,5.17,5.2,15379063,26.96,27.11,26.63,26.82,2984200,2026-02-14T03:46:45Z
TJX,2007-04-02,5.25,5.32,5.22,5.25,17073484,27.08,27.4,26.91,27.06,3313000,2026-02-14T03:46:45Z
TJX,2007-04-03,5.36,5.38,5.28,5.29,25280608,27.61,27.71,27.21,27.26,4905500,2026-02-14T03:46:45Z
TJX,2007-04-04,5.37,5.39,5.34,5.35,13854737,27.66,27.77,27.5,27.55,2688400,2026-02-14T03:46:45Z
TJX,2007-04-05,5.41,5.42,5.36,5.37,9335488,27.89,27.94,27.61,27.67,1811500,2026-02-14T03:46:45Z
TJX,2007-04-09,5.45,5.46,5.38,5.42,19102936,28.07,28.12,27.73,27.92,3706800,2026-02-14T03:46:45Z
TJX,2007-04-10,5.42,5.45,5.38,5.43,16268106,27.93,28.1,27.72,28.01,3156700,2026-02-14T03:46:45Z
TJX,2007-04-11,5.4,5.43,5.37,5.4,15598019,27.82,28.01,27.66,27.85,3026700,2026-02-14T03:46:45Z
TJX,2007-04-12,5.41,5.47,5.34,5.38,13670213,27.88,28.2,27.52,27.72,2652600,2026-02-14T03:46:45Z
TJX,2007-04-13,5.42,5.49,5.4,5.49,15518154,27.92,28.3,27.84,28.3,3011200,2026-02-14T03:46:45Z
TJX,2007-04-16,5.5,5.51,5.43,5.43,16707695,28.35,28.39,28,28,3242000,2026-02-14T03:46:45Z
TJX,2007-04-17,5.49,5.51,5.48,5.5,18617377,28.31,28.42,28.25,28.34,3612600,2026-02-14T03:46:45Z
TJX,2007-04-18,5.51,5.53,5.46,5.47,12296715,28.39,28.5,28.11,28.17,2386100,2026-02-14T03:46:45Z
TJX,2007-04-19,5.55,5.6,5.49,5.49,21191219,28.62,28.88,28.3,28.31,4112000,2026-02-14T03:46:45Z
TJX,2007-04-20,5.63,5.63,5.58,5.62,14124258,29.02,29.02,28.76,28.99,2740700,2026-02-14T03:46:45Z
TJX,2007-04-23,5.55,5.79,5.54,5.79,15131557,28.58,29.84,28.53,29.84,2936200,2026-02-14T03:46:45Z
TJX,2007-04-24,5.5,5.53,5.45,5.52,19734353,28.35,28.51,28.06,28.47,3829300,2026-02-14T03:46:45Z
TJX,2007-04-25,5.5,5.52,5.48,5.5,13916497,28.32,28.45,28.25,28.35,2700400,2026-02-14T03:46:45Z
TJX,2007-04-26,5.47,5.51,5.46,5.49,17135865,28.17,28.38,28.11,28.31,3325100,2026-02-14T03:46:45Z
TJX,2007-04-27,5.5,5.55,5.47,5.55,15224976,28.37,28.61,28.2,28.6,2954300,2026-02-14T03:46:45Z
TJX,2007-04-30,5.41,5.52,5.4,5.5,20039221,27.89,28.47,27.85,28.35,3888500,2026-02-14T03:46:45Z
TJX,2007-05-01,5.46,5.47,5.36,5.36,19676389,28.16,28.2,27.6,27.6,3818100,2026-02-14T03:46:45Z
TJX,2007-05-02,5.51,5.52,5.46,5.47,14636038,28.38,28.47,28.13,28.18,2840000,2026-02-14T03:46:45Z
TJX,2007-05-03,5.45,5.52,5.44,5.51,17697520,28.09,28.44,28.03,28.38,3434100,2026-02-14T03:46:45Z
TJX,2007-05-04,5.44,5.48,5.42,5.47,12664639,28.04,28.24,27.95,28.2,2457500,2026-02-14T03:46:45Z
TJX,2007-05-07,5.48,5.49,5.41,5.43,9773667,28.23,28.31,27.9,27.97,1896500,2026-02-14T03:46:45Z
TJX,2007-05-08,5.39,5.49,5.38,5.47,18931266,27.67,28.22,27.61,28.1,3685200,2026-02-14T03:46:45Z
TJX,2007-05-09,5.48,5.49,5.38,5.39,23893160,28.14,28.22,27.64,27.68,4651100,2026-02-14T03:46:45Z
TJX,2007-05-10,5.56,5.66,5.45,5.48,22729627,28.57,29.05,28,28.15,4424600,2026-02-14T03:46:45Z
TJX,2007-05-11,5.49,5.57,5.45,5.55,18576731,28.18,28.62,27.98,28.52,3616200,2026-02-14T03:46:45Z
TJX,2007-05-14,5.52,5.58,5.5,5.55,14620623,28.37,28.65,28.25,28.51,2846100,2026-02-14T03:46:45Z
TJX,2007-05-15,5.4,5.49,5.38,5.44,25361258,27.75,28.22,27.61,27.93,4936900,2026-02-14T03:46:45Z
TJX,2007-05-16,5.38,5.41,5.33,5.4,21061495,27.62,27.79,27.37,27.75,4099900,2026-02-14T03:46:45Z
TJX,2007-05-17,5.36,5.39,5.32,5.35,15924875,27.53,27.7,27.35,27.5,3100000,2026-02-14T03:46:45Z
TJX,2007-05-18,5.51,5.52,5.37,5.4,17088001,28.33,28.34,27.6,27.73,3326400,2026-02-14T03:46:45Z
TJX,2007-05-21,5.51,5.52,5.45,5.49,16985672,28.28,28.35,28.01,28.2,3306500,2026-02-14T03:46:45Z
TJX,2007-05-22,5.44,5.52,5.44,5.5,14168651,27.97,28.35,27.94,28.26,2758100,2026-02-14T03:46:45Z
TJX,2007-05-23,5.48,5.51,5.44,5.45,15701902,28.15,28.33,27.94,28,3056600,2026-02-14T03:46:45Z
TJX,2007-05-24,5.39,5.48,5.36,5.46,19149570,27.69,28.15,27.55,28.06,3727700,2026-02-14T03:46:45Z
TJX,2007-05-25,5.35,5.41,5.3,5.39,19047549,27.5,27.78,27.25,27.7,3707900,2026-02-14T03:46:45Z
TJX,2007-05-29,5.34,5.4,5.33,5.34,14228176,27.45,27.75,27.36,27.43,2769700,2026-02-14T03:46:45Z
TJX,2007-05-30,5.4,5.4,5.33,5.34,14671523,27.73,27.76,27.4,27.42,2856000,2026-02-14T03:46:45Z
TJX,2007-05-31,5.44,5.45,5.36,5.43,16044209,27.97,27.99,27.52,27.9,3123200,2026-02-14T03:46:45Z
TJX,2007-06-01,5.47,5.53,5.44,5.5,17318209,28.12,28.4,27.94,28.28,3371200,2026-02-14T03:46:45Z
TJX,2007-06-04,5.58,5.59,5.47,5.49,17648411,28.67,28.74,28.11,28.2,3435500,2026-02-14T03:46:45Z
TJX,2007-06-05,5.54,5.58,5.51,5.57,14432676,28.44,28.68,28.3,28.6,2809500,2026-02-14T03:46:45Z
TJX,2007-06-06,5.55,5.58,5.45,5.53,22972282,28.51,28.65,28.01,28.4,4471900,2026-02-14T03:46:45Z
TJX,2007-06-07,5.4,5.56,5.37,5.5,27480064,27.74,28.54,27.6,28.25,5349400,2026-02-14T03:46:45Z
TJX,2007-06-08,5.49,5.52,5.39,5.4,28751172,28.22,28.36,27.67,27.74,5596800,2026-02-14T03:46:45Z
TJX,2007-06-11,5.45,5.5,5.41,5.49,14532216,27.98,28.25,27.81,28.22,2828900,2026-02-14T03:46:45Z
TJX,2007-06-12,5.4,5.45,5.36,5.42,20286360,27.73,28,27.54,27.85,3949000,2026-02-14T03:46:45Z
TJX,2007-06-13,5.54,5.54,5.39,5.43,24334399,28.46,28.47,27.67,27.89,4737000,2026-02-14T03:46:45Z
TJX,2007-06-14,5.58,5.6,5.52,5.54,18195849,28.68,28.76,28.35,28.47,3542100,2026-02-14T03:46:45Z
TJX,2007-06-15,5.58,5.64,5.57,5.62,18429246,28.67,29,28.62,28.86,3587500,2026-02-14T03:46:45Z
TJX,2007-06-18,5.52,5.64,5.51,5.64,15316054,28.36,29,28.32,29,2981500,2026-02-14T03:46:45Z
TJX,2007-06-19,5.49,5.49,5.44,5.47,15041901,28.18,28.21,27.93,28.09,2928100,2026-02-14T03:46:45Z
TJX,2007-06-20,5.37,5.5,5.36,5.49,20248346,27.58,28.27,27.54,28.2,3941600,2026-02-14T03:46:45Z
TJX,2007-06-21,5.37,5.39,5.3,5.37,14955072,27.6,27.71,27.25,27.58,2911200,2026-02-14T03:46:45Z
TJX,2007-06-22,5.32,5.37,5.31,5.34,16146837,27.34,27.57,27.3,27.43,3143200,2026-02-14T03:46:45Z
TJX,2007-06-25,5.24,5.48,5.2,5.48,24436799,26.9,28.13,26.73,28.13,4757000,2026-02-14T03:46:45Z
TJX,2007-06-26,5.21,5.28,5.2,5.27,14189196,26.79,27.12,26.73,27.07,2762100,2026-02-14T03:46:45Z
TJX,2007-06-27,5.3,5.32,5.13,5.13,14805662,27.22,27.31,26.34,26.36,2882100,2026-02-14T03:46:45Z
TJX,2007-06-28,5.35,5.36,5.26,5.3,19503251,27.46,27.52,27,27.24,3796600,2026-02-14T03:46:45Z
TJX,2007-06-29,5.35,5.44,5.32,5.35,23750490,27.5,27.94,27.34,27.5,4623400,2026-02-14T03:46:45Z
TJX,2007-07-02,5.36,5.42,5.34,5.38,10409321,27.52,27.82,27.44,27.65,2026300,2026-02-14T03:46:45Z
TJX,2007-07-03,5.37,5.4,5.36,5.38,5759703,27.58,27.75,27.51,27.63,1121200,2026-02-14T03:46:45Z
TJX,2007-07-05,5.45,5.46,5.38,5.41,13792960,28.02,28.06,27.61,27.78,2685000,2026-02-14T03:46:45Z
TJX,2007-07-06,5.49,5.51,5.41,5.44,12945970,28.18,28.3,27.81,27.93,2520100,2026-02-14T03:46:45Z
TJX,2007-07-09,5.69,5.73,5.46,5.48,43300629,29.22,29.45,28.03,28.15,8429100,2026-02-14T03:46:45Z
TJX,2007-07-10,5.46,5.72,5.46,5.52,34127348,28.06,29.37,28.02,28.37,6643400,2026-02-14T03:46:45Z
TJX,2007-07-11,5.45,5.49,5.38,5.46,26668223,27.99,28.2,27.66,28.02,5191300,2026-02-14T03:46:45Z
TJX,2007-07-12,5.57,5.61,5.45,5.58,36274193,28.62,28.84,27.99,28.64,7061300,2026-02-14T03:46:45Z
TJX,2007-07-13,5.76,5.77,5.53,5.57,30659784,29.6,29.64,28.42,28.6,5968300,2026-02-14T03:46:45Z
TJX,2007-07-16,5.72,5.75,5.68,5.74,13566907,29.39,29.51,29.16,29.48,2641000,2026-02-14T03:46:45Z
TJX,2007-07-17,5.77,5.88,5.72,5.73,30684407,29.62,30.19,29.37,29.43,5973100,2026-02-14T03:46:45Z
TJX,2007-07-18,5.74,5.8,5.66,5.73,22849092,29.48,29.82,29.08,29.45,4447900,2026-02-14T03:46:45Z
TJX,2007-07-19,5.76,5.78,5.71,5.75,10430819,29.57,29.7,29.36,29.51,2030500,2026-02-14T03:46:45Z
TJX,2007-07-20,5.73,5.83,5.71,5.76,21825304,29.46,29.97,29.31,29.57,4248600,2026-02-14T03:46:45Z
TJX,2007-07-23,5.7,5.82,5.69,5.78,17637227,29.3,29.87,29.24,29.67,3433300,2026-02-14T03:46:45Z
TJX,2007-07-24,5.59,5.74,5.58,5.67,23577217,28.74,29.46,28.64,29.15,4589600,2026-02-14T03:46:45Z
TJX,2007-07-25,5.54,5.68,5.51,5.62,22432164,28.44,29.2,28.32,28.88,4366700,2026-02-14T03:46:45Z
TJX,2007-07-26,5.37,5.54,5.32,5.5,39376935,27.59,28.47,27.31,28.27,7665300,2026-02-14T03:46:45Z
TJX,2007-07-27,5.32,5.42,5.29,5.38,23756715,27.31,27.85,27.15,27.64,4624600,2026-02-14T03:46:45Z
TJX,2007-07-30,5.5,5.51,5.31,5.34,26597358,28.27,28.31,27.26,27.44,5177500,2026-02-14T03:46:45Z
TJX,2007-07-31,5.4,5.69,5.4,5.59,30047304,27.75,29.24,27.73,28.72,5849100,2026-02-14T03:46:45Z
TJX,2007-08-01,5.45,5.47,5.33,5.38,40028862,28.02,28.09,27.38,27.61,7792200,2026-02-14T03:46:45Z
TJX,2007-08-02,5.48,5.51,5.42,5.49,25800344,28.13,28.3,27.82,28.18,5022400,2026-02-14T03:46:45Z
TJX,2007-08-03,5.31,5.63,5.29,5.63,27146914,27.3,28.91,27.17,28.91,5284500,2026-02-14T03:46:45Z
TJX,2007-08-06,5.51,5.5,5.25,5.42,28387880,28.28,28.28,26.95,27.86,5526100,2026-02-14T03:46:45Z
TJX,2007-08-07,5.58,5.62,5.43,5.49,29253348,28.56,28.79,27.82,28.09,5712700,2026-02-14T03:46:45Z
TJX,2007-08-08,5.57,5.62,5.47,5.61,23009588,28.54,28.8,28.03,28.75,4493400,2026-02-14T03:46:45Z
TJX,2007-08-09,5.27,5.57,5.26,5.46,30087280,27,28.51,26.95,27.98,5875600,2026-02-14T03:46:45Z
TJX,2007-08-10,5.37,5.43,5.13,5.28,22933418,27.52,27.83,26.29,27.02,4478600,2026-02-14T03:46:45Z
TJX,2007-08-13,5.4,5.53,5.37,5.47,18403301,27.66,28.3,27.5,28,3593900,2026-02-14T03:46:45Z
TJX,2007-08-14,5.39,5.52,5.28,5.38,30269381,27.58,28.26,27.04,27.56,5911200,2026-02-14T03:46:45Z
TJX,2007-08-15,5.56,5.59,5.39,5.41,31318937,28.48,28.63,27.58,27.69,6116100,2026-02-14T03:46:45Z
TJX,2007-08-16,5.72,5.81,5.29,5.29,36780077,29.29,29.76,27.1,27.1,7182600,2026-02-14T03:46:45Z
TJX,2007-08-17,5.86,5.9,5.74,5.81,41828250,30,30.23,29.41,29.76,8168500,2026-02-14T03:46:45Z
TJX,2007-08-20,5.79,5.89,5.76,5.84,31360830,29.65,30.14,29.48,29.9,6124300,2026-02-14T03:46:45Z
TJX,2007-08-21,5.79,5.83,5.73,5.78,14778266,29.64,29.83,29.36,29.61,2886000,2026-02-14T03:46:45Z
TJX,2007-08-22,5.83,5.88,5.75,5.84,18553772,29.85,30.1,29.43,29.92,3623300,2026-02-14T03:46:45Z
TJX,2007-08-23,5.84,5.87,5.78,5.86,14371225,29.89,30.05,29.58,29.98,2806500,2026-02-14T03:46:45Z
TJX,2007-08-24,6,6.01,5.79,5.88,20477296,30.75,30.76,29.65,30.09,3998900,2026-02-14T03:46:45Z
TJX,2007-08-27,6,6.09,5.96,5.97,24325826,30.74,31.17,30.5,30.58,4750500,2026-02-14T03:46:45Z
TJX,2007-08-28,5.75,6,5.74,5.98,23475906,29.44,30.72,29.37,30.64,4584500,2026-02-14T03:46:45Z
TJX,2007-08-29,5.9,5.92,5.74,5.78,20934409,30.23,30.34,29.41,29.6,4088200,2026-02-14T03:46:45Z
TJX,2007-08-30,5.83,5.93,5.79,5.81,15470624,29.87,30.35,29.65,29.76,3021200,2026-02-14T03:46:45Z
TJX,2007-08-31,5.95,5.99,5.85,5.88,16576396,30.49,30.68,29.97,30.13,3237100,2026-02-14T03:46:45Z
TJX,2007-09-04,5.92,6.03,5.9,5.96,17865789,30.3,30.89,30.22,30.5,3488900,2026-02-14T03:46:45Z
TJX,2007-09-05,5.76,5.97,5.71,5.97,20168825,29.49,30.59,29.22,30.59,3938700,2026-02-14T03:46:45Z
TJX,2007-09-06,5.93,5.98,5.69,5.87,26695154,30.38,30.6,29.15,30.08,5213200,2026-02-14T03:46:45Z
TJX,2007-09-07,5.76,5.94,5.7,5.82,17565983,29.49,30.44,29.21,29.82,3430400,2026-02-14T03:46:45Z
TJX,2007-09-10,5.71,5.79,5.66,5.76,14432190,29.23,29.65,28.98,29.49,2818400,2026-02-14T03:46:45Z
TJX,2007-09-11,5.87,5.88,5.74,5.74,16731996,30.05,30.09,29.37,29.41,3267500,2026-02-14T03:46:45Z
TJX,2007-09-12,5.86,5.95,5.81,5.86,18538387,30,30.49,29.77,29.99,3620300,2026-02-14T03:46:45Z
TJX,2007-09-13,6,6.05,5.89,5.91,17398015,30.7,31,30.15,30.24,3397600,2026-02-14T03:46:45Z
TJX,2007-09-14,6.02,6.04,5.86,5.97,11819115,30.84,30.92,30,30.57,2308100,2026-02-14T03:46:45Z
TJX,2007-09-17,5.96,6.04,5.95,5.98,11406391,30.5,30.94,30.48,30.6,2227500,2026-02-14T03:46:45Z
TJX,2007-09-18,6.09,6.15,5.96,5.97,26873811,31.21,31.5,30.53,30.59,5248100,2026-02-14T03:46:45Z
TJX,2007-09-19,6.22,6.34,6.13,6.13,29115549,31.87,32.46,31.41,31.41,5685800,2026-02-14T03:46:45Z
TJX,2007-09-20,5.94,6.21,5.94,6.19,26318557,30.43,31.81,30.42,31.71,5139600,2026-02-14T03:46:45Z
TJX,2007-09-21,5.88,5.96,5.84,5.95,33094339,30.09,30.5,29.91,30.46,6462800,2026-02-14T03:46:45Z
TJX,2007-09-24,5.92,6.03,5.76,5.76,23092847,30.29,30.89,29.5,29.5,4509700,2026-02-14T03:46:45Z
TJX,2007-09-25,5.97,5.97,5.75,5.84,22919154,30.55,30.55,29.46,29.89,4475800,2026-02-14T03:46:45Z
TJX,2007-09-26,5.77,6.01,5.74,6.01,25108283,29.53,30.76,29.38,30.76,4903300,2026-02-14T03:46:45Z
TJX,2007-09-27,5.68,5.79,5.67,5.74,26226767,29.1,29.67,29.06,29.38,5121700,2026-02-14T03:46:45Z
TJX,2007-09-28,5.68,5.74,5.66,5.69,23695259,29.07,29.4,28.96,29.15,4627300,2026-02-14T03:46:45Z
TJX,2007-10-01,5.7,5.73,5.58,5.64,18414183,29.2,29.32,28.56,28.9,3596000,2026-02-14T03:46:45Z
TJX,2007-10-02,5.68,5.71,5.62,5.69,14283211,29.1,29.22,28.77,29.15,2789300,2026-02-14T03:46:45Z
TJX,2007-10-03,5.72,5.79,5.64,5.66,16846653,29.29,29.63,28.89,28.97,3289900,2026-02-14T03:46:45Z
TJX,2007-10-04,5.6,5.75,5.53,5.74,22007196,28.66,29.47,28.32,29.41,4297700,2026-02-14T03:46:45Z
TJX,2007-10-05,5.67,5.72,5.64,5.66,16128155,29.04,29.29,28.88,28.97,3149600,2026-02-14T03:46:45Z
TJX,2007-10-08,5.79,5.81,5.58,5.68,33052929,29.64,29.73,28.6,29.08,6454800,2026-02-14T03:46:45Z
TJX,2007-10-09,5.79,5.92,5.73,5.89,28157079,29.66,30.3,29.35,30.16,5498700,2026-02-14T03:46:45Z
TJX,2007-10-10,5.79,5.83,5.72,5.74,18131468,29.67,29.84,29.29,29.39,3540800,2026-02-14T03:46:45Z
TJX,2007-10-11,6.02,6.25,5.86,5.86,45834826,30.83,31.99,30.01,30.02,8950800,2026-02-14T03:46:45Z
TJX,2007-10-12,5.97,6.07,5.91,6.01,18578535,30.58,31.1,30.25,30.79,3628100,2026-02-14T03:46:45Z
TJX,2007-10-15,5.85,5.99,5.81,5.97,18300042,29.96,30.65,29.74,30.59,3573700,2026-02-14T03:46:45Z
TJX,2007-10-16,5.82,5.92,5.79,5.83,20026441,29.81,30.31,29.65,29.87,3910900,2026-02-14T03:46:45Z
TJX,2007-10-17,5.76,5.91,5.69,5.88,21632806,29.47,30.28,29.15,30.1,4224600,2026-02-14T03:46:45Z
TJX,2007-10-18,5.64,5.72,5.59,5.71,18031710,28.9,29.3,28.65,29.24,3521300,2026-02-14T03:46:45Z
TJX,2007-10-19,5.54,5.7,5.52,5.62,23313743,28.35,29.21,28.27,28.79,4552800,2026-02-14T03:46:45Z
TJX,2007-10-22,5.68,5.71,5.47,5.52,26430790,29.09,29.24,28.01,28.26,5161500,2026-02-14T03:46:45Z
TJX,2007-10-23,5.73,5.73,5.6,5.68,21898083,29.32,29.35,28.66,29.11,4276400,2026-02-14T03:46:45Z
TJX,2007-10-24,5.68,5.75,5.57,5.73,20578789,29.09,29.47,28.52,29.32,4018700,2026-02-14T03:46:45Z
TJX,2007-10-25,5.58,5.74,5.48,5.69,22230555,28.57,29.37,28.05,29.16,4341300,2026-02-14T03:46:45Z
TJX,2007-10-26,5.61,5.67,5.51,5.65,18140278,28.73,29.06,28.24,28.92,3542500,2026-02-14T03:46:45Z
TJX,2007-10-29,5.55,5.66,5.53,5.62,13843736,28.41,29,28.34,28.8,2703500,2026-02-14T03:46:45Z
TJX,2007-10-30,5.56,5.6,5.47,5.52,17512407,28.48,28.67,28,28.25,3419900,2026-02-14T03:46:45Z
TJX,2007-10-31,5.65,5.75,5.58,5.62,34356935,28.93,29.47,28.59,28.79,6709400,2026-02-14T03:46:45Z
TJX,2007-11-01,5.44,5.66,5.42,5.65,32757460,27.84,28.99,27.73,28.95,6397000,2026-02-14T03:46:45Z
TJX,2007-11-02,5.42,5.48,5.29,5.45,29581699,27.77,28.08,27.1,27.88,5776900,2026-02-14T03:46:45Z
TJX,2007-11-05,5.36,5.42,5.29,5.35,24945954,27.43,27.76,27.1,27.4,4871600,2026-02-14T03:46:45Z
TJX,2007-11-06,5.38,5.4,5.22,5.37,23742068,27.47,27.57,26.62,27.41,4651700,2026-02-14T03:46:45Z
TJX,2007-11-07,5.35,5.45,5.3,5.3,33580037,27.29,27.8,27.04,27.06,6579300,2026-02-14T03:46:45Z
TJX,2007-11-08,5.59,5.71,5.4,5.5,43252363,28.52,29.13,27.58,28.05,8474400,2026-02-14T03:46:45Z
TJX,2007-11-09,5.58,5.7,5.52,5.56,34363711,28.46,29.1,28.19,28.38,6732800,2026-02-14T03:46:45Z
TJX,2007-11-12,5.74,5.82,5.51,5.51,32632447,29.32,29.7,28.12,28.12,6393600,2026-02-14T03:46:45Z
TJX,2007-11-13,5.96,6.07,5.77,5.84,45247969,30.42,31,29.46,29.79,8865300,2026-02-14T03:46:45Z
TJX,2007-11-14,5.73,5.98,5.71,5.98,44707704,29.25,30.54,29.16,30.54,8759500,2026-02-14T03:46:45Z
TJX,2007-11-15,5.74,5.82,5.69,5.7,22118219,29.28,29.7,29.03,29.08,4333600,2026-02-14T03:46:45Z
TJX,2007-11-16,5.75,5.83,5.65,5.78,25931078,29.34,29.75,28.82,29.5,5080600,2026-02-14T03:46:45Z
TJX,2007-11-19,5.52,5.72,5.52,5.72,27996772,28.18,29.21,28.16,29.21,5485400,2026-02-14T03:46:45Z
TJX,2007-11-20,5.6,5.7,5.49,5.54,32897822,28.56,29.07,28.03,28.25,6445600,2026-02-14T03:46:45Z
TJX,2007-11-21,5.54,5.63,5.44,5.51,19556684,28.29,28.72,27.77,28.14,3831700,2026-02-14T03:46:45Z
TJX,2007-11-23,5.59,5.61,5.53,5.58,13278778,28.52,28.65,28.23,28.46,2601700,2026-02-14T03:46:45Z
TJX,2007-11-26,5.35,5.6,5.34,5.6,37214520,27.29,28.58,27.25,28.58,7291400,2026-02-14T03:46:45Z
TJX,2007-11-27,5.36,5.46,5.32,5.35,22247417,27.36,27.86,27.14,27.32,4358900,2026-02-14T03:46:45Z
TJX,2007-11-28,5.6,5.65,5.38,5.39,28096962,28.59,28.84,27.47,27.52,5505000,2026-02-14T03:46:45Z
TJX,2007-11-29,5.5,5.59,5.48,5.59,20303222,28.08,28.53,27.95,28.53,3978000,2026-02-14T03:46:45Z
TJX,2007-11-30,5.75,5.78,5.62,5.63,24598439,29.34,29.52,28.68,28.74,4819500,2026-02-14T03:46:45Z
TJX,2007-12-03,5.61,5.78,5.61,5.78,18252683,28.63,29.51,28.63,29.51,3576200,2026-02-14T03:46:45Z
TJX,2007-12-04,5.68,5.72,5.49,5.55,25211355,29,29.2,28.04,28.35,4939600,2026-02-14T03:46:45Z
TJX,2007-12-05,5.68,5.79,5.64,5.71,18703847,29,29.53,28.79,29.16,3664600,2026-02-14T03:46:45Z
TJX,2007-12-06,5.88,5.97,5.63,5.73,31707052,30.01,30.45,28.72,29.25,6212300,2026-02-14T03:46:45Z
TJX,2007-12-07,6.04,6.06,5.87,5.87,23258620,30.84,30.93,29.97,29.97,4557000,2026-02-14T03:46:45Z
TJX,2007-12-10,6.05,6.07,5.97,6.05,15665489,30.89,30.99,30.46,30.86,3069300,2026-02-14T03:46:45Z
TJX,2007-12-11,5.85,6.1,5.82,6.05,29432802,29.86,31.14,29.7,30.87,5766700,2026-02-14T03:46:45Z
TJX,2007-12-12,5.92,6.06,5.83,5.99,20614661,30.21,30.94,29.74,30.59,4039000,2026-02-14T03:46:45Z
TJX,2007-12-13,5.82,5.95,5.7,5.91,24807159,29.71,30.36,29.08,30.14,4860400,2026-02-14T03:46:45Z
TJX,2007-12-14,5.66,5.8,5.66,5.76,15725216,28.9,29.61,28.87,29.38,3081000,2026-02-14T03:46:45Z
TJX,2007-12-17,5.66,5.77,5.61,5.63,15170310,28.91,29.47,28.64,28.75,2972300,2026-02-14T03:46:45Z
TJX,2007-12-18,5.76,5.84,5.63,5.72,26069276,29.42,29.82,28.76,29.18,5107700,2026-02-14T03:46:45Z
TJX,2007-12-19,5.59,5.82,5.56,5.82,19258553,28.54,29.7,28.4,29.7,3773300,2026-02-14T03:46:45Z
TJX,2007-12-20,5.66,5.68,5.53,5.61,16048128,28.89,29,28.2,28.64,3144300,2026-02-14T03:46:45Z
TJX,2007-12-21,5.75,5.79,5.69,5.7,22165463,29.36,29.56,29.02,29.09,4342800,2026-02-14T03:46:45Z
TJX,2007-12-24,5.8,5.84,5.7,5.7,4066791,29.62,29.83,29.11,29.11,796800,2026-02-14T03:46:45Z
TJX,2007-12-26,5.69,5.78,5.6,5.75,9684625,29.06,29.48,28.56,29.36,1897500,2026-02-14T03:46:45Z
TJX,2007-12-27,5.63,5.72,5.62,5.67,13490652,28.71,29.2,28.71,28.93,2643200,2026-02-14T03:46:45Z
TJX,2007-12-28,5.59,5.7,5.59,5.66,10896830,28.54,29.1,28.51,28.88,2135000,2026-02-14T03:46:45Z
TJX,2007-12-31,5.63,5.72,5.55,5.56,13910750,28.73,29.21,28.32,28.39,2725500,2026-02-14T03:46:45Z
TJX,2008-01-02,5.49,5.66,5.41,5.62,21189497,28.04,28.87,27.63,28.7,4151600,2026-02-14T03:46:45Z
TJX,2008-01-03,5.46,5.58,5.45,5.52,19102026,27.89,28.5,27.81,28.18,3742600,2026-02-14T03:46:45Z
TJX,2008-01-04,5.34,5.47,5.31,5.42,29532260,27.26,27.93,27.08,27.68,5786200,2026-02-14T03:46:45Z
TJX,2008-01-07,5.39,5.46,5.28,5.34,25142726,27.49,27.87,26.94,27.26,4926200,2026-02-14T03:46:45Z
TJX,2008-01-08,5.21,5.44,5.2,5.4,27251979,26.59,27.75,26.53,27.57,5339400,2026-02-14T03:46:45Z
TJX,2008-01-09,5.22,5.24,4.99,5.22,31425851,26.62,26.74,25.49,26.63,6157200,2026-02-14T03:46:45Z
TJX,2008-01-10,5.57,5.65,5.19,5.19,56578968,28.45,28.86,26.47,26.47,11085500,2026-02-14T03:46:45Z
TJX,2008-01-11,5.54,5.65,5.45,5.51,35128621,28.27,28.83,27.81,28.14,6882700,2026-02-14T03:46:45Z
TJX,2008-01-14,5.61,5.62,5.47,5.61,22727136,28.64,28.67,27.93,28.61,4452900,2026-02-14T03:46:45Z
TJX,2008-01-15,5.55,5.61,5.5,5.55,27107915,28.34,28.65,28.08,28.33,5311200,2026-02-14T03:46:45Z
TJX,2008-01-16,5.61,5.68,5.51,5.51,32779150,28.62,29,28.1,28.15,6422400,2026-02-14T03:46:45Z
TJX,2008-01-17,5.69,5.78,5.63,5.63,49700470,29.04,29.5,28.72,28.74,9737800,2026-02-14T03:46:45Z
TJX,2008-01-18,5.66,5.82,5.54,5.75,34432548,28.88,29.69,28.27,29.34,6746300,2026-02-14T03:46:45Z
TJX,2008-01-22,5.82,5.84,5.36,5.38,46287573,29.71,29.8,27.35,27.44,9069000,2026-02-14T03:46:45Z
TJX,2008-01-23,6.22,6.25,5.77,5.81,70015675,31.75,31.9,29.44,29.65,13718000,2026-02-14T03:46:45Z
TJX,2008-01-24,6.08,6.26,6.07,6.26,60588632,31.04,31.95,30.96,31.95,11871000,2026-02-14T03:46:45Z
TJX,2008-01-25,5.92,6.13,5.87,6.13,31080016,30.22,31.28,29.97,31.27,6089400,2026-02-14T03:46:45Z
TJX,2008-01-28,6.15,6.17,5.9,5.94,29902213,31.39,31.47,30.12,30.32,5858700,2026-02-14T03:46:45Z
TJX,2008-01-29,6.23,6.25,5.96,6.2,40972258,31.8,31.92,30.44,31.65,8027600,2026-02-14T03:46:45Z
TJX,2008-01-30,6.12,6.25,6.08,6.23,45477349,31.24,31.89,31.05,31.8,8910300,2026-02-14T03:46:45Z
TJX,2008-01-31,6.19,6.27,5.99,6.04,61073810,31.61,32,30.56,30.81,11966100,2026-02-14T03:46:45Z
TJX,2008-02-01,6.29,6.31,6.14,6.2,37962856,32.1,32.19,31.32,31.63,7438000,2026-02-14T03:46:45Z
TJX,2008-02-04,6.16,6.37,6.1,6.33,26020174,31.44,32.53,31.13,32.3,5098100,2026-02-14T03:46:45Z
TJX,2008-02-05,6.11,6.27,6.08,6.08,40076135,31.12,31.93,30.95,30.95,7874600,2026-02-14T03:46:45Z
TJX,2008-02-06,6.07,6.22,6.04,6.14,28247292,30.88,31.68,30.72,31.27,5550300,2026-02-14T03:46:45Z
TJX,2008-02-07,6.14,6.23,6.02,6.02,38745629,31.27,31.72,30.65,30.65,7613200,2026-02-14T03:46:45Z
TJX,2008-02-08,5.96,6.21,5.96,6.16,31365498,30.34,31.61,30.32,31.34,6163000,2026-02-14T03:46:45Z
TJX,2008-02-11,6.07,6.12,5.89,5.95,21408005,30.9,31.13,29.98,30.28,4206500,2026-02-14T03:46:45Z
TJX,2008-02-12,6.03,6.14,5.97,6.12,25642813,30.67,31.27,30.4,31.15,5038600,2026-02-14T03:46:45Z
TJX,2008-02-13,6.09,6.12,5.96,6.09,23521770,31,31.17,30.36,31,4621800,2026-02-14T03:46:45Z
TJX,2008-02-14,5.88,6.14,5.86,6.08,25327058,29.91,31.24,29.82,30.96,4976500,2026-02-14T03:46:45Z
TJX,2008-02-15,5.9,5.92,5.79,5.86,21637086,30.04,30.11,29.44,29.8,4251500,2026-02-14T03:46:45Z
TJX,2008-02-19,5.84,5.99,5.83,5.92,20983576,29.73,30.5,29.65,30.13,4123100,2026-02-14T03:46:45Z
TJX,2008-02-20,6.13,6.25,5.86,5.86,50975783,31.18,31.78,29.81,29.81,10016300,2026-02-14T03:46:45Z
TJX,2008-02-21,6.12,6.27,6.12,6.16,39486160,31.16,31.93,31.12,31.35,7758600,2026-02-14T03:46:45Z
TJX,2008-02-22,6.38,6.39,6.16,6.18,46855026,32.47,32.5,31.35,31.46,9206500,2026-02-14T03:46:45Z
TJX,2008-02-25,6.45,6.47,6.31,6.39,38805340,32.83,32.95,32.12,32.5,7624900,2026-02-14T03:46:45Z
TJX,2008-02-26,6.55,6.57,6.4,6.41,32945096,33.31,33.41,32.56,32.61,6473400,2026-02-14T03:46:45Z
TJX,2008-02-27,6.46,6.54,6.4,6.52,32642504,32.87,33.29,32.59,33.17,6413900,2026-02-14T03:46:45Z
TJX,2008-02-28,6.41,6.5,6.38,6.39,24532049,32.62,33.07,32.47,32.52,4820300,2026-02-14T03:46:45Z
TJX,2008-02-29,6.29,6.43,6.25,6.32,25573738,32,32.75,31.78,32.15,5025000,2026-02-14T03:46:45Z
TJX,2008-03-03,6.42,6.42,6.23,6.27,31823978,32.68,32.7,31.72,31.9,6253100,2026-02-14T03:46:45Z
TJX,2008-03-04,6.53,6.55,6.08,6.35,48294776,33.24,33.35,30.92,32.31,9489400,2026-02-14T03:46:45Z
TJX,2008-03-05,6.5,6.6,6.39,6.56,29200796,33.06,33.6,32.5,33.39,5737700,2026-02-14T03:46:45Z
TJX,2008-03-06,6.18,6.5,6.17,6.5,29638539,31.46,33.06,31.4,33.06,5823700,2026-02-14T03:46:45Z
TJX,2008-03-07,6.14,6.24,6.05,6.12,29229538,31.25,31.75,30.8,31.15,5743300,2026-02-14T03:46:45Z
TJX,2008-03-10,6.11,6.2,6.08,6.13,23842313,31.12,31.56,30.96,31.22,4684800,2026-02-14T03:46:45Z
TJX,2008-03-11,6.41,6.41,6.21,6.21,38209183,32.64,32.64,31.61,31.61,7507800,2026-02-14T03:46:45Z
TJX,2008-03-12,6.39,6.54,6.33,6.42,44711373,32.52,33.26,32.24,32.7,8785400,2026-02-14T03:46:45Z
TJX,2008-03-13,6.36,6.41,6.26,6.32,56180564,32.39,32.64,31.86,32.14,11038900,2026-02-14T03:46:45Z
TJX,2008-03-14,6.34,6.46,6.16,6.37,38513720,32.26,32.9,31.35,32.41,7567600,2026-02-14T03:46:45Z
TJX,2008-03-17,6.27,6.36,6.11,6.18,44649869,31.89,32.35,31.08,31.44,8773300,2026-02-14T03:46:45Z
TJX,2008-03-18,6.49,6.49,6.28,6.28,41737771,33.03,33.04,31.95,31.95,8201100,2026-02-14T03:46:45Z
TJX,2008-03-19,6.35,6.58,6.34,6.51,28413758,32.33,33.5,32.29,33.12,5583000,2026-02-14T03:46:45Z
TJX,2008-03-20,6.67,6.69,6.33,6.35,41669332,33.93,34.06,32.22,32.33,8187600,2026-02-14T03:46:45Z
TJX,2008-03-24,6.76,6.86,6.65,6.72,33507513,34.39,34.93,33.84,34.22,6583900,2026-02-14T03:46:45Z
TJX,2008-03-25,6.77,6.8,6.67,6.77,28843623,34.45,34.59,33.95,34.47,5667500,2026-02-14T03:46:45Z
TJX,2008-03-26,6.59,6.75,6.55,6.75,24844028,33.56,34.34,33.32,34.34,4881600,2026-02-14T03:46:45Z
TJX,2008-03-27,6.54,6.7,6.53,6.66,22869945,33.27,34.12,33.25,33.9,4493700,2026-02-14T03:46:45Z
TJX,2008-03-28,6.42,6.47,6.3,6.35,27098189,32.67,32.95,32.08,32.31,5324500,2026-02-14T03:46:45Z
TJX,2008-03-31,6.5,6.54,6.37,6.4,34493487,33.07,33.31,32.44,32.59,6777600,2026-02-14T03:46:45Z
TJX,2008-04-01,6.69,6.75,6.32,6.53,37054919,34.04,34.35,32.17,33.25,7280900,2026-02-14T03:46:45Z
TJX,2008-04-02,6.77,6.84,6.71,6.77,33753449,34.44,34.82,34.14,34.46,6632200,2026-02-14T03:46:45Z
TJX,2008-04-03,6.69,6.77,6.62,6.74,21064730,34.07,34.46,33.67,34.29,4139000,2026-02-14T03:46:45Z
TJX,2008-04-04,6.52,6.73,6.45,6.73,36880801,33.16,34.25,32.81,34.25,7246700,2026-02-14T03:46:45Z
TJX,2008-04-07,6.32,6.58,6.29,6.58,28398850,32.14,33.49,32.02,33.49,5580100,2026-02-14T03:46:45Z
TJX,2008-04-08,6.34,6.37,6.26,6.32,18920443,32.29,32.43,31.88,32.15,3717700,2026-02-14T03:46:45Z
TJX,2008-04-09,6.3,6.4,6.19,6.4,26385056,32.08,32.56,31.48,32.55,5184400,2026-02-14T03:46:45Z
TJX,2008-04-10,6.07,6.23,5.89,6.11,63286288,30.88,31.71,29.99,31.07,12435100,2026-02-14T03:46:45Z
TJX,2008-04-11,5.91,6.03,5.89,5.98,38630673,30.07,30.7,30,30.45,7590600,2026-02-14T03:46:45Z
TJX,2008-04-14,6.06,6.1,5.94,5.94,29293030,30.83,31.06,30.23,30.23,5755800,2026-02-14T03:46:45Z
TJX,2008-04-15,6.03,6.11,5.97,6.11,25917765,30.69,31.09,30.38,31.09,5092600,2026-02-14T03:46:45Z
TJX,2008-04-16,6.14,6.16,6.03,6.06,16003731,31.24,31.35,30.69,30.86,3144600,2026-02-14T03:46:45Z
TJX,2008-04-17,6.13,6.15,6.05,6.11,15591183,31.19,31.32,30.78,31.09,3063500,2026-02-14T03:46:45Z
TJX,2008-04-18,6.3,6.36,6.22,6.25,24820364,32.04,32.38,31.65,31.82,4877000,2026-02-14T03:46:45Z
TJX,2008-04-21,6.26,6.28,6.18,6.25,21849479,31.85,31.98,31.43,31.81,4293200,2026-02-14T03:46:45Z
TJX,2008-04-22,6.19,6.23,6.07,6.22,21354673,31.49,31.72,30.89,31.66,4196000,2026-02-14T03:46:45Z
TJX,2008-04-23,6.22,6.32,6.12,6.2,21605690,31.68,32.16,31.16,31.55,4245300,2026-02-14T03:46:45Z
TJX,2008-04-24,6.28,6.33,6.16,6.23,38218863,31.96,32.2,31.35,31.72,7509600,2026-02-14T03:46:45Z
TJX,2008-04-25,6.47,6.48,6.28,6.32,22002580,32.94,33,31.98,32.15,4323300,2026-02-14T03:46:45Z
TJX,2008-04-28,6.46,6.52,6.39,6.42,18489042,32.9,33.17,32.51,32.68,3632900,2026-02-14T03:46:45Z
TJX,2008-04-29,6.54,6.58,6.43,6.46,15361566,33.28,33.49,32.72,32.9,3018400,2026-02-14T03:46:45Z
TJX,2008-04-30,6.33,6.61,6.3,6.59,27863030,32.22,33.65,32.04,33.53,5474800,2026-02-14T03:46:45Z
TJX,2008-05-01,6.48,6.57,6.19,6.26,20334783,33,33.43,31.48,31.85,3995600,2026-02-14T03:46:45Z
TJX,2008-05-02,6.31,6.64,6.3,6.56,32852687,32.13,33.8,32.04,33.39,6455200,2026-02-14T03:46:45Z
TJX,2008-05-05,6.18,6.33,6.16,6.27,29719630,31.45,32.24,31.33,31.89,5839600,2026-02-14T03:46:45Z
TJX,2008-05-06,6.32,6.35,6.13,6.18,22731832,32.04,32.22,31.09,31.34,4482300,2026-02-14T03:46:45Z
TJX,2008-05-07,6.26,6.41,6.25,6.33,18788818,31.75,32.53,31.71,32.09,3704800,2026-02-14T03:46:45Z
TJX,2008-05-08,6.11,6.38,6.07,6.32,38904427,31,32.35,30.78,32.05,7671200,2026-02-14T03:46:45Z
TJX,2008-05-09,6.12,6.23,6.01,6.03,28277056,31.04,31.58,30.49,30.56,5575700,2026-02-14T03:46:45Z
TJX,2008-05-12,6.34,6.39,6.14,6.14,23264910,32.14,32.41,31.15,31.15,4587400,2026-02-14T03:46:45Z
TJX,2008-05-13,6.04,6.37,5.98,6.37,58004552,30.65,32.31,30.32,32.31,11437400,2026-02-14T03:46:45Z
TJX,2008-05-14,6.19,6.31,6.04,6.08,31838681,31.4,31.99,30.65,30.85,6278000,2026-02-14T03:46:45Z
TJX,2008-05-15,6.32,6.33,6.12,6.21,25649446,32.04,32.09,31.04,31.48,5057600,2026-02-14T03:46:45Z
TJX,2008-05-16,6.28,6.4,6.19,6.38,26633194,31.83,32.48,31.37,32.38,5251500,2026-02-14T03:46:45Z
TJX,2008-05-19,6.25,6.35,6.21,6.27,20518742,31.71,32.2,31.52,31.79,4045900,2026-02-14T03:46:45Z
TJX,2008-05-20,6.19,6.24,6.12,6.23,22788853,31.38,31.65,31.01,31.61,4493500,2026-02-14T03:46:45Z
TJX,2008-05-21,6.12,6.24,6.11,6.2,32371263,31.04,31.62,30.96,31.46,6383000,2026-02-14T03:46:45Z
TJX,2008-05-22,6.18,6.26,6.08,6.14,16349585,31.34,31.75,30.85,31.14,3223800,2026-02-14T03:46:45Z
TJX,2008-05-23,6.16,6.24,6.05,6.16,31408656,31.22,31.66,30.67,31.26,6193200,2026-02-14T03:46:45Z
TJX,2008-05-27,6.25,6.33,6.15,6.18,22252630,31.68,32.09,31.17,31.32,4387800,2026-02-14T03:46:45Z
TJX,2008-05-28,6.26,6.34,6.17,6.29,20664995,31.76,32.14,31.27,31.88,4074700,2026-02-14T03:46:45Z
TJX,2008-05-29,6.35,6.39,6.19,6.26,18895791,32.18,32.39,31.37,31.75,3725900,2026-02-14T03:46:45Z
TJX,2008-05-30,6.32,6.36,6.25,6.34,15074023,32.06,32.25,31.7,32.18,2972300,2026-02-14T03:46:45Z
TJX,2008-06-02,6.23,6.27,6.08,6.21,23387050,31.58,31.78,30.83,31.5,4611500,2026-02-14T03:46:45Z
TJX,2008-06-03,6.32,6.35,6.24,6.24,24268487,32.04,32.2,31.63,31.64,4785300,2026-02-14T03:46:45Z
TJX,2008-06-04,6.36,6.42,6.25,6.25,20250061,32.23,32.58,31.68,31.68,3992900,2026-02-14T03:46:45Z
TJX,2008-06-05,6.5,6.56,6.37,6.41,25719066,32.95,33.26,32.3,32.52,5071300,2026-02-14T03:46:45Z
TJX,2008-06-06,6.23,6.43,6.2,6.39,28880023,31.61,32.59,31.44,32.43,5694600,2026-02-14T03:46:45Z
TJX,2008-06-09,6.2,6.29,6.14,6.22,21150203,31.42,31.89,31.14,31.56,4170400,2026-02-14T03:46:45Z
TJX,2008-06-10,6.37,6.42,6.15,6.15,29713190,32.29,32.54,31.18,31.18,5858900,2026-02-14T03:46:45Z
TJX,2008-06-11,6.17,6.37,6.15,6.3,22230414,31.28,32.29,31.18,31.93,4383400,2026-02-14T03:46:45Z
TJX,2008-06-12,6.38,6.48,6.21,6.23,29815270,32.35,32.86,31.5,31.59,5879000,2026-02-14T03:46:45Z
TJX,2008-06-13,6.52,6.53,6.41,6.43,21417803,33.07,33.11,32.51,32.62,4223200,2026-02-14T03:46:45Z
TJX,2008-06-16,6.59,6.63,6.41,6.55,25547660,33.41,33.61,32.53,33.2,5037500,2026-02-14T03:46:45Z
TJX,2008-06-17,6.42,6.63,6.4,6.6,16376502,32.54,33.63,32.45,33.45,3229100,2026-02-14T03:46:45Z
TJX,2008-06-18,6.36,6.46,6.31,6.37,22677696,32.24,32.78,32.02,32.28,4471600,2026-02-14T03:46:45Z
TJX,2008-06-19,6.53,6.54,6.35,6.36,20702267,33.1,33.17,32.22,32.25,4082100,2026-02-14T03:46:45Z
TJX,2008-06-20,6.4,6.51,6.33,6.45,25042736,32.47,33,32.12,32.73,4937900,2026-02-14T03:46:45Z
TJX,2008-06-23,6.31,6.47,6.29,6.44,29155738,32.01,32.81,31.89,32.67,5748900,2026-02-14T03:46:45Z
TJX,2008-06-24,6.26,6.36,6.19,6.27,42067924,31.75,32.25,31.4,31.8,8295000,2026-02-14T03:46:45Z
TJX,2008-06-25,6.42,6.54,6.26,6.29,36485146,32.54,33.19,31.74,31.89,7194100,2026-02-14T03:46:45Z
TJX,2008-06-26,6.29,6.43,6.28,6.31,26140015,31.92,32.6,31.86,32.02,5154300,2026-02-14T03:46:45Z
TJX,2008-06-27,6.28,6.46,6.19,6.43,26794733,31.85,32.74,31.38,32.59,5283400,2026-02-14T03:46:45Z
TJX,2008-06-30,6.21,6.42,6.14,6.14,35510945,31.47,32.58,31.12,31.14,7002100,2026-02-14T03:46:45Z
TJX,2008-07-01,6.29,6.31,6.08,6.11,31219118,31.92,32,30.82,31,6155800,2026-02-14T03:46:45Z
TJX,2008-07-02,6.16,6.32,6.16,6.31,25294275,31.23,32.05,31.23,31.98,4987500,2026-02-14T03:46:45Z
TJX,2008-07-03,6.16,6.25,6.04,6.2,14651154,31.23,31.7,30.66,31.44,2888900,2026-02-14T03:46:45Z
TJX,2008-07-07,6.14,6.33,6.09,6.19,33820949,31.13,32.13,30.89,31.39,6668800,2026-02-14T03:46:45Z
TJX,2008-07-08,6.4,6.41,6.11,6.11,28951044,32.46,32.51,30.99,30.99,5708600,2026-02-14T03:46:45Z
TJX,2008-07-09,6.24,6.42,6.21,6.42,26405327,31.63,32.55,31.49,32.55,5206600,2026-02-14T03:46:45Z
TJX,2008-07-10,6.24,6.42,6.19,6.32,37709556,31.64,32.57,31.38,32.07,7435600,2026-02-14T03:46:45Z
TJX,2008-07-11,6.18,6.32,6.02,6.12,38990725,31.35,32.03,30.53,31.01,7688200,2026-02-14T03:46:45Z
TJX,2008-07-14,6.37,6.45,6.23,6.27,33028912,32.29,32.69,31.58,31.79,6512700,2026-02-14T03:46:45Z
TJX,2008-07-15,6.43,6.49,6.21,6.33,48327501,32.62,32.93,31.5,32.1,9529200,2026-02-14T03:46:45Z
TJX,2008-07-16,6.73,6.77,6.37,6.44,47345046,34.15,34.33,32.29,32.68,9335500,2026-02-14T03:46:45Z
TJX,2008-07-17,6.95,7.01,6.65,6.76,47438138,35.27,35.56,33.72,34.27,9353800,2026-02-14T03:46:45Z
TJX,2008-07-18,6.81,7.18,6.81,7.18,39426903,34.54,36.44,34.53,36.44,7774200,2026-02-14T03:46:45Z
TJX,2008-07-21,6.73,6.91,6.62,6.84,28172657,34.12,35.03,33.58,34.71,5555100,2026-02-14T03:46:45Z
TJX,2008-07-22,6.9,6.92,6.67,6.69,26846028,35,35.11,33.84,33.95,5293500,2026-02-14T03:46:45Z
TJX,2008-07-23,6.7,7,6.66,6.91,48246921,34,35.48,33.77,35.02,9513300,2026-02-14T03:46:45Z
TJX,2008-07-24,6.48,6.68,6.44,6.57,39622119,32.84,33.89,32.67,33.32,7812700,2026-02-14T03:46:45Z
TJX,2008-07-25,6.4,6.67,6.36,6.48,35323246,32.47,33.82,32.24,32.85,6965000,2026-02-14T03:46:45Z
TJX,2008-07-28,6.42,6.48,6.31,6.39,38012621,32.58,32.85,31.99,32.43,7495300,2026-02-14T03:46:45Z
TJX,2008-07-29,6.71,6.74,6.4,6.4,41919785,34.03,34.19,32.46,32.46,8265700,2026-02-14T03:46:45Z
TJX,2008-07-30,6.73,6.9,6.6,6.73,35694276,34.15,35.01,33.45,34.13,7038200,2026-02-14T03:46:45Z
TJX,2008-07-31,6.65,6.85,6.56,6.69,36487677,33.71,34.73,33.29,33.93,7194600,2026-02-14T03:46:45Z
TJX,2008-08-01,6.72,6.79,6.53,6.7,36257857,34.07,34.43,33.13,33.97,7149300,2026-02-14T03:46:45Z
TJX,2008-08-04,6.6,6.75,6.51,6.71,33395672,33.49,34.21,33,34.05,6585000,2026-02-14T03:46:45Z
TJX,2008-08-05,7,7.05,6.67,6.68,48966968,35.38,35.64,33.73,33.79,9687100,2026-02-14T03:46:45Z
TJX,2008-08-06,6.82,7.01,6.79,6.96,40110698,34.47,35.44,34.3,35.17,7935100,2026-02-14T03:46:45Z
TJX,2008-08-07,6.93,7,6.64,6.79,41669653,35.02,35.38,33.56,34.34,8243500,2026-02-14T03:46:45Z
TJX,2008-08-08,7.29,7.31,6.92,6.94,48494612,36.87,36.95,34.99,35.07,9593700,2026-02-14T03:46:45Z
TJX,2008-08-11,7.32,7.42,7.18,7.27,83028480,37,37.52,36.3,36.74,16425500,2026-02-14T03:46:45Z
TJX,2008-08-12,7.16,7.27,7.07,7.17,48662562,36.17,36.74,35.75,36.25,9626900,2026-02-14T03:46:45Z
TJX,2008-08-13,7.08,7.14,6.92,7.14,51147203,35.79,36.08,34.96,36.08,10118400,2026-02-14T03:46:45Z
TJX,2008-08-14,7.13,7.26,7.04,7.09,40346095,36.05,36.68,35.56,35.85,7981700,2026-02-14T03:46:45Z
TJX,2008-08-15,7.11,7.28,7.06,7.12,26393750,35.96,36.79,35.7,36,5221500,2026-02-14T03:46:45Z
TJX,2008-08-18,7.04,7.2,7,7.15,21070525,35.59,36.4,35.36,36.15,4168400,2026-02-14T03:46:45Z
TJX,2008-08-19,6.88,7.01,6.82,7.01,22628353,34.77,35.45,34.49,35.44,4476600,2026-02-14T03:46:45Z
TJX,2008-08-20,6.9,6.96,6.82,6.92,32764644,34.87,35.18,34.45,35,6481800,2026-02-14T03:46:45Z
TJX,2008-08-21,6.96,7.03,6.79,6.85,31712653,35.2,35.53,34.3,34.61,6273700,2026-02-14T03:46:45Z
TJX,2008-08-22,7.12,7.13,6.99,7.04,29904976,35.99,36.02,35.34,35.56,5916100,2026-02-14T03:46:45Z
TJX,2008-08-25,7.03,7.1,7.02,7.08,33096897,35.55,35.9,35.48,35.77,6547600,2026-02-14T03:46:45Z
TJX,2008-08-26,7.05,7.06,6.95,7.03,31031620,35.63,35.7,35.14,35.55,6139000,2026-02-14T03:46:45Z
TJX,2008-08-27,7.09,7.12,6.92,6.97,35064983,35.85,35.98,35,35.24,6936900,2026-02-14T03:46:45Z
TJX,2008-08-28,7.23,7.24,7.06,7.13,31666619,36.54,36.58,35.68,36.06,6264600,2026-02-14T03:46:45Z
TJX,2008-08-29,7.17,7.36,7.16,7.23,26212256,36.24,37.2,36.2,36.54,5185600,2026-02-14T03:46:45Z
TJX,2008-09-02,7.19,7.31,7.17,7.3,37212573,36.33,36.97,36.25,36.92,7361800,2026-02-14T03:46:45Z
TJX,2008-09-03,7.28,7.3,7.11,7.26,39162737,36.79,36.92,35.94,36.68,7747600,2026-02-14T03:46:45Z
TJX,2008-09-04,6.74,7.04,6.72,6.97,69746925,34.07,35.56,33.98,35.25,13798100,2026-02-14T03:46:45Z
TJX,2008-09-05,6.8,6.81,6.53,6.53,43967150,34.37,34.41,33,33.03,8698000,2026-02-14T03:46:45Z
TJX,2008-09-08,6.93,6.97,6.76,6.92,43578229,35.03,35.24,34.19,35,8621100,2026-02-14T03:46:45Z
TJX,2008-09-09,6.76,7,6.76,6.96,44445783,34.19,35.38,34.16,35.17,8792700,2026-02-14T03:46:45Z
TJX,2008-09-10,6.83,6.93,6.7,6.93,42214338,34.53,35.03,33.84,35.03,8351300,2026-02-14T03:46:45Z
TJX,2008-09-11,6.93,6.93,6.7,6.71,37988593,35.03,35.03,33.86,33.9,7515300,2026-02-14T03:46:45Z
TJX,2008-09-12,6.73,6.93,6.68,6.83,41192560,34,35.01,33.79,34.5,8149100,2026-02-14T03:46:45Z
TJX,2008-09-15,6.58,6.78,6.53,6.55,38024390,33.24,34.26,33,33.1,7522400,2026-02-14T03:46:45Z
TJX,2008-09-16,6.77,6.89,6.41,6.41,56353792,34.22,34.84,32.4,32.4,11148400,2026-02-14T03:46:45Z
TJX,2008-09-17,6.39,6.76,6.38,6.66,66709113,32.29,34.17,32.25,33.64,13197000,2026-02-14T03:46:45Z
TJX,2008-09-18,6.51,6.57,6.18,6.45,48372651,32.93,33.21,31.25,32.62,9569500,2026-02-14T03:46:45Z
TJX,2008-09-19,6.44,7.12,6.4,6.61,44407589,32.55,36,32.35,33.41,8785200,2026-02-14T03:46:45Z
TJX,2008-09-22,6.21,6.65,6.2,6.43,29375544,31.4,33.61,31.36,32.5,5811400,2026-02-14T03:46:45Z
TJX,2008-09-23,6.3,6.44,6.22,6.24,36700238,31.84,32.57,31.46,31.55,7260400,2026-02-14T03:46:45Z
TJX,2008-09-24,6.17,6.36,6.14,6.33,25462932,31.18,32.16,31.06,32.02,5037300,2026-02-14T03:46:45Z
TJX,2008-09-25,6.28,6.43,6.2,6.25,36544646,31.74,32.49,31.36,31.6,7229600,2026-02-14T03:46:45Z
TJX,2008-09-26,6.32,6.39,6.16,6.26,32387137,31.96,32.32,31.13,31.65,6407100,2026-02-14T03:46:45Z
TJX,2008-09-29,5.98,6.37,5.98,6.23,40836790,30.25,32.2,30.25,31.51,8078800,2026-02-14T03:46:45Z
TJX,2008-09-30,6.04,6.12,5.88,6.12,36714179,30.52,30.93,29.75,30.93,7263200,2026-02-14T03:46:45Z
TJX,2008-10-01,6.06,6.06,5.89,5.99,40314616,30.62,30.63,29.8,30.27,7975500,2026-02-14T03:46:45Z
TJX,2008-10-02,5.82,6.06,5.79,6.02,35486621,29.44,30.65,29.25,30.41,7020300,2026-02-14T03:46:45Z
TJX,2008-10-03,5.91,6.01,5.86,5.93,49326542,29.87,30.37,29.64,30,9758300,2026-02-14T03:46:45Z
TJX,2008-10-06,5.82,5.85,5.5,5.58,55561359,29.4,29.59,27.78,28.21,10991700,2026-02-14T03:46:45Z
TJX,2008-10-07,5.51,5.96,5.5,5.87,52050834,27.83,30.1,27.78,29.68,10297200,2026-02-14T03:46:45Z
TJX,2008-10-08,5.46,5.88,5.37,5.37,66497840,27.61,29.75,27.15,27.15,13155300,2026-02-14T03:46:45Z
TJX,2008-10-09,4.98,5.43,4.89,5.28,81082137,25.15,27.44,24.72,26.68,16040400,2026-02-14T03:46:45Z
TJX,2008-10-10,5.07,5.4,4.63,4.7,83941919,25.65,27.28,23.39,23.77,16606100,2026-02-14T03:46:45Z
TJX,2008-10-13,5.34,5.36,5.07,5.25,40658723,27,27.07,25.63,26.55,8043500,2026-02-14T03:46:45Z
TJX,2008-10-14,5.37,5.54,5.18,5.53,49182172,27.12,28.01,26.2,27.93,9729800,2026-02-14T03:46:45Z
TJX,2008-10-15,5.11,5.42,5.11,5.36,47965979,25.85,27.37,25.82,27.11,9489100,2026-02-14T03:46:45Z
TJX,2008-10-16,5.46,5.46,4.98,5.15,52490302,27.59,27.59,25.16,26.04,10384100,2026-02-14T03:46:45Z
TJX,2008-10-17,5.34,5.55,5.26,5.26,39605375,26.98,28.07,26.57,26.57,7835200,2026-02-14T03:46:45Z
TJX,2008-10-20,5.45,5.47,5.16,5.36,39782759,27.55,27.67,26.09,27.1,7870200,2026-02-14T03:46:45Z
TJX,2008-10-21,5.3,5.55,5.28,5.28,34397493,26.79,28.06,26.68,26.68,6804900,2026-02-14T03:46:45Z
TJX,2008-10-22,4.97,5.3,4.83,5.26,44790693,25.13,26.77,24.39,26.6,8861000,2026-02-14T03:46:45Z
TJX,2008-10-23,4.86,5.11,4.65,5.02,45628615,24.56,25.81,23.52,25.38,9026700,2026-02-14T03:46:45Z
TJX,2008-10-24,4.67,4.93,4.59,4.6,44783114,23.63,24.91,23.2,23.23,8859400,2026-02-14T03:46:45Z
TJX,2008-10-27,4.57,4.86,4.38,4.62,32479869,23.09,24.54,22.12,23.38,6425500,2026-02-14T03:46:45Z
TJX,2008-10-28,5.02,5.02,4.59,4.68,41045044,25.38,25.39,23.2,23.66,8119900,2026-02-14T03:46:45Z
TJX,2008-10-29,5.26,5.54,4.94,5.01,53263406,26.59,28.01,24.96,25.31,10537100,2026-02-14T03:46:45Z
TJX,2008-10-30,5.28,5.49,5.2,5.35,38604577,26.7,27.73,26.29,27.04,7637200,2026-02-14T03:46:45Z
TJX,2008-10-31,5.29,5.38,5.17,5.29,45705165,26.76,27.21,26.16,26.75,9041800,2026-02-14T03:46:45Z
TJX,2008-11-03,5.14,5.32,5.07,5.31,42157244,26,26.87,25.63,26.83,8340000,2026-02-14T03:46:45Z
TJX,2008-11-04,5.24,5.26,5.05,5.24,29821393,26.38,26.47,25.41,26.35,5924600,2026-02-14T03:46:45Z
TJX,2008-11-05,5.16,5.29,5.14,5.17,36259858,25.99,26.61,25.86,26.01,7203700,2026-02-14T03:46:45Z
TJX,2008-11-06,4.77,5.25,4.73,5.09,56768116,24.01,26.43,23.8,25.63,11278200,2026-02-14T03:46:45Z
TJX,2008-11-07,4.81,4.84,4.71,4.77,28466965,24.19,24.38,23.7,24.02,5655500,2026-02-14T03:46:45Z
TJX,2008-11-10,4.71,4.91,4.64,4.86,28098734,23.7,24.73,23.36,24.47,5582400,2026-02-14T03:46:45Z
TJX,2008-11-11,4.66,4.79,4.46,4.57,44072189,23.45,24.1,22.47,23,8755800,2026-02-14T03:46:45Z
TJX,2008-11-12,4.32,4.54,4.28,4.5,46712843,21.75,22.84,21.53,22.66,9280500,2026-02-14T03:46:45Z
TJX,2008-11-13,4.49,4.5,4.01,4.33,62456229,22.61,22.63,20.17,21.79,12408100,2026-02-14T03:46:45Z
TJX,2008-11-14,4.24,4.46,4.19,4.4,27570482,21.32,22.45,21.1,22.16,5477500,2026-02-14T03:46:45Z
TJX,2008-11-17,4.1,4.29,4.1,4.2,35667474,20.62,21.62,20.62,21.12,7086100,2026-02-14T03:46:45Z
TJX,2008-11-18,3.98,4.15,3.88,4.1,46018407,20.05,20.89,19.51,20.65,9142400,2026-02-14T03:46:45Z
TJX,2008-11-19,3.66,4.03,3.65,4.01,50333741,18.42,20.3,18.36,20.19,9999800,2026-02-14T03:46:45Z
TJX,2008-11-20,3.67,3.93,3.54,3.59,42431068,18.47,19.78,17.8,18.09,8429700,2026-02-14T03:46:45Z
TJX,2008-11-21,3.96,3.97,3.64,3.69,49540698,19.94,20,18.3,18.56,9842300,2026-02-14T03:46:45Z
TJX,2008-11-24,4.2,4.34,3.89,4.09,51456149,21.13,21.83,19.57,20.61,10222800,2026-02-14T03:46:45Z
TJX,2008-11-25,4.22,4.36,4.08,4.21,31929611,21.25,21.95,20.53,21.19,6343400,2026-02-14T03:46:45Z
TJX,2008-11-26,4.51,4.54,4.16,4.17,36505331,22.7,22.84,20.93,21,7252500,2026-02-14T03:46:45Z
TJX,2008-11-28,4.53,4.64,4.48,4.57,13909342,22.82,23.35,22.55,23.01,2763400,2026-02-14T03:46:45Z
TJX,2008-12-01,4.03,4.46,4.03,4.45,39953332,20.29,22.44,20.26,22.4,7937500,2026-02-14T03:46:45Z
TJX,2008-12-02,4.04,4.14,3.96,4.08,34699143,20.31,20.85,19.93,20.54,6893700,2026-02-14T03:46:45Z
TJX,2008-12-03,4.16,4.19,3.96,4.03,39383428,20.94,21.1,19.92,20.29,7824400,2026-02-14T03:46:45Z
TJX,2008-12-04,3.83,4.04,3.77,4.03,59742426,19.29,20.36,18.99,20.26,11869200,2026-02-14T03:46:45Z
TJX,2008-12-05,3.99,4.01,3.58,3.8,60800224,20.08,20.19,18.02,19.14,12079200,2026-02-14T03:46:45Z
TJX,2008-12-08,4.2,4.29,4.03,4.08,37652742,21.14,21.59,20.28,20.55,7480500,2026-02-14T03:46:45Z
TJX,2008-12-09,3.99,4.25,3.96,4.16,31852877,20.07,21.41,19.93,20.96,6328200,2026-02-14T03:46:45Z
TJX,2008-12-10,4.07,4.1,3.96,4.02,25950829,20.48,20.65,19.91,20.22,5155700,2026-02-14T03:46:45Z
TJX,2008-12-11,3.93,4.04,3.9,4.04,27417963,19.76,20.32,19.63,20.31,5447100,2026-02-14T03:46:45Z
TJX,2008-12-12,3.93,3.96,3.81,3.84,23145215,19.8,19.95,19.2,19.35,4598300,2026-02-14T03:46:45Z
TJX,2008-12-15,3.92,3.99,3.86,3.97,23351624,19.72,20.1,19.42,19.99,4639300,2026-02-14T03:46:45Z
TJX,2008-12-16,4.05,4.09,3.92,3.95,38985447,20.4,20.6,19.71,19.9,7745300,2026-02-14T03:46:45Z
TJX,2008-12-17,4.16,4.21,4,4.01,44610123,20.94,21.19,20.13,20.2,8862800,2026-02-14T03:46:45Z
TJX,2008-12-18,4.1,4.21,4.07,4.19,33349058,20.65,21.2,20.46,21.08,6625400,2026-02-14T03:46:45Z
TJX,2008-12-19,4.1,4.19,4.03,4.14,37683921,20.65,21.07,20.3,20.86,7486600,2026-02-14T03:46:45Z
TJX,2008-12-22,3.94,4.1,3.89,4.1,24688843,19.83,20.65,19.6,20.65,4904900,2026-02-14T03:46:45Z
TJX,2008-12-23,3.88,4,3.83,4,27857023,19.52,20.15,19.26,20.11,5534300,2026-02-14T03:46:45Z
TJX,2008-12-24,3.93,3.97,3.87,3.95,6161923,19.8,19.99,19.49,19.9,1224200,2026-02-14T03:46:45Z
TJX,2008-12-26,3.98,4.01,3.95,3.95,7075961,20.04,20.18,19.87,19.87,1405800,2026-02-14T03:46:45Z
TJX,2008-12-29,3.92,3.99,3.9,3.98,13534821,19.74,20.07,19.61,20.01,2689000,2026-02-14T03:46:45Z
TJX,2008-12-30,3.98,3.99,3.9,3.94,15114813,20.04,20.08,19.63,19.85,3002900,2026-02-14T03:46:45Z
TJX,2008-12-31,4.09,4.13,3.96,3.98,15411266,20.57,20.81,19.91,20.02,3061800,2026-02-14T03:46:45Z
TJX,2009-01-02,4.28,4.3,4.05,4.05,18226945,21.55,21.65,20.41,20.41,3621200,2026-02-14T03:46:45Z
TJX,2009-01-05,4.25,4.31,4.17,4.26,27239330,21.39,21.7,20.99,21.46,5411700,2026-02-14T03:46:45Z
TJX,2009-01-06,4.31,4.36,4.18,4.29,28563615,21.71,21.95,21.05,21.62,5674700,2026-02-14T03:46:45Z
TJX,2009-01-07,4.31,4.37,4.24,4.27,29584411,21.71,22.01,21.35,21.49,5877500,2026-02-14T03:46:45Z
TJX,2009-01-08,4.27,4.31,4.12,4.27,43118923,21.49,21.68,20.74,21.48,8566400,2026-02-14T03:46:45Z
TJX,2009-01-09,4.13,4.32,4.09,4.27,35315655,20.8,21.75,20.61,21.48,7016100,2026-02-14T03:46:45Z
TJX,2009-01-12,4.1,4.16,4.07,4.11,25034168,20.64,20.92,20.47,20.71,4973600,2026-02-14T03:46:45Z
TJX,2009-01-13,4.04,4.15,3.99,4.11,34301274,20.33,20.9,20.08,20.71,6814700,2026-02-14T03:46:45Z
TJX,2009-01-14,3.89,4,3.88,3.98,27783464,19.58,20.13,19.53,20.06,5519800,2026-02-14T03:46:45Z
TJX,2009-01-15,4.01,4.09,3.81,3.89,34890819,20.2,20.59,19.16,19.59,6931700,2026-02-14T03:46:45Z
TJX,2009-01-16,4.1,4.12,3.96,4.07,27224779,20.65,20.76,19.91,20.46,5408700,2026-02-14T03:46:45Z
TJX,2009-01-20,3.88,4.08,3.87,4.08,25133801,19.53,20.55,19.49,20.55,4993300,2026-02-14T03:46:45Z
TJX,2009-01-21,3.97,3.98,3.84,3.97,27608772,19.96,20.04,19.35,19.96,5485100,2026-02-14T03:46:45Z
TJX,2009-01-22,4.02,4.1,3.85,3.86,32152476,20.21,20.64,19.36,19.42,6387700,2026-02-14T03:46:45Z
TJX,2009-01-23,3.96,4.01,3.88,3.88,23766082,19.92,20.19,19.53,19.53,4721600,2026-02-14T03:46:45Z
TJX,2009-01-26,4.02,4.1,3.95,3.95,17350351,20.23,20.64,19.87,19.89,3447000,2026-02-14T03:46:45Z
TJX,2009-01-27,4.03,4.1,3.98,4.07,20944038,20.26,20.63,20.06,20.46,4161000,2026-02-14T03:46:45Z
TJX,2009-01-28,4.15,4.18,4.06,4.1,23851789,20.87,21.06,20.42,20.62,4738700,2026-02-14T03:46:45Z
TJX,2009-01-29,3.98,4.15,3.97,4.14,18503705,20.05,20.9,19.97,20.82,3676100,2026-02-14T03:46:45Z
TJX,2009-01-30,3.86,3.99,3.82,3.99,22926794,19.42,20.1,19.25,20.1,4554900,2026-02-14T03:46:45Z
TJX,2009-02-02,3.87,3.93,3.81,3.82,23145950,19.47,19.78,19.19,19.23,4598400,2026-02-14T03:46:45Z
TJX,2009-02-03,3.94,3.97,3.82,3.91,29087585,19.81,19.99,19.25,19.66,5778900,2026-02-14T03:46:45Z
TJX,2009-02-04,3.96,4.01,3.84,3.84,30839129,19.92,20.2,19.33,19.33,6126800,2026-02-14T03:46:45Z
TJX,2009-02-05,4.38,4.41,4.06,4.07,56033616,22.06,22.18,20.44,20.5,11132300,2026-02-14T03:46:45Z
TJX,2009-02-06,4.53,4.65,4.33,4.39,44007661,22.82,23.41,21.81,22.12,8743100,2026-02-14T03:46:45Z
TJX,2009-02-09,4.47,4.56,4.39,4.55,24277309,22.5,22.94,22.1,22.88,4823200,2026-02-14T03:46:45Z
TJX,2009-02-10,4.34,4.5,4.28,4.44,27413066,21.73,22.55,21.44,22.25,5472900,2026-02-14T03:46:45Z
TJX,2009-02-11,4.36,4.41,4.27,4.34,24397025,21.83,22.08,21.41,21.72,4870800,2026-02-14T03:46:45Z
TJX,2009-02-12,4.38,4.39,4.22,4.32,26811660,21.94,21.97,21.16,21.65,5352800,2026-02-14T03:46:45Z
TJX,2009-02-13,4.32,4.43,4.29,4.36,19494230,21.64,22.18,21.47,21.83,3892000,2026-02-14T03:46:45Z
TJX,2009-02-17,4.28,4.34,4.13,4.21,27693106,21.43,21.75,20.7,21.09,5528800,2026-02-14T03:46:45Z
TJX,2009-02-18,4.27,4.34,4.18,4.34,24364827,21.37,21.72,20.93,21.72,4864300,2026-02-14T03:46:45Z
TJX,2009-02-19,4.26,4.4,4.25,4.29,20589666,21.35,22.04,21.28,21.51,4110700,2026-02-14T03:46:45Z
TJX,2009-02-20,4.25,4.31,4.13,4.19,22668408,21.3,21.58,20.7,21,4525700,2026-02-14T03:46:45Z
TJX,2009-02-23,4.15,4.32,4.13,4.32,23379045,20.79,21.65,20.7,21.65,4667600,2026-02-14T03:46:45Z
TJX,2009-02-24,4.3,4.33,4.14,4.18,27894712,21.54,21.67,20.73,20.92,5569100,2026-02-14T03:46:45Z
TJX,2009-02-25,4.62,4.67,4.39,4.39,63453530,23.12,23.4,22,22.01,12668200,2026-02-14T03:46:45Z
TJX,2009-02-26,4.49,4.67,4.45,4.67,31141719,22.48,23.4,22.28,23.4,6217400,2026-02-14T03:46:45Z
TJX,2009-02-27,4.45,4.56,4.36,4.39,33363174,22.27,22.83,21.82,22.01,6660800,2026-02-14T03:46:45Z
TJX,2009-03-02,4.39,4.61,4.37,4.42,36128048,22,23.07,21.88,22.15,7212800,2026-02-14T03:46:45Z
TJX,2009-03-03,4.28,4.49,4.22,4.47,34589338,21.43,22.49,21.12,22.41,6905600,2026-02-14T03:46:45Z
TJX,2009-03-04,4.33,4.39,4.23,4.37,31539986,21.69,21.98,21.2,21.87,6296800,2026-02-14T03:46:45Z
TJX,2009-03-05,4.29,4.53,4.2,4.23,37231268,21.51,22.67,21.01,21.21,7433100,2026-02-14T03:46:45Z
TJX,2009-03-06,4.29,4.37,4.16,4.32,39423710,21.49,21.91,20.83,21.66,7870800,2026-02-14T03:46:45Z
TJX,2009-03-09,4.33,4.42,4.23,4.26,35560059,21.71,22.14,21.17,21.32,7099400,2026-02-14T03:46:45Z
TJX,2009-03-10,4.63,4.64,4.36,4.39,38461029,23.18,23.23,21.85,22.01,7678600,2026-02-14T03:46:45Z
TJX,2009-03-11,4.74,4.79,4.54,4.67,28032572,23.75,23.97,22.75,23.37,5596600,2026-02-14T03:46:45Z
TJX,2009-03-12,4.91,4.92,4.72,4.72,28844025,24.59,24.63,23.65,23.65,5758600,2026-02-14T03:46:45Z
TJX,2009-03-13,4.96,5,4.86,4.91,26978288,24.84,25.07,24.34,24.57,5386100,2026-02-14T03:46:45Z
TJX,2009-03-16,4.79,5.02,4.78,5.01,29421144,23.98,25.14,23.93,25.09,5873800,2026-02-14T03:46:45Z
TJX,2009-03-17,4.92,4.92,4.76,4.78,28616538,24.63,24.65,23.86,23.96,5713200,2026-02-14T03:46:45Z
TJX,2009-03-18,5.04,5.13,4.87,4.88,25758379,25.26,25.69,24.38,24.44,5142600,2026-02-14T03:46:45Z
TJX,2009-03-19,5.01,5.11,4.95,5.08,23189095,25.11,25.58,24.81,25.46,4629600,2026-02-14T03:46:45Z
TJX,2009-03-20,4.93,5.04,4.86,5.04,25280575,24.67,25.24,24.35,25.23,5047200,2026-02-14T03:46:45Z
TJX,2009-03-23,5.09,5.1,4.92,5,29559706,25.48,25.56,24.65,25.05,5901500,2026-02-14T03:46:45Z
TJX,2009-03-24,5.18,5.23,4.99,5.03,25552312,25.94,26.2,25,25.17,5101400,2026-02-14T03:46:45Z
TJX,2009-03-25,5.15,5.3,5.04,5.21,29846637,25.8,26.57,25.24,26.07,5958800,2026-02-14T03:46:45Z
TJX,2009-03-26,5.38,5.47,5.18,5.2,34626483,26.97,27.38,25.94,26.06,6913100,2026-02-14T03:46:45Z
TJX,2009-03-27,5.3,5.38,5.24,5.31,28830056,26.54,26.92,26.26,26.6,5755800,2026-02-14T03:46:45Z
TJX,2009-03-30,5.14,5.28,5.08,5.21,26255412,25.74,26.42,25.43,26.08,5241800,2026-02-14T03:46:45Z
TJX,2009-03-31,5.12,5.2,4.95,5.19,37025202,25.64,26.05,24.77,26,7391900,2026-02-14T03:46:45Z
TJX,2009-04-01,5.11,5.17,4.96,5.04,31616648,25.62,25.88,24.82,25.22,6312100,2026-02-14T03:46:45Z
TJX,2009-04-02,5.22,5.33,5.07,5.2,29454832,26.14,26.67,25.41,26.06,5880600,2026-02-14T03:46:45Z
TJX,2009-04-03,5.33,5.34,5.12,5.22,35098831,26.68,26.77,25.64,26.15,7007400,2026-02-14T03:46:45Z
TJX,2009-04-06,5.18,5.29,5.09,5.29,30619800,25.94,26.5,25.52,26.5,6113100,2026-02-14T03:46:45Z
TJX,2009-04-07,5.14,5.2,5.08,5.09,27160992,25.75,26.02,25.46,25.51,5422600,2026-02-14T03:46:45Z
TJX,2009-04-08,5.33,5.33,5.17,5.19,33511993,26.7,26.72,25.91,26,6690600,2026-02-14T03:46:45Z
TJX,2009-04-09,5.51,5.59,5.31,5.51,53983430,27.58,28,26.61,27.59,10777700,2026-02-14T03:46:45Z
TJX,2009-04-13,5.45,5.54,5.4,5.4,21271414,27.29,27.74,27.07,27.07,4246800,2026-02-14T03:46:45Z
TJX,2009-04-14,5.37,5.45,5.3,5.41,31985940,26.92,27.3,26.55,27.1,6385900,2026-02-14T03:46:45Z
TJX,2009-04-15,5.4,5.43,5.25,5.34,22356200,27.03,27.22,26.3,26.76,4463300,2026-02-14T03:46:45Z
TJX,2009-04-16,5.52,5.56,5.35,5.41,26249035,27.64,27.83,26.78,27.09,5240500,2026-02-14T03:46:45Z
TJX,2009-04-17,5.66,5.69,5.52,5.52,33872260,28.34,28.52,27.67,27.67,6762500,2026-02-14T03:46:45Z
TJX,2009-04-20,5.45,5.61,5.4,5.56,32104513,27.31,28.09,27.04,27.84,6409500,2026-02-14T03:46:45Z
TJX,2009-04-21,5.61,5.64,5.41,5.44,28830751,28.12,28.26,27.11,27.25,5756000,2026-02-14T03:46:45Z
TJX,2009-04-22,5.55,5.82,5.54,5.58,34552922,27.79,29.17,27.75,27.93,6898400,2026-02-14T03:46:45Z
TJX,2009-04-23,5.5,5.6,5.34,5.55,28217693,27.54,28.05,26.77,27.79,5633600,2026-02-14T03:46:45Z
TJX,2009-04-24,5.62,5.7,5.5,5.57,27606577,28.13,28.53,27.55,27.91,5511600,2026-02-14T03:46:45Z
TJX,2009-04-27,5.39,5.57,5.32,5.54,38456653,27,27.92,26.63,27.77,7677800,2026-02-14T03:46:45Z
TJX,2009-04-28,5.58,5.62,5.35,5.39,44068047,27.95,28.16,26.81,27.01,8798000,2026-02-14T03:46:45Z
TJX,2009-04-29,5.52,5.69,5.48,5.62,36904372,27.66,28.5,27.44,28.15,7367800,2026-02-14T03:46:45Z
TJX,2009-04-30,5.58,5.66,5.49,5.58,52549502,27.97,28.36,27.49,27.96,10491300,2026-02-14T03:46:45Z
TJX,2009-05-01,5.56,5.63,5.47,5.58,32177575,27.87,28.2,27.41,27.93,6424200,2026-02-14T03:46:45Z
TJX,2009-05-04,5.79,5.86,5.65,5.66,37402371,29.02,29.33,28.29,28.34,7467200,2026-02-14T03:46:45Z
TJX,2009-05-05,5.8,5.84,5.73,5.76,25262768,29.06,29.23,28.72,28.86,5043600,2026-02-14T03:46:45Z
TJX,2009-05-06,5.69,5.89,5.63,5.85,31131122,28.52,29.49,28.22,29.28,6215200,2026-02-14T03:46:45Z
TJX,2009-05-07,5.72,5.87,5.65,5.87,45295839,28.65,29.41,28.3,29.39,9043200,2026-02-14T03:46:45Z
TJX,2009-05-08,5.6,5.79,5.55,5.77,38176847,28.06,28.99,27.79,28.9,7621900,2026-02-14T03:46:45Z
TJX,2009-05-11,5.56,5.63,5.41,5.58,37360234,27.85,28.19,27.12,27.95,7458900,2026-02-14T03:46:45Z
TJX,2009-05-12,5.66,5.83,5.54,5.78,63706017,28.23,29.05,27.65,28.84,12773700,2026-02-14T03:46:45Z
TJX,2009-05-13,5.53,5.58,5.48,5.51,49422256,27.6,27.83,27.31,27.46,9909700,2026-02-14T03:46:45Z
TJX,2009-05-14,5.38,5.68,5.38,5.53,42575383,26.85,28.33,26.82,27.6,8536800,2026-02-14T03:46:45Z
TJX,2009-05-15,5.38,5.48,5.34,5.37,37159663,26.84,27.34,26.62,26.8,7450900,2026-02-14T03:46:45Z
TJX,2009-05-18,5.6,5.61,5.43,5.46,43816371,27.94,27.97,27.08,27.22,8785700,2026-02-14T03:46:45Z
TJX,2009-05-19,5.82,5.88,5.71,5.76,67301942,29.03,29.32,28.49,28.72,13494700,2026-02-14T03:46:45Z
TJX,2009-05-20,5.68,5.88,5.64,5.88,45772282,28.31,29.34,28.12,29.3,9177900,2026-02-14T03:46:45Z
TJX,2009-05-21,5.66,5.77,5.54,5.61,31247245,28.21,28.78,27.65,28,6265400,2026-02-14T03:46:45Z
TJX,2009-05-22,5.67,5.73,5.55,5.63,21291791,28.28,28.58,27.66,28.09,4269200,2026-02-14T03:46:45Z
TJX,2009-05-26,5.89,5.92,5.54,5.61,38237953,29.4,29.54,27.61,27.97,7667100,2026-02-14T03:46:45Z
TJX,2009-05-27,5.86,6.04,5.82,5.88,48658891,29.21,30.1,29.01,29.31,9756600,2026-02-14T03:46:45Z
TJX,2009-05-28,5.78,5.93,5.65,5.9,31589463,28.83,29.56,28.2,29.44,6334000,2026-02-14T03:46:45Z
TJX,2009-05-29,5.92,5.92,5.71,5.83,27892139,29.51,29.53,28.5,29.05,5592700,2026-02-14T03:46:45Z
TJX,2009-06-01,6.16,6.2,5.93,6,40291539,30.72,30.94,29.59,29.9,8078900,2026-02-14T03:46:45Z
TJX,2009-06-02,6.15,6.27,6.13,6.17,46473514,30.66,31.25,30.55,30.79,9318500,2026-02-14T03:46:45Z
TJX,2009-06-03,6.16,6.2,6.08,6.14,25994595,30.73,30.9,30.33,30.61,5212200,2026-02-14T03:46:45Z
TJX,2009-06-04,6.11,6.2,5.99,6.18,36679642,30.45,30.9,29.85,30.83,7354600,2026-02-14T03:46:45Z
TJX,2009-06-05,6.12,6.24,6.01,6.24,32715391,30.52,31.11,29.99,31.11,6559800,2026-02-14T03:46:45Z
TJX,2009-06-08,6.18,6.22,6.04,6.1,22217871,30.8,31,30.15,30.43,4454900,2026-02-14T03:46:45Z
TJX,2009-06-09,6.21,6.25,6.16,6.19,16816131,30.99,31.19,30.74,30.85,3371800,2026-02-14T03:46:45Z
TJX,2009-06-10,6.12,6.29,6.03,6.27,21057647,30.5,31.39,30.09,31.28,4222300,2026-02-14T03:46:45Z
TJX,2009-06-11,6.01,6.19,6,6.15,26924230,29.95,30.87,29.91,30.65,5398600,2026-02-14T03:46:45Z
TJX,2009-06-12,6.16,6.19,5.89,5.97,22957356,30.73,30.86,29.36,29.8,4603200,2026-02-14T03:46:45Z
TJX,2009-06-15,6.09,6.16,6.01,6.04,20742585,30.38,30.71,29.97,30.11,4159100,2026-02-14T03:46:45Z
TJX,2009-06-16,5.96,6.14,5.92,6.14,22626157,29.73,30.63,29.5,30.62,4536800,2026-02-14T03:46:45Z
TJX,2009-06-17,6.18,6.28,5.92,5.94,33936563,30.82,31.32,29.55,29.63,6804600,2026-02-14T03:46:45Z
TJX,2009-06-18,6.15,6.22,6.1,6.16,19883592,30.66,31,30.43,30.72,3986900,2026-02-14T03:46:45Z
TJX,2009-06-19,6.19,6.25,6.16,6.2,25418409,30.85,31.15,30.72,30.91,5096700,2026-02-14T03:46:45Z
TJX,2009-06-22,6.17,6.27,6.1,6.13,27582655,30.78,31.25,30.41,30.58,5530600,2026-02-14T03:46:45Z
TJX,2009-06-23,6.07,6.24,6.07,6.19,28476119,30.28,31.1,30.26,30.86,5709800,2026-02-14T03:46:45Z
TJX,2009-06-24,6.06,6.2,6.02,6.15,22939070,30.23,30.94,30.01,30.67,4599500,2026-02-14T03:46:45Z
TJX,2009-06-25,6.38,6.43,6.04,6.04,42246923,31.81,32.09,30.13,30.13,8470900,2026-02-14T03:46:45Z
TJX,2009-06-26,6.28,6.42,6.25,6.36,21779903,31.34,32,31.16,31.74,4367100,2026-02-14T03:46:45Z
TJX,2009-06-29,6.29,6.4,6.27,6.32,19385563,31.37,31.9,31.25,31.5,3887000,2026-02-14T03:46:45Z
TJX,2009-06-30,6.31,6.37,6.25,6.26,25467331,31.46,31.77,31.18,31.21,5106500,2026-02-14T03:46:45Z
TJX,2009-07-01,6.27,6.43,6.25,6.35,23080951,31.27,32.09,31.19,31.67,4628000,2026-02-14T03:46:45Z
TJX,2009-07-02,5.98,6.27,5.97,6.21,23252199,29.8,31.27,29.8,30.99,4662300,2026-02-14T03:46:45Z
TJX,2009-07-06,6.2,6.22,5.94,5.97,29818264,30.9,31,29.63,29.79,5978900,2026-02-14T03:46:45Z
TJX,2009-07-07,6.07,6.2,6.04,6.19,26021400,30.28,30.9,30.11,30.89,5217600,2026-02-14T03:46:45Z
TJX,2009-07-08,6.24,6.26,6.04,6.04,31639122,31.1,31.21,30.13,30.13,6344000,2026-02-14T03:46:45Z
TJX,2009-07-09,6.44,6.61,6.4,6.57,40737930,32.1,32.96,31.93,32.75,8168400,2026-02-14T03:46:45Z
TJX,2009-07-10,6.39,6.46,6.33,6.38,28629309,31.88,32.21,31.56,31.84,5740500,2026-02-14T03:46:45Z
TJX,2009-07-13,6.62,6.62,6.35,6.41,31721753,33,33.03,31.65,31.98,6360500,2026-02-14T03:46:45Z
TJX,2009-07-14,6.77,6.79,6.54,6.58,33854808,33.78,33.87,32.59,32.8,6788200,2026-02-14T03:46:45Z
TJX,2009-07-15,6.89,6.9,6.75,6.84,29314305,34.34,34.43,33.67,34.12,5877800,2026-02-14T03:46:45Z
TJX,2009-07-16,7.1,7.12,6.77,6.85,43638939,35.4,35.52,33.77,34.15,8750100,2026-02-14T03:46:45Z
TJX,2009-07-17,7.06,7.07,6.94,7.01,42184142,35.2,35.28,34.63,34.94,8458400,2026-02-14T03:46:45Z
TJX,2009-07-20,7.14,7.16,6.97,7.09,32506929,35.61,35.7,34.75,35.35,6518000,2026-02-14T03:46:45Z
TJX,2009-07-21,7.09,7.24,6.92,7.16,36990351,35.37,36.09,34.52,35.73,7417000,2026-02-14T03:46:45Z
TJX,2009-07-22,7.07,7.17,7.04,7.07,21818823,35.27,35.78,35.1,35.27,4374900,2026-02-14T03:46:45Z
TJX,2009-07-23,7.19,7.29,7.02,7.09,25646596,35.88,36.35,35.02,35.38,5142400,2026-02-14T03:46:45Z
TJX,2009-07-24,7.19,7.26,7.1,7.17,19855367,35.88,36.19,35.4,35.77,3981200,2026-02-14T03:46:45Z
TJX,2009-07-27,7.2,7.22,7.08,7.2,19271383,35.9,36.01,35.33,35.91,3864100,2026-02-14T03:46:45Z
TJX,2009-07-28,7.27,7.29,7.08,7.17,23914976,36.25,36.35,35.31,35.76,4795200,2026-02-14T03:46:45Z
TJX,2009-07-29,7.29,7.33,7.21,7.24,16307798,36.37,36.55,35.97,36.11,3269900,2026-02-14T03:46:45Z
TJX,2009-07-30,7.34,7.42,7.31,7.34,24244097,36.62,37,36.47,36.63,4861200,2026-02-14T03:46:45Z
TJX,2009-07-31,7.26,7.36,7.24,7.34,13979308,36.23,36.69,36.1,36.62,2803000,2026-02-14T03:46:45Z
TJX,2009-08-03,7.33,7.35,7.21,7.32,12244169,36.54,36.65,35.95,36.52,2455100,2026-02-14T03:46:45Z
TJX,2009-08-04,7.17,7.34,7.15,7.31,23117347,35.76,36.63,35.65,36.47,4635300,2026-02-14T03:46:45Z
TJX,2009-08-05,7.28,7.29,7.06,7.19,20854841,36.29,36.33,35.19,35.88,4181600,2026-02-14T03:46:45Z
TJX,2009-08-06,6.99,7.38,6.97,7.27,47008417,34.84,36.82,34.75,36.28,9425700,2026-02-14T03:46:45Z
TJX,2009-08-07,7.11,7.13,6.98,7.06,29256373,35.48,35.55,34.79,35.2,5866200,2026-02-14T03:46:45Z
TJX,2009-08-10,7.05,7.13,6.97,7.11,17167567,35.17,35.55,34.74,35.48,3442300,2026-02-14T03:46:45Z
TJX,2009-08-11,7.06,7.12,6.96,7.08,19330812,35.09,35.41,34.61,35.17,3889300,2026-02-14T03:46:45Z
TJX,2009-08-12,7.22,7.3,7.07,7.07,19305816,35.88,36.27,35.12,35.12,3884300,2026-02-14T03:46:45Z
TJX,2009-08-13,7.11,7.21,7.05,7.18,23259378,35.36,35.81,35.02,35.71,4679700,2026-02-14T03:46:45Z
TJX,2009-08-14,7.06,7.15,6.98,7.13,21450626,35.09,35.55,34.69,35.42,4315800,2026-02-14T03:46:45Z
TJX,2009-08-17,7.12,7.14,6.86,7,34823332,35.38,35.48,34.11,34.77,7006400,2026-02-14T03:46:45Z
TJX,2009-08-18,6.91,7.03,6.8,6.95,59060464,34.33,34.94,33.8,34.55,11882800,2026-02-14T03:46:45Z
TJX,2009-08-19,7.04,7.05,6.84,6.84,27905511,35.01,35.06,34,34,5614500,2026-02-14T03:46:45Z
TJX,2009-08-20,7.17,7.18,7.03,7.05,23549389,35.63,35.7,34.94,35.05,4738100,2026-02-14T03:46:45Z
TJX,2009-08-21,7.21,7.29,7.15,7.21,18814460,35.86,36.25,35.55,35.84,3785400,2026-02-14T03:46:45Z
TJX,2009-08-24,7.12,7.25,7.1,7.21,19511087,35.38,36.03,35.31,35.84,3925600,2026-02-14T03:46:45Z
TJX,2009-08-25,7.37,7.4,7.07,7.11,34417812,36.64,36.8,35.16,35.33,6924800,2026-02-14T03:46:45Z
TJX,2009-08-26,7.36,7.4,7.27,7.3,23712611,36.6,36.78,36.15,36.29,4770900,2026-02-14T03:46:45Z
TJX,2009-08-27,7.48,7.5,7.29,7.38,29054221,37.2,37.27,36.26,36.69,5845600,2026-02-14T03:46:45Z
TJX,2009-08-28,7.35,7.52,7.32,7.5,23698251,36.53,37.39,36.39,37.3,4768000,2026-02-14T03:46:45Z
TJX,2009-08-31,7.23,7.33,7.21,7.29,18335842,35.95,36.45,35.85,36.26,3689100,2026-02-14T03:46:45Z
TJX,2009-09-01,7.11,7.3,7.08,7.26,22623105,35.34,36.3,35.2,36.09,4551700,2026-02-14T03:46:45Z
TJX,2009-09-02,7.01,7.15,7,7.12,27287154,34.83,35.53,34.79,35.37,5490100,2026-02-14T03:46:45Z
TJX,2009-09-03,7.19,7.21,7.02,7.08,29834409,35.75,35.81,34.87,35.17,6002600,2026-02-14T03:46:45Z
TJX,2009-09-04,7.28,7.32,7.19,7.21,15801967,36.19,36.4,35.74,35.86,3179300,2026-02-14T03:46:45Z
TJX,2009-09-08,7.26,7.36,7.22,7.34,22348281,36.1,36.6,35.9,36.5,4496400,2026-02-14T03:46:45Z
TJX,2009-09-09,7.33,7.34,7.24,7.24,29039770,36.44,36.49,35.96,36,5842700,2026-02-14T03:46:45Z
TJX,2009-09-10,7.3,7.34,7.24,7.33,23711594,36.26,36.5,35.96,36.42,4770700,2026-02-14T03:46:45Z
TJX,2009-09-11,7.37,7.42,7.3,7.31,24566126,36.63,36.88,36.27,36.35,4942600,2026-02-14T03:46:45Z
TJX,2009-09-14,7.44,7.44,7.29,7.34,12352989,36.97,37,36.26,36.47,2485400,2026-02-14T03:46:45Z
TJX,2009-09-15,7.5,7.5,7.34,7.37,21754834,37.27,37.29,36.5,36.65,4377000,2026-02-14T03:46:45Z
TJX,2009-09-16,7.63,7.63,7.49,7.52,17669172,37.9,37.91,37.21,37.36,3555000,2026-02-14T03:46:45Z
TJX,2009-09-17,7.59,7.66,7.54,7.58,20273098,37.74,38.07,37.46,37.68,4078900,2026-02-14T03:46:45Z
TJX,2009-09-18,7.65,7.7,7.58,7.64,22939310,38.04,38.26,37.66,37.98,4615300,2026-02-14T03:46:45Z
TJX,2009-09-21,7.66,7.76,7.52,7.58,20308902,38.08,38.59,37.37,37.69,4086100,2026-02-14T03:46:45Z
TJX,2009-09-22,7.73,7.77,7.67,7.72,20303423,38.41,38.62,38.11,38.37,4085000,2026-02-14T03:46:45Z
TJX,2009-09-23,7.57,7.79,7.57,7.76,19112690,37.62,38.7,37.6,38.56,3845400,2026-02-14T03:46:45Z
TJX,2009-09-24,7.55,7.63,7.47,7.57,17014692,37.52,37.92,37.11,37.6,3423300,2026-02-14T03:46:45Z
TJX,2009-09-25,7.41,7.56,7.36,7.53,22595294,36.85,37.56,36.59,37.44,4546100,2026-02-14T03:46:45Z
TJX,2009-09-28,7.51,7.56,7.4,7.42,13644331,37.34,37.57,36.78,36.88,2745200,2026-02-14T03:46:45Z
TJX,2009-09-29,7.44,7.58,7.41,7.53,14301882,37,37.67,36.83,37.44,2877500,2026-02-14T03:46:45Z
TJX,2009-09-30,7.47,7.52,7.33,7.47,23562875,37.15,37.37,36.42,37.15,4740800,2026-02-14T03:46:45Z
TJX,2009-10-01,7.4,7.5,7.33,7.45,25321002,36.77,37.3,36.44,37.04,5094500,2026-02-14T03:46:45Z
TJX,2009-10-02,7.3,7.38,7.27,7.35,21331908,36.28,36.69,36.13,36.53,4291900,2026-02-14T03:46:45Z
TJX,2009-10-05,7.49,7.51,7.26,7.29,16857029,37.23,37.34,36.08,36.25,3391600,2026-02-14T03:46:45Z
TJX,2009-10-06,7.74,7.76,7.66,7.66,22801604,38.45,38.59,38.08,38.08,4587600,2026-02-14T03:46:45Z
TJX,2009-10-07,7.66,7.77,7.61,7.76,15733274,38.07,38.64,37.83,38.56,3165500,2026-02-14T03:46:45Z
TJX,2009-10-08,7.56,7.81,7.54,7.72,38422017,37.59,38.84,37.49,38.38,7730400,2026-02-14T03:46:45Z
TJX,2009-10-09,7.61,7.63,7.44,7.58,29206540,37.81,37.92,36.98,37.65,5876300,2026-02-14T03:46:45Z
TJX,2009-10-12,7.62,7.66,7.59,7.65,20061978,37.86,38.09,37.75,38,4036400,2026-02-14T03:46:45Z
TJX,2009-10-13,7.58,7.67,7.58,7.61,22607701,37.68,38.11,37.65,37.81,4548600,2026-02-14T03:46:45Z
TJX,2009-10-14,7.63,7.68,7.54,7.64,40795221,37.91,38.16,37.5,37.98,8207900,2026-02-14T03:46:45Z
TJX,2009-10-15,7.67,7.68,7.58,7.61,22247863,38.1,38.18,37.66,37.84,4476200,2026-02-14T03:46:45Z
TJX,2009-10-16,7.71,7.75,7.55,7.61,19545907,38.31,38.5,37.52,37.84,3932600,2026-02-14T03:46:45Z
TJX,2009-10-19,7.86,7.89,7.69,7.73,15729269,39.06,39.21,38.22,38.43,3164700,2026-02-14T03:46:45Z
TJX,2009-10-20,7.8,7.91,7.77,7.91,20426237,38.76,39.33,38.63,39.31,4109700,2026-02-14T03:46:45Z
TJX,2009-10-21,7.92,8.03,7.75,7.75,38069111,39.34,39.89,38.52,38.53,7659400,2026-02-14T03:46:45Z
TJX,2009-10-22,8.09,8.11,7.85,7.88,35887409,40.22,40.32,39.01,39.16,7220400,2026-02-14T03:46:45Z
TJX,2009-10-23,8,8.12,7.98,8.08,24132118,39.78,40.37,39.64,40.15,4855300,2026-02-14T03:46:45Z
TJX,2009-10-26,8.08,8.18,8,8.04,28724978,40.16,40.64,39.78,39.98,5779400,2026-02-14T03:46:45Z
TJX,2009-10-27,7.85,8.07,7.84,8.07,29291624,39,40.1,38.96,40.1,5893400,2026-02-14T03:46:45Z
TJX,2009-10-28,7.61,7.91,7.6,7.86,26472047,37.84,39.29,37.76,39.08,5326100,2026-02-14T03:46:45Z
TJX,2009-10-29,7.74,7.77,7.56,7.69,22176378,38.46,38.6,37.56,38.21,4461800,2026-02-14T03:46:45Z
TJX,2009-10-30,7.51,7.78,7.5,7.72,27541193,37.35,38.69,37.28,38.35,5541200,2026-02-14T03:46:45Z
TJX,2009-11-02,7.71,7.76,7.5,7.55,24544541,38.33,38.57,37.3,37.54,4938300,2026-02-14T03:46:45Z
TJX,2009-11-03,7.74,7.77,7.62,7.69,23516863,38.46,38.62,37.86,38.24,4731500,2026-02-14T03:46:45Z
TJX,2009-11-04,7.71,7.8,7.66,7.76,23748006,38.3,38.76,38.05,38.55,4778000,2026-02-14T03:46:45Z
TJX,2009-11-05,7.7,7.81,7.61,7.75,26117177,38.26,38.83,37.84,38.54,5254700,2026-02-14T03:46:45Z
TJX,2009-11-06,7.71,7.74,7.58,7.69,25117113,38.33,38.45,37.67,38.21,5053500,2026-02-14T03:46:45Z
TJX,2009-11-09,7.91,7.91,7.74,7.77,18072325,39.17,39.19,38.34,38.51,3647500,2026-02-14T03:46:45Z
TJX,2009-11-10,7.91,7.96,7.82,7.91,13660504,39.18,39.42,38.76,39.2,2757100,2026-02-14T03:46:45Z
TJX,2009-11-11,7.9,8.02,7.86,7.93,17344851,39.14,39.72,38.96,39.3,3500700,2026-02-14T03:46:45Z
TJX,2009-11-12,7.82,7.94,7.78,7.91,18595038,38.73,39.33,38.56,39.17,3753000,2026-02-14T03:46:45Z
TJX,2009-11-13,7.87,7.94,7.81,7.86,17102585,38.98,39.35,38.69,38.92,3451800,2026-02-14T03:46:45Z
TJX,2009-11-16,7.98,8.02,7.93,7.97,26240472,39.52,39.75,39.29,39.48,5296100,2026-02-14T03:46:45Z
TJX,2009-11-17,7.85,7.92,7.61,7.8,45834645,38.91,39.25,37.69,38.67,9250800,2026-02-14T03:46:45Z
TJX,2009-11-18,7.9,7.96,7.84,7.87,29265319,39.14,39.46,38.87,38.99,5906600,2026-02-14T03:46:45Z
TJX,2009-11-19,7.89,7.91,7.82,7.86,20118549,39.1,39.17,38.72,38.93,4060500,2026-02-14T03:46:45Z
TJX,2009-11-20,7.83,7.94,7.78,7.87,20847753,38.8,39.34,38.53,39,4207700,2026-02-14T03:46:45Z
TJX,2009-11-23,7.81,7.9,7.76,7.87,18772240,38.69,39.12,38.47,38.99,3788800,2026-02-14T03:46:45Z
TJX,2009-11-24,7.82,7.88,7.72,7.8,23199868,38.77,39.03,38.25,38.65,4682400,2026-02-14T03:46:45Z
TJX,2009-11-25,7.89,7.89,7.83,7.83,16350390,39.07,39.09,38.82,38.82,3300000,2026-02-14T03:46:45Z
TJX,2009-11-27,7.79,7.88,7.69,7.74,10005545,38.62,39.05,38.11,38.37,2019400,2026-02-14T03:46:45Z
TJX,2009-11-30,7.75,7.82,7.63,7.82,26617076,38.38,38.74,37.83,38.74,5372100,2026-02-14T03:46:45Z
TJX,2009-12-01,7.77,7.84,7.75,7.81,23267577,38.52,38.85,38.38,38.7,4696100,2026-02-14T03:46:45Z
TJX,2009-12-02,7.75,7.82,7.69,7.81,25233292,38.39,38.76,38.1,38.68,5092800,2026-02-14T03:46:45Z
TJX,2009-12-03,7.53,7.58,7.28,7.55,77216770,37.31,37.57,36.08,37.42,15584500,2026-02-14T03:46:45Z
TJX,2009-12-04,7.35,7.61,7.31,7.55,58403642,36.43,37.72,36.22,37.41,11787500,2026-02-14T03:46:45Z
TJX,2009-12-07,7.46,7.49,7.34,7.37,40410445,36.96,37.09,36.39,36.53,8156000,2026-02-14T03:46:45Z
TJX,2009-12-08,7.43,7.48,7.26,7.45,29020211,36.81,37.05,35.95,36.89,5857100,2026-02-14T03:46:45Z
TJX,2009-12-09,7.49,7.5,7.37,7.45,28826353,37.12,37.14,36.53,36.93,5818000,2026-02-14T03:46:45Z
TJX,2009-12-10,7.64,7.65,7.45,7.48,31629596,37.87,37.91,36.93,37.08,6383800,2026-02-14T03:46:45Z
TJX,2009-12-11,7.55,7.69,7.54,7.66,24740205,37.39,38.11,37.35,37.94,4993300,2026-02-14T03:46:45Z
TJX,2009-12-14,7.7,7.71,7.55,7.6,23092689,38.14,38.19,37.42,37.66,4660800,2026-02-14T03:46:45Z
TJX,2009-12-15,7.65,7.74,7.63,7.68,25427316,37.92,38.35,37.79,38.05,5132000,2026-02-14T03:46:45Z
TJX,2009-12-16,7.51,7.71,7.5,7.65,27622731,37.21,38.21,37.15,37.89,5575100,2026-02-14T03:46:45Z
TJX,2009-12-17,7.41,7.5,7.38,7.5,37010435,36.73,37.17,36.58,37.17,7469800,2026-02-14T03:46:45Z
TJX,2009-12-18,7.42,7.45,7.32,7.44,27879431,36.78,36.93,36.28,36.88,5626900,2026-02-14T03:46:45Z
TJX,2009-12-21,7.5,7.54,7.42,7.45,18008275,37.17,37.35,36.74,36.93,3634600,2026-02-14T03:46:45Z
TJX,2009-12-22,7.46,7.56,7.44,7.56,14362618,36.95,37.44,36.87,37.44,2898800,2026-02-14T03:46:45Z
TJX,2009-12-23,7.49,7.5,7.42,7.44,14429614,37.09,37.15,36.74,36.87,2912300,2026-02-14T03:46:45Z
TJX,2009-12-24,7.43,7.5,7.42,7.45,5010682,36.8,37.17,36.76,36.91,1011300,2026-02-14T03:46:45Z
TJX,2009-12-28,7.45,7.48,7.42,7.45,11172396,36.93,37.08,36.79,36.9,2254900,2026-02-14T03:46:45Z
TJX,2009-12-29,7.43,7.49,7.43,7.47,11941803,36.8,37.12,36.8,37.02,2410200,2026-02-14T03:46:45Z
TJX,2009-12-30,7.44,7.49,7.39,7.39,11375496,36.86,37.1,36.64,36.64,2295900,2026-02-14T03:46:45Z
TJX,2009-12-31,7.38,7.46,7.38,7.43,7497981,36.55,36.98,36.54,36.81,1513300,2026-02-14T03:46:45Z
TJX,2010-01-04,7.27,7.4,7.21,7.27,31157141,36.04,36.65,35.75,36,6288400,2026-02-14T03:46:45Z
TJX,2010-01-05,7.47,7.48,7.25,7.25,26282118,37.01,37.04,35.92,35.92,5304500,2026-02-14T03:46:45Z
TJX,2010-01-06,7.5,7.53,7.42,7.48,18564145,37.16,37.3,36.77,37.05,3746800,2026-02-14T03:46:45Z
TJX,2010-01-07,7.88,8.02,7.72,7.82,67617988,39.06,39.74,38.25,38.75,13647200,2026-02-14T03:46:45Z
TJX,2010-01-08,7.78,7.79,7.68,7.73,28969106,38.55,38.62,38.03,38.32,5846800,2026-02-14T03:46:45Z
TJX,2010-01-11,7.77,7.84,7.72,7.83,18086098,38.49,38.85,38.26,38.81,3650300,2026-02-14T03:46:45Z
TJX,2010-01-12,7.7,7.74,7.64,7.73,14347710,38.14,38.35,37.86,38.3,2895800,2026-02-14T03:46:45Z
TJX,2010-01-13,7.72,7.74,7.65,7.71,13610524,38.27,38.37,37.91,38.18,2747000,2026-02-14T03:46:45Z
TJX,2010-01-14,7.63,7.73,7.59,7.73,13525870,37.8,38.3,37.61,38.3,2729900,2026-02-14T03:46:45Z
TJX,2010-01-15,7.53,7.69,7.49,7.61,19552699,37.29,38.12,37.11,37.7,3946300,2026-02-14T03:46:45Z
TJX,2010-01-19,7.65,7.65,7.51,7.51,12780096,37.88,37.89,37.2,37.2,2579400,2026-02-14T03:46:45Z
TJX,2010-01-20,7.55,7.6,7.5,7.6,10477713,37.41,37.67,37.15,37.67,2114700,2026-02-14T03:46:45Z
TJX,2010-01-21,7.44,7.59,7.43,7.57,20260710,36.85,37.61,36.8,37.52,4089200,2026-02-14T03:46:45Z
TJX,2010-01-22,7.42,7.53,7.4,7.43,22957545,36.74,37.32,36.66,36.82,4633500,2026-02-14T03:46:45Z
TJX,2010-01-25,7.47,7.52,7.42,7.48,14914588,37.01,37.28,36.77,37.06,3010200,2026-02-14T03:46:45Z
TJX,2010-01-26,7.69,7.76,7.46,7.46,30432391,38.08,38.45,36.96,36.96,6142100,2026-02-14T03:46:45Z
TJX,2010-01-27,7.75,7.79,7.63,7.69,20143825,38.39,38.59,37.83,38.11,4065600,2026-02-14T03:46:45Z
TJX,2010-01-28,7.72,7.8,7.69,7.76,26962012,38.23,38.63,38.1,38.44,5441700,2026-02-14T03:46:45Z
TJX,2010-01-29,7.67,7.84,7.67,7.75,21334451,38.01,38.85,38,38.42,4305900,2026-02-14T03:46:45Z
TJX,2010-02-01,7.77,7.83,7.69,7.69,24919167,38.5,38.78,38.11,38.11,5029400,2026-02-14T03:46:45Z
TJX,2010-02-02,7.92,7.92,7.82,7.83,28797834,39.23,39.24,38.75,38.77,5812200,2026-02-14T03:46:45Z
TJX,2010-02-03,7.82,7.92,7.78,7.9,23195353,38.76,39.24,38.53,39.15,4681500,2026-02-14T03:46:45Z
TJX,2010-02-04,7.7,7.85,7.7,7.82,25234652,38.15,38.89,38.14,38.75,5093100,2026-02-14T03:46:45Z
TJX,2010-02-05,7.73,7.77,7.61,7.71,24569712,38.31,38.49,37.7,38.22,4958900,2026-02-14T03:46:45Z
TJX,2010-02-08,7.63,7.74,7.63,7.74,13311795,37.79,38.36,37.79,38.35,2686700,2026-02-14T03:46:45Z
