ticker,tradeDate,clsPx,hiPx,loPx,open,stockVolume,unadjClsPx,unadjHiPx,unadjLoPx,unadjOpen,unadjStockVolume,updatedAt
TSM,2006-01-03,5.56,5.67,5.54,5.67,14230564,10.1,10.3,10.07,10.3,7834700,2025-12-13T03:46:26Z
TSM,2006-01-04,5.6,5.63,5.57,5.59,7299426,10.18,10.22,10.12,10.15,4018700,2025-12-13T03:46:26Z
TSM,2006-01-05,5.7,5.75,5.67,5.71,9881378,10.35,10.44,10.29,10.37,5440200,2025-12-13T03:46:26Z
TSM,2006-01-06,5.95,5.98,5.83,5.95,23719349,10.8,10.86,10.59,10.8,13058600,2025-12-13T03:46:26Z
TSM,2006-01-09,6.02,6.08,5.99,6.04,20486825,10.93,11.04,10.88,10.98,11279000,2025-12-13T03:46:26Z
TSM,2006-01-10,5.84,5.93,5.81,5.91,19764537,10.61,10.77,10.55,10.73,10881300,2025-12-13T03:46:26Z
TSM,2006-01-11,5.93,5.97,5.79,5.82,21223062,10.78,10.84,10.52,10.57,11684300,2025-12-13T03:46:26Z
TSM,2006-01-12,5.75,5.86,5.7,5.84,16448398,10.44,10.64,10.36,10.6,9055600,2025-12-13T03:46:26Z
TSM,2006-01-13,5.72,5.74,5.63,5.73,13801324,10.39,10.42,10.22,10.4,7598300,2025-12-13T03:46:26Z
TSM,2006-01-17,5.57,5.68,5.55,5.65,18273232,10.11,10.31,10.09,10.27,10060400,2025-12-13T03:46:26Z
TSM,2006-01-18,5.48,5.51,5.39,5.41,21498210,9.95,10.01,9.8,9.83,11835900,2025-12-13T03:46:26Z
TSM,2006-01-19,5.62,5.66,5.56,5.56,19464588,10.21,10.28,10.1,10.1,10716200,2025-12-13T03:46:26Z
TSM,2006-01-20,5.43,5.63,5.43,5.62,17083369,9.87,10.23,9.86,10.2,9405200,2025-12-13T03:46:26Z
TSM,2006-01-23,5.41,5.49,5.38,5.46,16720190,9.82,9.97,9.78,9.92,9205300,2025-12-13T03:46:26Z
TSM,2006-01-24,5.53,5.53,5.47,5.47,19440090,10.04,10.05,9.93,9.94,10702700,2025-12-13T03:46:26Z
TSM,2006-01-25,5.41,5.6,5.41,5.58,23614569,9.82,10.17,9.82,10.14,13001000,2025-12-13T03:46:26Z
TSM,2006-01-26,5.77,5.78,5.48,5.56,41282638,10.48,10.5,9.95,10.1,22728300,2025-12-13T03:46:26Z
TSM,2006-01-27,5.96,6.04,5.86,5.89,25555143,10.82,10.98,10.64,10.7,14069500,2025-12-13T03:46:26Z
TSM,2006-01-30,5.97,5.98,5.87,5.96,13617750,10.84,10.87,10.66,10.82,7497300,2025-12-13T03:46:26Z
TSM,2006-01-31,5.95,6.02,5.8,6.02,19483375,10.8,10.94,10.54,10.94,10726500,2025-12-13T03:46:26Z
TSM,2006-02-01,5.89,5.95,5.82,5.92,15240160,10.69,10.8,10.57,10.75,8390500,2025-12-13T03:46:26Z
TSM,2006-02-02,5.73,5.88,5.67,5.86,23593580,10.4,10.69,10.3,10.64,12989400,2025-12-13T03:46:26Z
TSM,2006-02-03,5.66,5.71,5.55,5.55,14873550,10.28,10.37,10.08,10.08,8188700,2025-12-13T03:46:26Z
TSM,2006-02-06,5.8,5.8,5.69,5.73,13758766,10.53,10.54,10.33,10.4,7574900,2025-12-13T03:46:26Z
TSM,2006-02-07,5.73,5.8,5.71,5.8,16580582,10.41,10.53,10.37,10.53,9128400,2025-12-13T03:46:26Z
TSM,2006-02-08,5.75,5.78,5.65,5.7,12524633,10.45,10.49,10.26,10.35,6895500,2025-12-13T03:46:26Z
TSM,2006-02-09,5.71,5.81,5.69,5.75,19608040,10.37,10.55,10.33,10.45,10795200,2025-12-13T03:46:26Z
TSM,2006-02-10,5.64,5.71,5.54,5.71,25775668,10.25,10.37,10.06,10.37,14190700,2025-12-13T03:46:26Z
TSM,2006-02-13,5.47,5.62,5.46,5.62,15219219,9.93,10.2,9.92,10.2,8379000,2025-12-13T03:46:26Z
TSM,2006-02-14,5.54,5.57,5.46,5.52,27539535,10.06,10.12,9.91,10.03,15161800,2025-12-13T03:46:26Z
TSM,2006-02-15,5.51,5.84,5.47,5.84,15184466,10.01,10.6,9.93,10.6,8359800,2025-12-13T03:46:26Z
TSM,2006-02-16,5.59,5.62,5.53,5.56,12160904,10.16,10.2,10.05,10.1,6695200,2025-12-13T03:46:26Z
TSM,2006-02-17,5.49,5.77,5.47,5.66,8815892,9.98,10.48,9.93,10.28,4853600,2025-12-13T03:46:26Z
TSM,2006-02-21,5.56,5.59,5.49,5.58,20949405,10.09,10.16,9.97,10.13,11533800,2025-12-13T03:46:26Z
TSM,2006-02-22,5.45,5.53,5.37,5.53,26118280,9.9,10.05,9.76,10.05,14379300,2025-12-13T03:46:26Z
TSM,2006-02-23,5.44,5.48,5.38,5.39,19855017,9.89,9.95,9.77,9.8,10931100,2025-12-13T03:46:26Z
TSM,2006-02-24,5.44,5.47,5.41,5.45,12332121,9.89,9.93,9.82,9.89,6789400,2025-12-13T03:46:26Z
TSM,2006-02-27,5.52,5.54,5.45,5.48,10877145,10.02,10.07,9.9,9.96,5988400,2025-12-13T03:46:26Z
TSM,2006-02-28,5.36,5.53,5.34,5.52,17954971,9.73,10.04,9.7,10.03,9885200,2025-12-13T03:46:26Z
TSM,2006-03-01,5.53,5.54,5.39,5.39,16493225,10.05,10.07,9.79,9.79,9080300,2025-12-13T03:46:26Z
TSM,2006-03-02,5.48,5.55,5.46,5.53,21045211,9.95,10.09,9.92,10.05,11586500,2025-12-13T03:46:26Z
TSM,2006-03-03,5.4,5.5,5.39,5.47,16457693,9.8,9.99,9.8,9.94,9060800,2025-12-13T03:46:26Z
TSM,2006-03-06,5.33,5.45,5.29,5.38,13811901,9.69,9.9,9.61,9.78,7604100,2025-12-13T03:46:26Z
TSM,2006-03-07,5.2,5.33,5.12,5.3,22497671,9.45,9.69,9.3,9.63,12386100,2025-12-13T03:46:26Z
TSM,2006-03-08,5.17,5.22,5.13,5.17,19233725,9.39,9.48,9.31,9.4,10589200,2025-12-13T03:46:26Z
TSM,2006-03-09,5.18,5.35,5.16,5.22,19685835,9.4,9.71,9.37,9.49,10838100,2025-12-13T03:46:26Z
TSM,2006-03-10,5.31,5.33,5.25,5.29,17351018,9.64,9.68,9.54,9.6,9552600,2025-12-13T03:46:26Z
TSM,2006-03-13,5.29,5.43,5.27,5.34,14925033,9.61,9.86,9.58,9.7,8217000,2025-12-13T03:46:26Z
TSM,2006-03-14,5.38,5.39,5.24,5.25,11393289,9.78,9.79,9.51,9.54,6272600,2025-12-13T03:46:26Z
TSM,2006-03-15,5.48,5.48,5.38,5.43,14903929,9.95,9.96,9.77,9.87,8205400,2025-12-13T03:46:26Z
TSM,2006-03-16,5.29,5.43,5.28,5.43,17607054,9.6,9.87,9.59,9.87,9693600,2025-12-13T03:46:26Z
TSM,2006-03-17,5.27,5.41,5.24,5.27,15905455,9.58,9.83,9.52,9.58,8756800,2025-12-13T03:46:26Z
TSM,2006-03-20,5.22,5.33,5.2,5.33,16251245,9.48,9.68,9.45,9.68,8947100,2025-12-13T03:46:26Z
TSM,2006-03-21,5.22,5.31,5.22,5.24,10741843,9.49,9.65,9.48,9.51,5913900,2025-12-13T03:46:26Z
TSM,2006-03-22,5.23,5.27,5.17,5.17,12968185,9.5,9.57,9.39,9.39,7139600,2025-12-13T03:46:26Z
TSM,2006-03-23,5.23,5.26,5.2,5.23,9091860,9.5,9.56,9.45,9.5,5005500,2025-12-13T03:46:26Z
TSM,2006-03-24,5.3,5.32,5.24,5.24,7624552,9.63,9.67,9.51,9.52,4197700,2025-12-13T03:46:26Z
TSM,2006-03-27,5.3,5.37,5.29,5.34,9914443,9.63,9.75,9.6,9.7,5458400,2025-12-13T03:46:26Z
TSM,2006-03-28,5.26,5.36,5.22,5.31,14344269,9.56,9.73,9.49,9.65,7897300,2025-12-13T03:46:26Z
TSM,2006-03-29,5.43,5.47,5.31,5.31,15125499,9.87,9.93,9.65,9.65,8327300,2025-12-13T03:46:26Z
TSM,2006-03-30,5.53,5.56,5.46,5.48,15025231,10.05,10.1,9.91,9.95,8272100,2025-12-13T03:46:26Z
TSM,2006-03-31,5.54,5.65,5.53,5.57,11692196,10.06,10.27,10.04,10.12,6437100,2025-12-13T03:46:26Z
TSM,2006-04-03,5.68,5.72,5.6,5.61,14907392,10.32,10.39,10.17,10.18,8207300,2025-12-13T03:46:26Z
TSM,2006-04-04,5.7,5.7,5.63,5.65,12140582,10.36,10.36,10.22,10.26,6684000,2025-12-13T03:46:26Z
TSM,2006-04-05,5.77,5.78,5.68,5.7,10339231,10.48,10.5,10.32,10.36,5692300,2025-12-13T03:46:26Z
TSM,2006-04-06,5.81,5.83,5.75,5.8,13445832,10.55,10.58,10.44,10.54,7402600,2025-12-13T03:46:26Z
TSM,2006-04-07,5.74,5.89,5.71,5.84,14278359,10.43,10.7,10.38,10.6,7860900,2025-12-13T03:46:26Z
TSM,2006-04-10,5.76,5.81,5.72,5.78,14246015,10.47,10.55,10.39,10.5,7843200,2025-12-13T03:46:26Z
TSM,2006-04-11,5.62,5.78,5.61,5.74,15425526,10.21,10.5,10.18,10.43,8492500,2025-12-13T03:46:26Z
TSM,2006-04-12,5.72,5.78,5.68,5.7,10657188,10.39,10.5,10.32,10.35,5867300,2025-12-13T03:46:26Z
TSM,2006-04-13,5.81,5.88,5.75,5.75,9735360,10.55,10.69,10.44,10.45,5359800,2025-12-13T03:46:26Z
TSM,2006-04-17,5.89,5.97,5.83,5.87,15163888,10.7,10.84,10.59,10.67,8348500,2025-12-13T03:46:26Z
TSM,2006-04-18,6.01,6.01,5.88,5.92,11536827,10.91,10.92,10.69,10.75,6351600,2025-12-13T03:46:26Z
TSM,2006-04-19,5.97,6.06,5.96,6.01,12698324,10.85,11,10.83,10.91,6991100,2025-12-13T03:46:26Z
TSM,2006-04-20,5.99,6.06,5.99,6.02,14610805,10.88,11,10.88,10.94,8044000,2025-12-13T03:46:26Z
TSM,2006-04-21,5.95,6.06,5.91,6.04,16841817,10.8,11,10.74,10.97,9272200,2025-12-13T03:46:26Z
TSM,2006-04-24,5.88,5.92,5.8,5.92,19795572,10.68,10.76,10.53,10.75,10898500,2025-12-13T03:46:26Z
TSM,2006-04-25,5.76,5.9,5.74,5.87,22346562,10.46,10.71,10.43,10.66,12303000,2025-12-13T03:46:26Z
TSM,2006-04-26,5.84,5.99,5.82,5.96,28946865,10.61,10.88,10.57,10.83,15936600,2025-12-13T03:46:26Z
TSM,2006-04-27,5.88,5.92,5.73,5.78,31302015,10.68,10.76,10.41,10.5,17233400,2025-12-13T03:46:26Z
TSM,2006-04-28,5.77,5.91,5.75,5.86,18124305,10.48,10.73,10.44,10.65,9978400,2025-12-13T03:46:26Z
TSM,2006-05-01,5.77,5.83,5.76,5.81,12991290,10.48,10.59,10.46,10.55,7152400,2025-12-13T03:46:26Z
TSM,2006-05-02,5.79,5.83,5.76,5.76,9481223,10.52,10.59,10.46,10.46,5219900,2025-12-13T03:46:26Z
TSM,2006-05-03,5.91,5.92,5.79,5.81,13820000,10.73,10.75,10.52,10.56,7608600,2025-12-13T03:46:26Z
TSM,2006-05-04,6.03,6.07,5.92,5.93,18297225,10.95,11.03,10.76,10.78,10073500,2025-12-13T03:46:26Z
TSM,2006-05-05,6.2,6.22,6.03,6.06,24118035,11.26,11.29,10.96,11.01,13278200,2025-12-13T03:46:26Z
TSM,2006-05-08,6.14,6.26,6.14,6.22,16700311,11.16,11.37,11.15,11.29,9194300,2025-12-13T03:46:26Z
TSM,2006-05-09,5.9,6.06,5.88,6.02,24568688,10.72,11,10.69,10.93,13526300,2025-12-13T03:46:26Z
TSM,2006-05-10,5.76,5.88,5.76,5.88,16514821,10.47,10.69,10.46,10.69,9092300,2025-12-13T03:46:26Z
TSM,2006-05-11,5.71,5.87,5.67,5.82,22317514,10.37,10.66,10.29,10.57,12286900,2025-12-13T03:46:26Z
TSM,2006-05-12,5.59,5.71,5.53,5.65,25465933,10.16,10.38,10.05,10.26,14020300,2025-12-13T03:46:26Z
TSM,2006-05-15,5.53,5.57,5.47,5.53,25054861,10.04,10.12,9.93,10.05,13793900,2025-12-13T03:46:26Z
TSM,2006-05-16,5.49,5.58,5.48,5.53,19067437,9.98,10.14,9.95,10.04,10497600,2025-12-13T03:46:26Z
TSM,2006-05-17,5.44,5.59,5.39,5.55,18237512,9.88,10.15,9.8,10.09,10040600,2025-12-13T03:46:26Z
TSM,2006-05-18,5.39,5.57,5.39,5.48,15013125,9.79,10.12,9.79,9.95,8265500,2025-12-13T03:46:26Z
TSM,2006-05-19,5.42,5.5,5.36,5.41,16279591,9.85,9.98,9.74,9.82,8962700,2025-12-13T03:46:26Z
TSM,2006-05-22,5.21,5.43,5.09,5.43,22819556,9.46,9.86,9.25,9.86,12563300,2025-12-13T03:46:26Z
TSM,2006-05-23,5.24,5.39,5.24,5.29,15677521,9.52,9.8,9.52,9.6,8631200,2025-12-13T03:46:26Z
TSM,2006-05-24,5.21,5.29,5.12,5.26,20407422,9.46,9.6,9.3,9.55,11235300,2025-12-13T03:46:26Z
TSM,2006-05-25,5.22,5.28,5.15,5.2,14673909,9.48,9.59,9.36,9.45,8078700,2025-12-13T03:46:26Z
TSM,2006-05-26,5.15,5.22,5.12,5.2,13681089,9.36,9.48,9.3,9.45,7532200,2025-12-13T03:46:26Z
TSM,2006-05-30,5.11,5.2,5.11,5.15,15856354,9.29,9.44,9.28,9.36,8729700,2025-12-13T03:46:26Z
TSM,2006-05-31,5.21,5.22,5.12,5.17,15128714,9.47,9.48,9.3,9.39,8329100,2025-12-13T03:46:26Z
TSM,2006-06-01,5.33,5.35,5.22,5.23,11863462,9.68,9.72,9.49,9.5,6531400,2025-12-13T03:46:26Z
TSM,2006-06-02,5.39,5.43,5.35,5.39,13417088,9.79,9.86,9.71,9.8,7386800,2025-12-13T03:46:26Z
TSM,2006-06-05,5.11,5.29,5.09,5.29,14422498,9.28,9.6,9.25,9.6,7940300,2025-12-13T03:46:26Z
TSM,2006-06-06,5.13,5.17,5.04,5.16,16977637,9.31,9.4,9.16,9.38,9347000,2025-12-13T03:46:26Z
TSM,2006-06-07,5.03,5.16,5.03,5.12,13081171,9.14,9.38,9.13,9.29,7201800,2025-12-13T03:46:26Z
TSM,2006-06-08,4.96,4.98,4.76,4.91,30713556,9.01,9.04,8.65,8.91,16909500,2025-12-13T03:46:26Z
TSM,2006-06-09,4.83,5.09,4.83,5.06,23689361,8.78,9.25,8.78,9.19,13042100,2025-12-13T03:46:26Z
TSM,2006-06-12,4.75,4.89,4.74,4.84,18742692,8.62,8.89,8.61,8.8,10318700,2025-12-13T03:46:26Z
TSM,2006-06-13,4.66,4.76,4.65,4.74,14129381,8.47,8.65,8.45,8.6,7779000,2025-12-13T03:46:26Z
TSM,2006-06-14,4.9,4.93,4.82,4.92,16681664,8.9,8.96,8.76,8.93,9184100,2025-12-13T03:46:26Z
TSM,2006-06-15,5.02,5.05,4.86,4.9,28693035,9.12,9.17,8.83,8.9,15796900,2025-12-13T03:46:26Z
TSM,2006-06-16,5,5.07,4.92,5.06,11722821,9.09,9.2,8.93,9.19,6454000,2025-12-13T03:46:26Z
TSM,2006-06-19,4.97,5.06,4.96,5.02,11804284,9.02,9.19,9.01,9.11,6498900,2025-12-13T03:46:26Z
TSM,2006-06-20,4.87,4.89,4.78,4.87,11978008,8.47,8.51,8.31,8.47,6882900,2025-12-13T03:46:26Z
TSM,2006-06-21,4.98,5.06,4.82,4.87,14130124,8.66,8.8,8.39,8.47,8119600,2025-12-13T03:46:26Z
TSM,2006-06-22,4.98,5.05,4.93,5.03,10321826,8.67,8.79,8.58,8.76,5931300,2025-12-13T03:46:26Z
TSM,2006-06-23,5,5.03,4.83,4.96,11492327,8.71,8.75,8.41,8.64,6603800,2025-12-13T03:46:26Z
TSM,2006-06-26,5.01,5.04,4.95,4.99,8538319,8.72,8.78,8.62,8.68,4906400,2025-12-13T03:46:26Z
TSM,2006-06-27,4.94,5.03,4.92,5.01,11138582,8.59,8.75,8.57,8.72,6400600,2025-12-13T03:46:26Z
TSM,2006-06-28,4.91,5,4.84,5,10793698,8.55,8.7,8.42,8.7,6202400,2025-12-13T03:46:26Z
TSM,2006-06-29,5.2,5.24,4.98,4.98,24318612,9.05,9.11,8.66,8.67,13974200,2025-12-13T03:46:26Z
TSM,2006-06-30,5.28,5.33,5.15,5.23,17502055,9.18,9.27,8.96,9.1,10057200,2025-12-13T03:46:26Z
TSM,2006-07-03,5.32,5.34,5.28,5.3,5231514,9.26,9.3,9.18,9.22,3006200,2025-12-13T03:46:26Z
TSM,2006-07-05,5.15,5.24,5.15,5.22,14937393,8.96,9.11,8.96,9.08,8583500,2025-12-13T03:46:26Z
TSM,2006-07-06,5.16,5.24,5.15,5.15,15100780,8.98,9.12,8.96,8.96,8677400,2025-12-13T03:46:26Z
TSM,2006-07-07,5.03,5.17,5.03,5.12,14225211,8.76,9,8.75,8.91,8174300,2025-12-13T03:46:26Z
TSM,2006-07-10,5.1,5.18,5.08,5.14,11537543,8.88,9.01,8.85,8.95,6629800,2025-12-13T03:46:26Z
TSM,2006-07-11,5.15,5.15,5.03,5.1,9787312,8.96,8.96,8.75,8.87,5624100,2025-12-13T03:46:26Z
TSM,2006-07-12,5.1,5.15,5.07,5.15,13569515,8.87,8.96,8.82,8.96,7797500,2025-12-13T03:46:26Z
TSM,2006-07-13,4.92,5.05,4.88,5.02,13531779,8.57,8.79,8.5,8.74,7775800,2025-12-13T03:46:26Z
TSM,2006-07-14,4.88,4.91,4.81,4.88,14160983,8.5,8.54,8.37,8.5,8137400,2025-12-13T03:46:26Z
TSM,2006-07-17,4.74,4.81,4.68,4.77,13045999,8.24,8.37,8.15,8.3,7496700,2025-12-13T03:46:26Z
TSM,2006-07-18,4.78,4.79,4.66,4.74,14216690,8.32,8.34,8.11,8.25,8169300,2025-12-13T03:46:26Z
TSM,2006-07-19,4.92,4.95,4.74,4.77,22636381,8.57,8.61,8.24,8.3,13007600,2025-12-13T03:46:26Z
TSM,2006-07-20,4.86,4.99,4.84,4.97,16841515,8.46,8.68,8.43,8.65,9677700,2025-12-13T03:46:26Z
TSM,2006-07-21,4.6,4.75,4.58,4.74,35780994,8,8.26,7.97,8.25,20561100,2025-12-13T03:46:26Z
TSM,2006-07-24,4.83,4.84,4.63,4.63,20937784,8.4,8.42,8.05,8.06,12031500,2025-12-13T03:46:26Z
TSM,2006-07-25,4.83,4.86,4.74,4.83,10465498,8.4,8.45,8.24,8.4,6013800,2025-12-13T03:46:26Z
TSM,2006-07-26,4.86,4.88,4.75,4.83,12480613,8.45,8.49,8.26,8.4,7171700,2025-12-13T03:46:26Z
TSM,2006-07-27,4.81,5.04,4.81,4.97,20122490,8.37,8.77,8.37,8.65,11563100,2025-12-13T03:46:26Z
TSM,2006-07-28,4.99,5,4.8,4.81,23143012,8.68,8.71,8.35,8.37,13298700,2025-12-13T03:46:26Z
TSM,2006-07-31,4.98,5.02,4.9,4.99,12557325,8.67,8.73,8.52,8.68,7215900,2025-12-13T03:46:26Z
TSM,2006-08-01,4.95,5,4.93,4.97,17345470,8.61,8.7,8.58,8.65,9967300,2025-12-13T03:46:26Z
TSM,2006-08-02,4.96,5.02,4.96,4.99,11023449,8.64,8.73,8.63,8.68,6334400,2025-12-13T03:46:26Z
TSM,2006-08-03,4.97,5.02,4.94,4.96,12128549,8.65,8.74,8.6,8.64,6969500,2025-12-13T03:46:26Z
TSM,2006-08-04,4.91,5.02,4.9,5,9573613,8.55,8.74,8.52,8.7,5501300,2025-12-13T03:46:26Z
TSM,2006-08-07,4.84,4.92,4.84,4.92,11884305,8.42,8.57,8.42,8.57,6829100,2025-12-13T03:46:26Z
TSM,2006-08-08,4.89,4.94,4.84,4.92,19159639,8.51,8.59,8.43,8.57,11009700,2025-12-13T03:46:26Z
TSM,2006-08-09,4.86,4.99,4.86,4.95,18605453,8.45,8.69,8.45,8.62,10691200,2025-12-13T03:46:26Z
TSM,2006-08-10,5.06,5.1,4.95,4.96,28317561,8.8,8.88,8.61,8.63,16272300,2025-12-13T03:46:26Z
TSM,2006-08-11,4.97,5.12,4.96,5.11,12706655,8.65,8.91,8.64,8.9,7301700,2025-12-13T03:46:26Z
TSM,2006-08-14,5.1,5.16,5.06,5.07,18078823,8.87,8.98,8.81,8.83,10388700,2025-12-13T03:46:26Z
TSM,2006-08-15,5.32,5.33,5.1,5.14,21553414,9.26,9.28,8.88,8.95,12385300,2025-12-13T03:46:26Z
TSM,2006-08-16,5.44,5.45,5.32,5.32,31111537,9.47,9.49,9.25,9.26,17877800,2025-12-13T03:46:26Z
TSM,2006-08-17,5.51,5.57,5.44,5.44,23103221,9.59,9.69,9.46,9.47,13275800,2025-12-13T03:46:26Z
TSM,2006-08-18,5.45,5.49,5.38,5.49,12570853,9.48,9.55,9.37,9.55,7223600,2025-12-13T03:46:26Z
TSM,2006-08-21,5.33,5.45,5.32,5.45,12643360,9.28,9.49,9.25,9.48,7265300,2025-12-13T03:46:26Z
TSM,2006-08-22,5.38,5.4,5.32,5.36,10386038,9.36,9.4,9.25,9.32,5968200,2025-12-13T03:46:26Z
TSM,2006-08-23,5.22,5.37,5.21,5.37,12239845,9.09,9.35,9.06,9.35,7033400,2025-12-13T03:46:26Z
TSM,2006-08-24,5.18,5.23,5.16,5.23,11974525,9.01,9.1,8.98,9.1,6880900,2025-12-13T03:46:26Z
TSM,2006-08-25,5.14,5.22,5.13,5.19,7772642,8.94,9.08,8.93,9.03,4466400,2025-12-13T03:46:26Z
TSM,2006-08-28,5.17,5.2,5.06,5.13,9043250,8.99,9.04,8.81,8.92,5196500,2025-12-13T03:46:26Z
TSM,2006-08-29,5.18,5.2,5.14,5.17,8971540,9.01,9.04,8.94,9,5155300,2025-12-13T03:46:26Z
TSM,2006-08-30,5.3,5.31,5.21,5.24,13717319,9.22,9.24,9.06,9.11,7882400,2025-12-13T03:46:26Z
TSM,2006-08-31,5.35,5.37,5.28,5.34,15257660,9.31,9.35,9.18,9.29,8767500,2025-12-13T03:46:26Z
TSM,2006-09-01,5.37,5.43,5.33,5.39,9766357,9.34,9.45,9.27,9.38,5612100,2025-12-13T03:46:26Z
TSM,2006-09-05,5.39,5.41,5.32,5.37,8142153,9.38,9.42,9.25,9.34,4678700,2025-12-13T03:46:26Z
TSM,2006-09-06,5.22,5.36,5.18,5.36,17817695,9.08,9.33,9.02,9.32,10238700,2025-12-13T03:46:26Z
TSM,2006-09-07,5.2,5.26,5.14,5.22,15023063,9.05,9.15,8.94,9.08,8632700,2025-12-13T03:46:26Z
TSM,2006-09-08,5.15,5.25,5.11,5.25,14804960,8.96,9.14,8.89,9.14,8507400,2025-12-13T03:46:26Z
TSM,2006-09-11,5.18,5.4,5.09,5.4,11123714,9.01,9.4,8.86,9.4,6392000,2025-12-13T03:46:26Z
TSM,2006-09-12,5.35,5.36,5.18,5.19,23638016,9.31,9.32,9.02,9.03,13583100,2025-12-13T03:46:26Z
TSM,2006-09-13,5.45,5.49,5.36,5.4,23029393,9.48,9.56,9.32,9.39,13233400,2025-12-13T03:46:26Z
TSM,2006-09-14,5.46,5.51,5.38,5.42,18558151,9.5,9.59,9.37,9.43,10664100,2025-12-13T03:46:26Z
TSM,2006-09-15,5.46,5.56,5.46,5.5,15570803,9.51,9.68,9.5,9.58,8947400,2025-12-13T03:46:26Z
TSM,2006-09-18,5.7,5.72,5.5,5.52,31052489,9.92,9.95,9.58,9.6,17843600,2025-12-13T03:46:26Z
TSM,2006-09-19,5.56,5.66,5.44,5.66,25632015,9.67,9.85,9.46,9.85,14729000,2025-12-13T03:46:26Z
TSM,2006-09-20,5.67,5.68,5.56,5.57,17727429,9.86,9.89,9.67,9.7,10186800,2025-12-13T03:46:26Z
TSM,2006-09-21,5.54,5.69,5.52,5.69,15628584,9.64,9.9,9.61,9.9,8980600,2025-12-13T03:46:26Z
TSM,2006-09-22,5.46,5.54,5.45,5.47,16399202,9.5,9.65,9.48,9.52,9423500,2025-12-13T03:46:26Z
TSM,2006-09-25,5.63,5.67,5.46,5.52,23034239,9.79,9.86,9.5,9.61,13236100,2025-12-13T03:46:26Z
TSM,2006-09-26,5.59,5.63,5.52,5.63,16178768,9.72,9.79,9.6,9.79,9296800,2025-12-13T03:46:26Z
TSM,2006-09-27,5.5,5.59,5.49,5.53,15188580,9.57,9.73,9.56,9.62,8727800,2025-12-13T03:46:26Z
TSM,2006-09-28,5.55,5.55,5.47,5.5,18297772,9.66,9.66,9.52,9.58,10514400,2025-12-13T03:46:26Z
TSM,2006-09-29,5.52,5.59,5.49,5.59,18829157,9.6,9.73,9.55,9.73,10819900,2025-12-13T03:46:26Z
TSM,2006-10-02,5.56,5.63,5.49,5.52,18760672,9.67,9.79,9.55,9.6,10780500,2025-12-13T03:46:26Z
TSM,2006-10-03,5.44,5.52,5.42,5.52,23875363,9.46,9.6,9.44,9.6,13719500,2025-12-13T03:46:26Z
TSM,2006-10-04,5.5,5.51,5.37,5.4,23784386,9.57,9.59,9.35,9.4,13667200,2025-12-13T03:46:26Z
TSM,2006-10-05,5.66,5.66,5.53,5.56,17459774,9.85,9.85,9.62,9.67,10032900,2025-12-13T03:46:26Z
TSM,2006-10-06,5.58,5.64,5.55,5.59,14085478,9.71,9.82,9.66,9.73,8094000,2025-12-13T03:46:26Z
TSM,2006-10-09,5.59,5.62,5.56,5.58,10522429,9.72,9.78,9.67,9.71,6046500,2025-12-13T03:46:26Z
TSM,2006-10-10,5.63,5.72,5.6,5.66,24747462,9.8,9.95,9.74,9.85,14220700,2025-12-13T03:46:26Z
TSM,2006-10-11,5.64,5.68,5.57,5.63,20094393,9.81,9.89,9.69,9.8,11546800,2025-12-13T03:46:26Z
TSM,2006-10-12,5.8,5.8,5.65,5.66,29571811,10.09,10.1,9.84,9.85,16992800,2025-12-13T03:46:26Z
TSM,2006-10-13,5.92,5.97,5.8,5.82,18269112,10.3,10.39,10.1,10.13,10498000,2025-12-13T03:46:26Z
TSM,2006-10-16,5.94,6.03,5.91,6.03,17573998,10.33,10.5,10.29,10.49,10098500,2025-12-13T03:46:26Z
TSM,2006-10-17,5.76,5.88,5.71,5.88,19341117,10.02,10.23,9.93,10.23,11114000,2025-12-13T03:46:26Z
TSM,2006-10-18,5.62,5.79,5.6,5.75,22551304,9.78,10.08,9.75,10.01,12958700,2025-12-13T03:46:26Z
TSM,2006-10-19,5.58,5.62,5.54,5.61,13381552,9.71,9.78,9.65,9.77,7689500,2025-12-13T03:46:26Z
TSM,2006-10-20,5.6,5.64,5.55,5.63,12300950,9.74,9.81,9.66,9.8,7068500,2025-12-13T03:46:26Z
TSM,2006-10-23,5.68,5.71,5.6,5.63,15403451,9.89,9.94,9.74,9.8,8851300,2025-12-13T03:46:26Z
TSM,2006-10-24,5.7,5.78,5.68,5.72,16714319,9.92,10.05,9.88,9.96,9604500,2025-12-13T03:46:26Z
TSM,2006-10-25,5.73,5.75,5.65,5.7,19669566,9.97,10.01,9.83,9.92,11302800,2025-12-13T03:46:26Z
TSM,2006-10-26,5.73,5.89,5.69,5.72,14412075,9.98,10.25,9.9,9.96,8281600,2025-12-13T03:46:26Z
TSM,2006-10-27,5.57,5.74,5.57,5.74,14525026,9.7,9.99,9.7,9.98,8346500,2025-12-13T03:46:26Z
TSM,2006-10-30,5.56,5.6,5.47,5.57,21490067,9.67,9.75,9.52,9.7,12348900,2025-12-13T03:46:26Z
TSM,2006-10-31,5.57,5.65,5.54,5.6,13516375,9.7,9.83,9.65,9.75,7766900,2025-12-13T03:46:26Z
TSM,2006-11-01,5.44,5.62,5.42,5.61,18774689,9.46,9.78,9.44,9.76,10788500,2025-12-13T03:46:26Z
TSM,2006-11-02,5.46,5.49,5.38,5.46,24110405,9.5,9.56,9.36,9.5,13854600,2025-12-13T03:46:26Z
TSM,2006-11-03,5.49,5.49,5.4,5.45,16548960,9.55,9.55,9.4,9.48,9509500,2025-12-13T03:46:26Z
TSM,2006-11-06,5.49,5.53,5.43,5.43,19524100,9.55,9.63,9.45,9.45,11219100,2025-12-13T03:46:26Z
TSM,2006-11-07,5.52,5.57,5.46,5.47,27160055,9.61,9.69,9.51,9.52,15607000,2025-12-13T03:46:26Z
TSM,2006-11-08,5.53,5.54,5.45,5.52,13273902,9.63,9.65,9.48,9.61,7627600,2025-12-13T03:46:26Z
TSM,2006-11-09,5.45,5.57,5.43,5.57,18715318,9.48,9.7,9.45,9.69,10754400,2025-12-13T03:46:26Z
TSM,2006-11-10,5.45,5.49,5.42,5.48,15477413,9.48,9.56,9.44,9.54,8893800,2025-12-13T03:46:26Z
TSM,2006-11-13,5.5,5.52,5.43,5.48,13144177,9.58,9.6,9.45,9.53,7553100,2025-12-13T03:46:26Z
TSM,2006-11-14,5.67,5.67,5.49,5.5,15685959,9.86,9.87,9.56,9.58,9013700,2025-12-13T03:46:26Z
TSM,2006-11-15,5.69,5.74,5.63,5.73,18848788,9.9,9.99,9.8,9.97,10831200,2025-12-13T03:46:26Z
TSM,2006-11-16,5.75,5.76,5.63,5.69,15197289,10.01,10.03,9.8,9.9,8732900,2025-12-13T03:46:26Z
TSM,2006-11-17,5.73,5.75,5.68,5.72,13102709,9.98,10,9.88,9.96,7529200,2025-12-13T03:46:26Z
TSM,2006-11-20,5.75,5.76,5.67,5.67,22069300,10.01,10.03,9.86,9.86,12681800,2025-12-13T03:46:26Z
TSM,2006-11-21,5.79,5.8,5.71,5.78,13543601,10.08,10.09,9.94,10.06,7782600,2025-12-13T03:46:26Z
TSM,2006-11-22,5.92,5.94,5.76,5.78,20566227,10.31,10.34,10.03,10.05,11818100,2025-12-13T03:46:26Z
TSM,2006-11-24,6.02,6.06,5.85,5.87,13882550,10.48,10.55,10.18,10.21,7977300,2025-12-13T03:46:26Z
TSM,2006-11-27,5.9,6.1,5.88,6.03,23085267,10.27,10.62,10.24,10.5,13265600,2025-12-13T03:46:26Z
TSM,2006-11-28,5.9,5.92,5.84,5.86,16217950,10.27,10.31,10.17,10.2,9319400,2025-12-13T03:46:26Z
TSM,2006-11-29,6.02,6.07,5.94,5.98,20494325,10.47,10.56,10.34,10.41,11776700,2025-12-13T03:46:26Z
TSM,2006-11-30,6.18,6.21,6.04,6.07,29582034,10.75,10.8,10.51,10.56,16998800,2025-12-13T03:46:26Z
TSM,2006-12-01,6.1,6.24,6.04,6.18,24092602,10.62,10.86,10.51,10.75,13844400,2025-12-13T03:46:26Z
TSM,2006-12-04,6.37,6.41,6.13,6.17,30560015,11.08,11.15,10.66,10.74,17560700,2025-12-13T03:46:26Z
TSM,2006-12-05,6.42,6.48,6.3,6.3,20642558,11.18,11.28,10.96,10.96,11861900,2025-12-13T03:46:26Z
TSM,2006-12-06,6.34,6.45,6.33,6.42,23002686,11.03,11.23,11.01,11.18,13218100,2025-12-13T03:46:26Z
TSM,2006-12-07,6.32,6.44,6.28,6.32,13096837,11,11.2,10.93,10.99,7525800,2025-12-13T03:46:26Z
TSM,2006-12-08,6.28,6.31,6.16,6.24,20313462,10.92,10.98,10.72,10.86,11672800,2025-12-13T03:46:26Z
TSM,2006-12-11,6.25,6.38,6.22,6.28,21701539,10.87,11.1,10.82,10.92,12470300,2025-12-13T03:46:26Z
TSM,2006-12-12,6.14,6.2,6.04,6.2,21755892,10.69,10.79,10.51,10.79,12501600,2025-12-13T03:46:26Z
TSM,2006-12-13,6.07,6.19,6.06,6.17,17859312,10.57,10.78,10.55,10.73,10262600,2025-12-13T03:46:26Z
TSM,2006-12-14,6.15,6.15,6.05,6.06,14472587,10.71,10.71,10.53,10.55,8316400,2025-12-13T03:46:26Z
TSM,2006-12-15,6.17,6.22,6.12,6.19,13785798,10.74,10.83,10.65,10.78,7921700,2025-12-13T03:46:26Z
TSM,2006-12-18,6.22,6.32,6.13,6.21,13633517,10.83,11,10.67,10.81,7834300,2025-12-13T03:46:26Z
TSM,2006-12-19,6.1,6.11,6.03,6.11,19469303,10.62,10.64,10.49,10.64,11187700,2025-12-13T03:46:26Z
TSM,2006-12-20,6.08,6.19,6.06,6.13,13883857,10.58,10.77,10.54,10.66,7978100,2025-12-13T03:46:26Z
TSM,2006-12-21,6.18,6.19,6.06,6.06,17851367,10.76,10.78,10.55,10.55,10257900,2025-12-13T03:46:26Z
TSM,2006-12-22,6.18,6.24,6.14,6.18,7883298,10.75,10.85,10.69,10.76,4530000,2025-12-13T03:46:26Z
TSM,2006-12-26,6.28,6.29,6.19,6.21,7764424,10.92,10.95,10.78,10.8,4461700,2025-12-13T03:46:26Z
TSM,2006-12-27,6.33,6.33,6.28,6.28,9489026,11.01,11.02,10.93,10.93,5452700,2025-12-13T03:46:26Z
TSM,2006-12-28,6.32,6.34,6.25,6.29,10709472,10.99,11.03,10.87,10.95,6154000,2025-12-13T03:46:26Z
TSM,2006-12-29,6.28,6.4,6.26,6.39,7741858,10.93,11.14,10.9,11.12,4448700,2025-12-13T03:46:26Z
TSM,2007-01-03,6.3,6.42,6.26,6.38,21538700,10.97,11.18,10.9,11.11,12376800,2025-12-13T03:46:26Z
TSM,2007-01-04,6.3,6.34,6.2,6.31,30612177,10.97,11.04,10.79,10.98,17590700,2025-12-13T03:46:26Z
TSM,2007-01-05,6.14,6.26,6.08,6.26,21976555,10.69,10.9,10.58,10.9,12628400,2025-12-13T03:46:26Z
TSM,2007-01-08,6.18,6.22,6.14,6.14,9484495,10.75,10.82,10.69,10.69,5450100,2025-12-13T03:46:26Z
TSM,2007-01-09,6.1,6.24,6.08,6.24,12806962,10.62,10.85,10.58,10.85,7359300,2025-12-13T03:46:26Z
TSM,2007-01-10,6.14,6.15,5.99,6.03,19205762,10.68,10.7,10.42,10.49,11036300,2025-12-13T03:46:26Z
TSM,2007-01-11,6.27,6.29,6.17,6.17,30490293,10.91,10.95,10.73,10.74,17520600,2025-12-13T03:46:26Z
TSM,2007-01-12,6.46,6.57,6.4,6.44,58042626,11.25,11.43,11.13,11.2,33353100,2025-12-13T03:46:26Z
TSM,2007-01-16,6.5,6.55,6.46,6.52,24665479,11.31,11.4,11.25,11.35,14173600,2025-12-13T03:46:26Z
TSM,2007-01-17,6.6,6.6,6.45,6.52,34086797,11.49,11.49,11.22,11.35,19587300,2025-12-13T03:46:26Z
TSM,2007-01-18,6.46,6.61,6.44,6.6,36215058,11.25,11.5,11.21,11.48,20810300,2025-12-13T03:46:26Z
TSM,2007-01-19,6.49,6.52,6.42,6.46,21327374,11.29,11.35,11.18,11.25,12255400,2025-12-13T03:46:26Z
TSM,2007-01-22,6.36,6.46,6.34,6.46,19065683,11.06,11.25,11.04,11.25,10955700,2025-12-13T03:46:26Z
TSM,2007-01-23,6.46,6.51,6.3,6.36,30099136,11.25,11.33,10.96,11.07,17295900,2025-12-13T03:46:26Z
TSM,2007-01-24,6.6,6.6,6.46,6.55,20882328,11.48,11.48,11.24,11.4,11999700,2025-12-13T03:46:26Z
TSM,2007-01-25,6.18,6.46,6.18,6.42,82062448,10.76,11.24,10.75,11.18,47155400,2025-12-13T03:46:26Z
TSM,2007-01-26,6.28,6.29,6.16,6.2,23848586,10.93,10.95,10.72,10.79,13704100,2025-12-13T03:46:26Z
TSM,2007-01-29,6.19,6.29,6.18,6.28,12917805,10.77,10.95,10.76,10.93,7423000,2025-12-13T03:46:26Z
TSM,2007-01-30,6.27,6.28,6.19,6.19,11300164,10.91,10.92,10.77,10.77,6493400,2025-12-13T03:46:26Z
TSM,2007-01-31,6.27,6.3,6.17,6.24,15949428,10.91,10.97,10.74,10.86,9165000,2025-12-13T03:46:26Z
TSM,2007-02-01,6.33,6.34,6.21,6.27,14795900,11.01,11.04,10.8,10.91,8502200,2025-12-13T03:46:26Z
TSM,2007-02-02,6.29,6.38,6.26,6.37,12196624,10.94,11.11,10.9,11.09,7008600,2025-12-13T03:46:26Z
TSM,2007-02-05,6.23,6.28,6.23,6.23,14791453,10.85,10.93,10.84,10.84,8499700,2025-12-13T03:46:26Z
TSM,2007-02-06,6.3,6.34,6.26,6.32,15681199,10.97,11.04,10.9,11,9010900,2025-12-13T03:46:26Z
TSM,2007-02-07,6.41,6.49,6.29,6.3,23252596,11.16,11.3,10.95,10.97,13361700,2025-12-13T03:46:26Z
TSM,2007-02-08,6.39,6.42,6.36,6.42,12993374,11.12,11.17,11.06,11.17,7466400,2025-12-13T03:46:26Z
TSM,2007-02-09,6.29,6.41,6.28,6.39,16851012,10.95,11.16,10.93,11.12,9683100,2025-12-13T03:46:26Z
TSM,2007-02-12,6.14,6.28,6.12,6.23,20010795,10.68,10.92,10.65,10.84,11498900,2025-12-13T03:46:26Z
TSM,2007-02-13,6.17,6.17,6.04,6.1,24017461,10.73,10.74,10.51,10.61,13801200,2025-12-13T03:46:26Z
TSM,2007-02-14,6.41,6.44,6.22,6.23,22354469,11.15,11.21,10.83,10.84,12845500,2025-12-13T03:46:26Z
TSM,2007-02-15,6.42,6.46,6.41,6.41,19783913,11.17,11.24,11.16,11.16,11368400,2025-12-13T03:46:26Z
TSM,2007-02-16,6.45,6.46,6.38,6.46,8571072,11.23,11.24,11.1,11.24,4925200,2025-12-13T03:46:26Z
TSM,2007-02-20,6.52,6.57,6.42,6.46,14356607,11.35,11.44,11.18,11.24,8249800,2025-12-13T03:46:26Z
TSM,2007-02-21,6.6,6.6,6.47,6.52,13403136,11.48,11.49,11.26,11.35,7701900,2025-12-13T03:46:26Z
TSM,2007-02-22,6.64,6.67,6.57,6.6,17736915,11.55,11.6,11.43,11.48,10192200,2025-12-13T03:46:26Z
TSM,2007-02-23,6.55,6.69,6.52,6.69,10519013,11.39,11.64,11.35,11.64,6044600,2025-12-13T03:46:26Z
TSM,2007-02-26,6.55,6.55,6.49,6.55,14852890,11.39,11.4,11.29,11.4,8535000,2025-12-13T03:46:26Z
TSM,2007-02-27,6.29,6.46,6.28,6.44,28030170,10.94,11.25,10.93,11.21,16107100,2025-12-13T03:46:26Z
TSM,2007-02-28,6.38,6.46,6.32,6.35,17273532,11.1,11.24,11,11.05,9925900,2025-12-13T03:46:26Z
TSM,2007-03-01,6.28,6.32,6.11,6.21,26331402,10.93,11,10.64,10.81,15130800,2025-12-13T03:46:26Z
TSM,2007-03-02,6.11,6.29,6.11,6.28,16521662,10.64,10.95,10.64,10.93,9493900,2025-12-13T03:46:26Z
TSM,2007-03-05,5.81,6.01,5.63,5.69,33178096,10.11,10.46,9.8,9.9,19065100,2025-12-13T03:46:26Z
TSM,2007-03-06,6.1,6.12,5.97,5.98,29267123,10.61,10.65,10.39,10.4,16817700,2025-12-13T03:46:26Z
TSM,2007-03-07,6.03,6.13,6,6.1,22102103,10.5,10.66,10.45,10.61,12700500,2025-12-13T03:46:26Z
TSM,2007-03-08,6.19,6.22,6.14,6.19,13409522,10.78,10.83,10.69,10.78,7705500,2025-12-13T03:46:26Z
TSM,2007-03-09,6.18,6.18,6,6.14,38840819,10.75,10.76,10.44,10.69,22319200,2025-12-13T03:46:26Z
TSM,2007-03-12,6.39,6.41,6.18,6.21,27373029,11.12,11.16,10.75,10.8,15729400,2025-12-13T03:46:26Z
TSM,2007-03-13,6.3,6.46,6.29,6.34,31274807,10.96,11.24,10.94,11.04,17971600,2025-12-13T03:46:26Z
TSM,2007-03-14,6.36,6.41,6.2,6.36,17227803,11.06,11.15,10.79,11.06,9899600,2025-12-13T03:46:26Z
TSM,2007-03-15,6.41,6.44,6.33,6.36,19152222,11.15,11.2,11.01,11.06,11005400,2025-12-13T03:46:26Z
TSM,2007-03-16,6.33,6.42,6.33,6.41,14445521,11.02,11.18,11.01,11.15,8300800,2025-12-13T03:46:26Z
TSM,2007-03-19,6.34,6.44,6.33,6.34,16787885,11.04,11.21,11.01,11.03,9646800,2025-12-13T03:46:26Z
TSM,2007-03-20,6.5,6.51,6.36,6.37,17103610,11.31,11.33,11.07,11.09,9828300,2025-12-13T03:46:26Z
TSM,2007-03-21,6.64,6.68,6.46,6.51,16090122,11.55,11.62,11.24,11.33,9245900,2025-12-13T03:46:26Z
TSM,2007-03-22,6.52,6.68,6.48,6.68,25140889,11.34,11.62,11.27,11.62,14446700,2025-12-13T03:46:26Z
TSM,2007-03-23,6.53,6.59,6.44,6.44,12271441,11.37,11.47,11.21,11.21,7051600,2025-12-13T03:46:26Z
TSM,2007-03-26,6.57,6.57,6.45,6.55,16756054,11.43,11.44,11.23,11.4,9628500,2025-12-13T03:46:26Z
TSM,2007-03-27,6.39,6.54,6.39,6.54,11388171,11.12,11.38,11.12,11.38,6544000,2025-12-13T03:46:26Z
TSM,2007-03-28,6.22,6.39,6.21,6.39,23824880,10.82,11.12,10.8,11.12,13690500,2025-12-13T03:46:26Z
TSM,2007-03-29,6.21,6.36,6.12,6.29,39426787,10.8,11.07,10.65,10.94,22655800,2025-12-13T03:46:26Z
TSM,2007-03-30,6.18,6.22,6.14,6.18,16671349,10.75,10.83,10.69,10.76,9579900,2025-12-13T03:46:26Z
TSM,2007-04-02,6.19,6.26,6.14,6.21,10994050,10.78,10.9,10.68,10.81,6317500,2025-12-13T03:46:26Z
TSM,2007-04-03,6.26,6.26,6.17,6.24,29395627,10.9,10.9,10.74,10.85,16891700,2025-12-13T03:46:26Z
TSM,2007-04-04,6.19,6.31,6.17,6.26,22444049,10.78,10.98,10.73,10.9,12897000,2025-12-13T03:46:26Z
TSM,2007-04-05,6.3,6.35,6.21,6.26,20918127,10.97,11.05,10.81,10.89,12020200,2025-12-13T03:46:26Z
TSM,2007-04-09,6.25,6.38,6.23,6.38,15109616,10.87,11.1,10.84,11.1,8682400,2025-12-13T03:46:26Z
TSM,2007-04-10,6.21,6.28,6.17,6.2,19358737,10.81,10.93,10.73,10.79,11124200,2025-12-13T03:46:26Z
TSM,2007-04-11,6.19,6.27,6.17,6.26,12910322,10.77,10.91,10.73,10.9,7418700,2025-12-13T03:46:26Z
TSM,2007-04-12,6.21,6.24,6.15,6.2,13975088,10.8,10.86,10.7,10.79,8030500,2025-12-13T03:46:26Z
TSM,2007-04-13,6.15,6.22,6.1,6.15,14411917,10.7,10.82,10.62,10.71,8281600,2025-12-13T03:46:26Z
TSM,2007-04-16,6.19,6.23,6.13,6.22,23525789,10.77,10.84,10.67,10.82,13518700,2025-12-13T03:46:26Z
TSM,2007-04-17,6.13,6.21,6.09,6.21,18722695,10.66,10.8,10.6,10.8,10758700,2025-12-13T03:46:26Z
TSM,2007-04-18,6.13,6.19,6.12,6.13,18423339,10.67,10.78,10.65,10.67,10586600,2025-12-13T03:46:26Z
TSM,2007-04-19,6.06,6.08,6.02,6.04,25947947,10.55,10.59,10.47,10.52,14910600,2025-12-13T03:46:26Z
TSM,2007-04-20,6.05,6.25,5.99,6.24,28582254,10.52,10.87,10.43,10.86,16424200,2025-12-13T03:46:26Z
TSM,2007-04-23,6.08,6.13,6.06,6.12,17421429,10.58,10.66,10.54,10.65,10010900,2025-12-13T03:46:26Z
TSM,2007-04-24,6.2,6.24,6.02,6.18,46843909,10.79,10.85,10.47,10.75,26918100,2025-12-13T03:46:26Z
TSM,2007-04-25,6.29,6.31,6.2,6.21,48320818,10.95,10.98,10.79,10.81,27766600,2025-12-13T03:46:26Z
TSM,2007-04-26,6.34,6.36,6.24,6.24,31803613,11.03,11.06,10.85,10.85,18275400,2025-12-13T03:46:26Z
TSM,2007-04-27,6.14,6.26,6.11,6.26,28412169,10.69,10.9,10.64,10.89,16326500,2025-12-13T03:46:26Z
TSM,2007-04-30,6.06,6.13,6.06,6.13,22996886,10.54,10.67,10.54,10.66,13214700,2025-12-13T03:46:26Z
TSM,2007-05-01,6.14,6.16,6.04,6.06,13921119,10.69,10.72,10.51,10.55,7999500,2025-12-13T03:46:26Z
TSM,2007-05-02,6.1,6.15,6.07,6.14,20118239,10.62,10.7,10.57,10.68,11560600,2025-12-13T03:46:26Z
TSM,2007-05-03,6.15,6.18,6.08,6.08,17030749,10.71,10.76,10.59,10.59,9786400,2025-12-13T03:46:26Z
TSM,2007-05-04,6.15,6.27,6.15,6.26,16570503,10.7,10.91,10.7,10.9,9522000,2025-12-13T03:46:26Z
TSM,2007-05-07,6.15,6.18,6.12,6.17,9190869,10.7,10.76,10.65,10.74,5281400,2025-12-13T03:46:26Z
TSM,2007-05-08,6.03,6.12,6.02,6.11,12575253,10.5,10.65,10.47,10.64,7226100,2025-12-13T03:46:26Z
TSM,2007-05-09,6.05,6.05,5.97,5.99,21271438,10.53,10.53,10.39,10.42,12223300,2025-12-13T03:46:26Z
TSM,2007-05-10,5.99,6.06,5.96,6.06,24371631,10.42,10.55,10.38,10.55,14004800,2025-12-13T03:46:26Z
TSM,2007-05-11,5.98,6.01,5.94,5.94,17632905,10.41,10.46,10.33,10.33,10132400,2025-12-13T03:46:26Z
TSM,2007-05-14,5.88,5.99,5.86,5.95,19968903,10.23,10.43,10.2,10.35,11474800,2025-12-13T03:46:26Z
TSM,2007-05-15,5.91,5.97,5.85,5.92,14887309,10.28,10.39,10.18,10.31,8554700,2025-12-13T03:46:26Z
TSM,2007-05-16,6.03,6.05,5.91,5.91,21905629,10.5,10.53,10.28,10.29,12587600,2025-12-13T03:46:26Z
TSM,2007-05-17,6.14,6.22,6,6,45699284,10.68,10.83,10.45,10.45,26260400,2025-12-13T03:46:26Z
TSM,2007-05-18,6.05,6.18,6.04,6.15,87006106,10.53,10.76,10.52,10.7,49996700,2025-12-13T03:46:26Z
TSM,2007-05-21,6.04,6.14,6.02,6.08,42282241,10.51,10.68,10.48,10.59,24296800,2025-12-13T03:46:26Z
TSM,2007-05-22,6.13,6.17,6.02,6.07,33538033,10.66,10.73,10.47,10.56,19272100,2025-12-13T03:46:26Z
TSM,2007-05-23,6.05,6.2,6.04,6.15,26910326,10.53,10.79,10.51,10.71,15463600,2025-12-13T03:46:26Z
TSM,2007-05-24,5.99,6.12,5.94,6.08,52349203,10.42,10.65,10.33,10.59,30081700,2025-12-13T03:46:26Z
TSM,2007-05-25,6.02,6.03,5.93,5.98,28465161,10.47,10.5,10.32,10.4,16357000,2025-12-13T03:46:26Z
TSM,2007-05-29,6.11,6.14,6.06,6.08,29158669,10.63,10.69,10.55,10.59,16755400,2025-12-13T03:46:26Z
TSM,2007-05-30,6.13,6.15,6.03,6.11,23770949,10.66,10.71,10.5,10.64,13659600,2025-12-13T03:46:26Z
TSM,2007-05-31,6.27,6.29,6.13,6.18,32699198,10.91,10.95,10.67,10.76,18789900,2025-12-13T03:46:26Z
TSM,2007-06-01,6.37,6.39,6.24,6.29,30724990,11.08,11.12,10.86,10.94,17655500,2025-12-13T03:46:26Z
TSM,2007-06-04,6.32,6.38,6.3,6.32,21658054,10.99,11.1,10.96,11,12445400,2025-12-13T03:46:26Z
TSM,2007-06-05,6.22,6.36,6.16,6.33,54422172,10.83,11.07,10.72,11.02,31272900,2025-12-13T03:46:26Z
TSM,2007-06-06,6.19,6.26,6.14,6.23,17165164,10.78,10.9,10.68,10.84,9863600,2025-12-13T03:46:26Z
TSM,2007-06-07,6.15,6.26,6.15,6.23,34997403,10.71,10.89,10.7,10.84,20110600,2025-12-13T03:46:26Z
TSM,2007-06-08,6.34,6.35,6.19,6.24,29255605,10.57,10.59,10.32,10.4,17543400,2025-12-13T03:46:26Z
TSM,2007-06-11,6.27,6.33,6.26,6.3,24192544,10.46,10.55,10.44,10.51,14507200,2025-12-13T03:46:26Z
TSM,2007-06-12,6.16,6.23,6.13,6.23,19705526,10.27,10.39,10.23,10.39,11816600,2025-12-13T03:46:26Z
TSM,2007-06-13,6.22,6.23,6.15,6.16,26025291,10.38,10.39,10.25,10.27,15606400,2025-12-13T03:46:26Z
TSM,2007-06-14,6.36,6.39,6.24,6.26,37119345,10.6,10.65,10.4,10.44,22259000,2025-12-13T03:46:26Z
TSM,2007-06-15,6.49,6.52,6.37,6.37,34195489,10.82,10.88,10.62,10.62,20505600,2025-12-13T03:46:26Z
TSM,2007-06-18,6.4,6.49,6.37,6.48,21163568,10.67,10.82,10.63,10.8,12691000,2025-12-13T03:46:26Z
TSM,2007-06-19,6.42,6.43,6.34,6.41,16207421,10.7,10.73,10.57,10.69,9719000,2025-12-13T03:46:26Z
TSM,2007-06-20,6.48,6.54,6.43,6.54,33631372,10.8,10.91,10.73,10.9,20167300,2025-12-13T03:46:26Z
TSM,2007-06-21,6.73,6.75,6.51,6.51,37033383,11.23,11.25,10.85,10.85,22207500,2025-12-13T03:46:26Z
TSM,2007-06-22,6.58,6.72,6.55,6.68,26876925,10.98,11.21,10.93,11.14,16117100,2025-12-13T03:46:26Z
TSM,2007-06-25,6.59,6.73,6.59,6.71,22709574,10.99,11.22,10.99,11.19,13618100,2025-12-13T03:46:26Z
TSM,2007-06-26,6.6,6.7,6.55,6.7,19080643,11.01,11.17,10.93,11.17,11441800,2025-12-13T03:46:26Z
TSM,2007-06-27,6.68,6.69,6.54,6.57,13110786,11.14,11.16,10.91,10.95,7862000,2025-12-13T03:46:26Z
TSM,2007-06-28,6.7,6.73,6.61,6.61,16300741,11.17,11.23,11.02,11.02,9774900,2025-12-13T03:46:26Z
TSM,2007-06-29,6.67,6.8,6.61,6.7,23046947,11.13,11.34,11.02,11.17,13820300,2025-12-13T03:46:26Z
TSM,2007-07-02,6.76,6.78,6.71,6.72,21338812,11.28,11.31,11.19,11.2,12796100,2025-12-13T03:46:26Z
TSM,2007-07-03,6.83,6.85,6.76,6.79,9916159,11.39,11.42,11.27,11.32,5946300,2025-12-13T03:46:26Z
TSM,2007-07-05,6.83,6.86,6.78,6.84,34437319,11.39,11.44,11.3,11.4,20650600,2025-12-13T03:46:26Z
TSM,2007-07-06,6.88,6.91,6.78,6.79,30592153,11.48,11.53,11.31,11.33,18344900,2025-12-13T03:46:26Z
TSM,2007-07-09,7.03,7.08,6.89,7,34758753,11.73,11.81,11.49,11.68,20843400,2025-12-13T03:46:26Z
TSM,2007-07-10,6.87,6.98,6.86,6.94,29096185,11.45,11.64,11.44,11.58,17447800,2025-12-13T03:46:26Z
TSM,2007-07-11,6.84,6.88,6.79,6.83,26424230,11.4,11.47,11.33,11.39,15845500,2025-12-13T03:46:26Z
TSM,2007-07-12,7.01,7.02,6.87,6.88,18067635,11.69,11.7,11.45,11.48,10834400,2025-12-13T03:46:26Z
TSM,2007-07-13,6.99,7.05,6.98,7.04,18238927,11.66,11.76,11.64,11.74,10937100,2025-12-13T03:46:26Z
TSM,2007-07-16,7,7.06,6.84,7.02,21523784,11.68,11.77,11.41,11.7,12906900,2025-12-13T03:46:26Z
TSM,2007-07-17,7.04,7.07,6.94,6.94,21459518,11.74,11.79,11.57,11.57,12868400,2025-12-13T03:46:26Z
TSM,2007-07-18,6.81,6.96,6.7,6.82,29078638,11.36,11.6,11.18,11.38,17437200,2025-12-13T03:46:26Z
TSM,2007-07-19,6.73,6.79,6.69,6.76,33232072,11.23,11.33,11.15,11.27,19928000,2025-12-13T03:46:26Z
TSM,2007-07-20,6.54,6.72,6.44,6.69,35498746,10.9,11.2,10.74,11.16,21287200,2025-12-13T03:46:26Z
TSM,2007-07-23,6.61,6.63,6.56,6.62,22925509,11.02,11.05,10.94,11.04,13747400,2025-12-13T03:46:26Z
TSM,2007-07-24,6.54,6.74,6.4,6.54,26523503,10.9,11.24,10.68,10.91,15905100,2025-12-13T03:46:26Z
TSM,2007-07-25,6.54,6.61,6.45,6.57,22113341,10.9,11.03,10.76,10.96,13260500,2025-12-13T03:46:26Z
TSM,2007-07-26,6.13,6.39,6.06,6.39,47681717,10.22,10.65,10.1,10.65,28592700,2025-12-13T03:46:26Z
TSM,2007-07-27,6.06,6.19,5.96,6.19,42462492,10.1,10.32,9.93,10.32,25463200,2025-12-13T03:46:26Z
TSM,2007-07-30,6.16,6.22,6.07,6.17,31617605,10.28,10.38,10.12,10.28,18959800,2025-12-13T03:46:26Z
TSM,2007-07-31,6.09,6.26,6.06,6.22,28987325,10.15,10.44,10.11,10.37,17382400,2025-12-13T03:46:26Z
TSM,2007-08-01,5.96,5.99,5.77,5.94,30318950,9.94,9.98,9.62,9.9,18181000,2025-12-13T03:46:26Z
TSM,2007-08-02,6.06,6.13,5.76,6.06,24831264,10.1,10.22,9.61,10.1,14890400,2025-12-13T03:46:26Z
TSM,2007-08-03,5.82,6.2,5.8,6.2,30333364,9.7,10.34,9.67,10.34,18189700,2025-12-13T03:46:26Z
TSM,2007-08-06,6.01,6.02,5.77,5.92,27079148,10.02,10.04,9.62,9.88,16238300,2025-12-13T03:46:26Z
TSM,2007-08-07,5.93,5.98,5.83,5.87,21054563,9.89,9.97,9.73,9.79,12625500,2025-12-13T03:46:26Z
TSM,2007-08-08,6.16,6.2,6.03,6.06,20527160,10.27,10.34,10.06,10.1,12309300,2025-12-13T03:46:26Z
TSM,2007-08-09,5.86,6.08,5.76,6.07,44784185,9.78,10.14,9.6,10.13,26855400,2025-12-13T03:46:26Z
TSM,2007-08-10,5.94,6,5.73,6,30711075,9.9,10,9.55,10,18416100,2025-12-13T03:46:26Z
TSM,2007-08-13,6.01,6.12,5.94,6.12,22166023,10.03,10.2,9.9,10.2,13292100,2025-12-13T03:46:26Z
TSM,2007-08-14,5.76,6.07,5.76,6.04,28015717,9.6,10.13,9.6,10.08,16799800,2025-12-13T03:46:26Z
TSM,2007-08-15,5.51,5.77,5.48,5.73,50766206,9.19,9.62,9.14,9.55,30442600,2025-12-13T03:46:26Z
TSM,2007-08-16,5.46,5.54,5.25,5.41,36510037,9.11,9.24,8.76,9.02,21893600,2025-12-13T03:46:26Z
TSM,2007-08-17,5.82,5.85,5.61,5.63,27936172,9.7,9.75,9.35,9.39,16752200,2025-12-13T03:46:26Z
TSM,2007-08-20,5.83,5.94,5.76,5.91,14656960,9.72,9.9,9.6,9.86,8789200,2025-12-13T03:46:26Z
TSM,2007-08-21,5.8,5.91,5.73,5.91,18365446,9.67,9.86,9.55,9.86,11013000,2025-12-13T03:46:26Z
TSM,2007-08-22,5.92,5.98,5.85,5.86,28001392,9.88,9.97,9.75,9.77,16791200,2025-12-13T03:46:26Z
TSM,2007-08-23,5.97,6,5.82,6,16736198,9.95,10,9.71,10,10036000,2025-12-13T03:46:26Z
TSM,2007-08-24,6.02,6.03,5.9,5.96,13241807,10.04,10.06,9.84,9.94,7940600,2025-12-13T03:46:26Z
TSM,2007-08-27,5.83,6,5.79,6,16694613,9.72,10,9.66,10,10011100,2025-12-13T03:46:26Z
TSM,2007-08-28,5.64,5.83,5.61,5.83,14539415,9.4,9.73,9.36,9.73,8718700,2025-12-13T03:46:26Z
TSM,2007-08-29,5.83,5.85,5.68,5.71,14426486,9.73,9.75,9.47,9.52,8651000,2025-12-13T03:46:26Z
TSM,2007-08-30,5.71,5.87,5.7,5.76,12690268,9.53,9.78,9.51,9.61,7609900,2025-12-13T03:46:26Z
TSM,2007-08-31,5.95,5.96,5.86,5.91,17292545,9.92,9.93,9.77,9.85,10369600,2025-12-13T03:46:26Z
TSM,2007-09-04,6.07,6.11,5.91,5.92,20974410,10.12,10.19,9.85,9.87,12577600,2025-12-13T03:46:26Z
TSM,2007-09-05,5.98,6.02,5.94,5.95,23687129,9.97,10.04,9.91,9.92,14204200,2025-12-13T03:46:26Z
TSM,2007-09-06,6.07,6.11,5.97,6.05,21044783,10.12,10.19,9.96,10.09,12619800,2025-12-13T03:46:26Z
TSM,2007-09-07,5.83,5.97,5.75,5.97,27102169,9.72,9.96,9.58,9.96,16252100,2025-12-13T03:46:26Z
TSM,2007-09-10,5.83,5.97,5.78,5.87,20094190,9.73,9.95,9.63,9.79,12049700,2025-12-13T03:46:26Z
TSM,2007-09-11,5.88,5.92,5.8,5.89,20557204,9.8,9.88,9.68,9.83,12327400,2025-12-13T03:46:26Z
TSM,2007-09-12,5.91,6.02,5.82,5.87,21712157,9.85,10.04,9.7,9.79,13019800,2025-12-13T03:46:26Z
TSM,2007-09-13,6.02,6.07,5.86,5.88,21937715,10.04,10.12,9.77,9.8,13155200,2025-12-13T03:46:26Z
TSM,2007-09-14,5.98,6.03,5.96,5.98,18826855,9.98,10.05,9.93,9.97,11289700,2025-12-13T03:46:26Z
TSM,2007-09-17,5.89,5.96,5.85,5.91,14565991,9.82,9.94,9.75,9.85,8734700,2025-12-13T03:46:26Z
TSM,2007-09-18,6.13,6.15,5.85,5.89,22263361,10.23,10.25,9.75,9.82,13350400,2025-12-13T03:46:26Z
TSM,2007-09-19,6.06,6.11,6,6.11,27399523,10.11,10.19,10,10.19,16430500,2025-12-13T03:46:26Z
TSM,2007-09-20,6.04,6.09,5.99,6.04,18328303,10.08,10.15,9.99,10.08,10990800,2025-12-13T03:46:26Z
TSM,2007-09-21,6.15,6.17,6.05,6.06,15551683,10.25,10.29,10.09,10.1,9325700,2025-12-13T03:46:26Z
TSM,2007-09-24,6.16,6.24,6.13,6.18,18822858,10.27,10.4,10.22,10.3,11287300,2025-12-13T03:46:26Z
TSM,2007-09-25,6.07,6.13,6.03,6.12,25769762,10.12,10.22,10.06,10.2,15453200,2025-12-13T03:46:26Z
TSM,2007-09-26,6.03,6.17,6,6.11,23060658,10.06,10.29,10,10.19,13828600,2025-12-13T03:46:26Z
TSM,2007-09-27,6.16,6.21,6.09,6.13,18839689,10.28,10.35,10.16,10.23,11297400,2025-12-13T03:46:26Z
TSM,2007-09-28,6.07,6.17,6.06,6.15,13014953,10.12,10.29,10.11,10.26,7804600,2025-12-13T03:46:26Z
TSM,2007-10-01,6.25,6.32,6.1,6.12,17768388,10.43,10.54,10.18,10.2,10654900,2025-12-13T03:46:26Z
TSM,2007-10-02,6.31,6.33,6.24,6.27,18191042,10.52,10.55,10.41,10.45,10908400,2025-12-13T03:46:26Z
TSM,2007-10-03,6.22,6.31,6.17,6.24,14727943,10.38,10.53,10.29,10.41,8831800,2025-12-13T03:46:26Z
TSM,2007-10-04,6.24,6.33,6.21,6.24,19554290,10.41,10.55,10.36,10.41,11726000,2025-12-13T03:46:26Z
TSM,2007-10-05,6.41,6.49,6.28,6.3,19131071,10.69,10.83,10.47,10.51,11472200,2025-12-13T03:46:26Z
TSM,2007-10-08,6.36,6.48,6.33,6.36,17252588,10.61,10.81,10.56,10.61,10345700,2025-12-13T03:46:26Z
TSM,2007-10-09,6.42,6.43,6.3,6.39,23630250,10.7,10.72,10.5,10.66,14170200,2025-12-13T03:46:26Z
TSM,2007-10-10,6.46,6.49,6.3,6.42,26341400,10.78,10.82,10.5,10.7,15795800,2025-12-13T03:46:26Z
TSM,2007-10-11,6.12,6.39,6.06,6.36,37820608,10.21,10.66,10.1,10.6,22679400,2025-12-13T03:46:26Z
TSM,2007-10-12,6.02,6.15,5.98,6.15,28079681,10.04,10.25,9.97,10.25,16838300,2025-12-13T03:46:26Z
TSM,2007-10-15,6,6.17,5.97,6.07,19564252,10,10.28,9.96,10.13,11731900,2025-12-13T03:46:26Z
TSM,2007-10-16,5.98,6.05,5.94,6.04,17596334,9.97,10.09,9.9,10.08,10551800,2025-12-13T03:46:26Z
TSM,2007-10-17,6.1,6.16,5.99,6.08,20355498,10.18,10.27,9.98,10.14,12206300,2025-12-13T03:46:26Z
TSM,2007-10-18,6.06,6.13,5.99,6.09,22110238,10.1,10.22,9.98,10.15,13258700,2025-12-13T03:46:26Z
TSM,2007-10-19,5.84,6.06,5.82,6,25010456,9.74,10.11,9.7,10,14997800,2025-12-13T03:46:26Z
TSM,2007-10-22,5.82,5.89,5.76,5.83,15513954,9.71,9.82,9.6,9.73,9303100,2025-12-13T03:46:26Z
TSM,2007-10-23,6.01,6.02,5.89,5.91,27010941,10.02,10.04,9.82,9.86,16197400,2025-12-13T03:46:26Z
TSM,2007-10-24,5.86,5.96,5.7,5.96,26809929,9.77,9.94,9.51,9.94,16076900,2025-12-13T03:46:26Z
TSM,2007-10-25,5.86,5.96,5.82,5.96,35150934,9.78,9.94,9.7,9.94,21078700,2025-12-13T03:46:26Z
TSM,2007-10-26,5.94,5.98,5.91,5.96,37378374,9.91,9.97,9.85,9.93,22414200,2025-12-13T03:46:26Z
TSM,2007-10-29,6.3,6.32,6.08,6.1,49391529,10.51,10.54,10.14,10.17,29618000,2025-12-13T03:46:26Z
TSM,2007-10-30,6.24,6.26,6.09,6.18,26013258,10.4,10.44,10.16,10.3,15599200,2025-12-13T03:46:26Z
TSM,2007-10-31,6.39,6.43,6.25,6.27,35554527,10.65,10.73,10.42,10.45,21320700,2025-12-13T03:46:26Z
TSM,2007-11-01,6.3,6.44,6.08,6.08,38486992,10.5,10.74,10.14,10.14,23079000,2025-12-13T03:46:26Z
TSM,2007-11-02,6.23,6.33,6.16,6.22,28823516,10.39,10.55,10.27,10.38,17284400,2025-12-13T03:46:26Z
TSM,2007-11-05,6.12,6.26,6.06,6.12,19558519,10.2,10.44,10.1,10.2,11728400,2025-12-13T03:46:26Z
TSM,2007-11-06,6.25,6.28,6.12,6.12,16491488,10.43,10.47,10.2,10.2,9889200,2025-12-13T03:46:26Z
TSM,2007-11-07,6.09,6.25,6.08,6.25,16479627,10.16,10.43,10.14,10.43,9882100,2025-12-13T03:46:26Z
TSM,2007-11-08,5.94,6.14,5.85,6.1,29625454,9.9,10.24,9.76,10.17,17765100,2025-12-13T03:46:26Z
TSM,2007-11-09,5.88,5.99,5.85,5.88,22984221,9.81,9.99,9.76,9.8,13782800,2025-12-13T03:46:26Z
TSM,2007-11-12,5.75,5.96,5.75,5.87,22617805,9.59,9.94,9.59,9.79,13562900,2025-12-13T03:46:26Z
TSM,2007-11-13,5.99,5.99,5.82,5.82,34822250,9.99,9.99,9.71,9.71,20881500,2025-12-13T03:46:26Z
TSM,2007-11-14,5.9,6.03,5.88,5.97,13507778,9.84,10.06,9.81,9.95,8100000,2025-12-13T03:46:26Z
TSM,2007-11-15,5.79,5.94,5.73,5.94,24839324,9.65,9.91,9.55,9.9,14895100,2025-12-13T03:46:26Z
TSM,2007-11-16,5.85,5.85,5.72,5.81,15278618,9.75,9.76,9.54,9.69,9162000,2025-12-13T03:46:26Z
TSM,2007-11-19,5.71,5.85,5.71,5.8,18661776,9.53,9.75,9.53,9.68,11190800,2025-12-13T03:46:26Z
TSM,2007-11-20,5.79,5.95,5.71,5.75,18664794,9.66,9.92,9.53,9.58,11192500,2025-12-13T03:46:26Z
TSM,2007-11-21,5.56,5.71,5.49,5.7,25257530,9.27,9.53,9.16,9.5,15145800,2025-12-13T03:46:26Z
TSM,2007-11-23,5.69,5.75,5.65,5.7,12724150,9.49,9.59,9.42,9.5,7630200,2025-12-13T03:46:26Z
TSM,2007-11-26,5.69,5.82,5.68,5.7,20660443,9.49,9.71,9.48,9.5,12389300,2025-12-13T03:46:26Z
TSM,2007-11-27,5.65,5.72,5.58,5.72,22082490,9.43,9.54,9.31,9.54,13242000,2025-12-13T03:46:26Z
TSM,2007-11-28,5.85,5.9,5.64,5.64,24225499,9.75,9.84,9.4,9.4,14527100,2025-12-13T03:46:26Z
TSM,2007-11-29,5.85,5.89,5.75,5.82,20764879,9.75,9.82,9.59,9.7,12451900,2025-12-13T03:46:26Z
TSM,2007-11-30,5.95,6.03,5.91,5.96,27441176,9.92,10.06,9.86,9.93,16455300,2025-12-13T03:46:26Z
TSM,2007-12-03,5.86,5.98,5.84,5.97,20487535,9.77,9.97,9.74,9.96,12285600,2025-12-13T03:46:26Z
TSM,2007-12-04,5.82,5.91,5.79,5.83,14445690,9.7,9.86,9.65,9.72,8662500,2025-12-13T03:46:26Z
TSM,2007-12-05,6,6.02,5.91,5.92,27711020,10.01,10.04,9.86,9.88,16617200,2025-12-13T03:46:26Z
TSM,2007-12-06,6.15,6.17,5.99,5.99,17440916,10.26,10.28,9.98,9.98,10458600,2025-12-13T03:46:26Z
TSM,2007-12-07,6.18,6.22,6.13,6.18,17109357,10.3,10.38,10.22,10.3,10259800,2025-12-13T03:46:26Z
TSM,2007-12-10,6.07,6.14,6.02,6.04,14962116,10.13,10.24,10.04,10.07,8972100,2025-12-13T03:46:26Z
TSM,2007-12-11,5.95,6.19,5.94,6.09,22680778,9.93,10.32,9.9,10.15,13600700,2025-12-13T03:46:26Z
TSM,2007-12-12,6,6.11,5.91,6.06,16539705,10,10.19,9.85,10.1,9918200,2025-12-13T03:46:26Z
TSM,2007-12-13,5.91,5.93,5.8,5.91,20931361,9.86,9.89,9.67,9.85,12551600,2025-12-13T03:46:26Z
TSM,2007-12-14,5.79,5.92,5.77,5.92,14436894,9.65,9.88,9.62,9.88,8657200,2025-12-13T03:46:26Z
TSM,2007-12-17,5.64,5.83,5.62,5.78,21712152,9.4,9.72,9.38,9.64,13019900,2025-12-13T03:46:26Z
TSM,2007-12-18,5.77,5.83,5.67,5.69,17214164,9.63,9.72,9.45,9.49,10322600,2025-12-13T03:46:26Z
TSM,2007-12-19,5.8,5.84,5.73,5.73,17276483,9.68,9.74,9.55,9.55,10360000,2025-12-13T03:46:26Z
TSM,2007-12-20,5.8,5.87,5.76,5.85,12963707,9.67,9.78,9.6,9.75,7773800,2025-12-13T03:46:26Z
TSM,2007-12-21,5.88,5.89,5.8,5.85,14573170,9.81,9.82,9.68,9.75,8739000,2025-12-13T03:46:26Z
TSM,2007-12-24,5.89,5.92,5.85,5.9,3146595,9.82,9.88,9.75,9.84,1886900,2025-12-13T03:46:26Z
TSM,2007-12-26,5.96,5.96,5.85,5.89,8002228,9.94,9.94,9.76,9.83,4798600,2025-12-13T03:46:26Z
TSM,2007-12-27,5.88,6.01,5.86,6,8136233,9.8,10.03,9.77,10.01,4879000,2025-12-13T03:46:26Z
TSM,2007-12-28,5.94,5.95,5.83,5.9,14948888,9.9,9.92,9.73,9.84,8964200,2025-12-13T03:46:26Z
TSM,2007-12-31,5.97,6.01,5.94,5.97,11180194,9.96,10.03,9.91,9.95,6704300,2025-12-13T03:46:26Z
TSM,2008-01-02,5.74,5.94,5.69,5.9,21650775,9.57,9.9,9.49,9.84,12983000,2025-12-13T03:46:26Z
TSM,2008-01-03,5.66,5.78,5.64,5.7,17680154,9.44,9.64,9.4,9.5,10602100,2025-12-13T03:46:26Z
TSM,2008-01-04,5.36,5.67,5.34,5.64,34059404,8.93,9.46,8.9,9.4,20424200,2025-12-13T03:46:26Z
TSM,2008-01-07,5.25,5.4,5.17,5.4,29919260,8.75,9,8.63,9,17941300,2025-12-13T03:46:26Z
TSM,2008-01-08,5.25,5.38,5.22,5.25,31219820,8.76,8.97,8.7,8.76,18721200,2025-12-13T03:46:26Z
TSM,2008-01-09,5.43,5.48,5.28,5.29,33834297,9.06,9.14,8.81,8.83,20289000,2025-12-13T03:46:26Z
TSM,2008-01-10,5.44,5.45,5.33,5.37,26205745,9.08,9.09,8.88,8.95,15714500,2025-12-13T03:46:26Z
TSM,2008-01-11,5.33,5.38,5.29,5.38,24849978,8.89,8.98,8.83,8.98,14901600,2025-12-13T03:46:26Z
TSM,2008-01-14,5.43,5.45,5.36,5.42,24663414,9.05,9.09,8.93,9.04,14789600,2025-12-13T03:46:26Z
TSM,2008-01-15,5.26,5.46,5.25,5.43,28429043,8.77,9.1,8.76,9.05,17047700,2025-12-13T03:46:26Z
TSM,2008-01-16,5.09,5.24,4.96,5.22,27578884,8.48,8.73,8.28,8.7,16537900,2025-12-13T03:46:26Z
TSM,2008-01-17,5.03,5.26,5.01,5.13,31706769,8.39,8.77,8.35,8.55,19013100,2025-12-13T03:46:26Z
TSM,2008-01-18,5.18,5.3,5.08,5.15,27389989,8.64,8.84,8.47,8.59,16424800,2025-12-13T03:46:26Z
TSM,2008-01-22,4.79,4.96,4.53,4.69,33806208,7.99,8.28,7.56,7.82,20272300,2025-12-13T03:46:26Z
TSM,2008-01-23,5.13,5.17,4.62,4.72,43086664,8.56,8.63,7.7,7.88,25837400,2025-12-13T03:46:26Z
TSM,2008-01-24,5.21,5.34,5.12,5.19,28765049,8.69,8.9,8.54,8.66,17249100,2025-12-13T03:46:26Z
TSM,2008-01-25,5.22,5.43,5.21,5.23,32964443,8.7,9.05,8.69,8.72,19767300,2025-12-13T03:46:26Z
TSM,2008-01-28,5.22,5.25,5.08,5.16,19398147,8.7,8.75,8.48,8.61,11632200,2025-12-13T03:46:26Z
TSM,2008-01-29,5.34,5.38,5.25,5.36,19680388,8.9,8.97,8.76,8.94,11801600,2025-12-13T03:46:26Z
TSM,2008-01-30,5.33,5.49,5.26,5.34,30999438,8.89,9.16,8.78,8.91,18589200,2025-12-13T03:46:26Z
TSM,2008-01-31,5.55,5.62,5.27,5.49,36940799,9.25,9.37,8.79,9.16,22151700,2025-12-13T03:46:26Z
TSM,2008-02-01,5.85,5.87,5.65,5.67,38429843,9.75,9.79,9.42,9.45,23044900,2025-12-13T03:46:26Z
TSM,2008-02-04,5.86,5.89,5.76,5.89,19970077,9.77,9.83,9.61,9.82,11975300,2025-12-13T03:46:26Z
TSM,2008-02-05,5.48,5.79,5.48,5.79,34066260,9.14,9.65,9.14,9.65,20428200,2025-12-13T03:46:26Z
TSM,2008-02-06,5.46,5.62,5.46,5.48,19598614,9.11,9.38,9.1,9.14,11752500,2025-12-13T03:46:26Z
TSM,2008-02-07,5.55,5.62,5.36,5.46,28211765,9.25,9.37,8.94,9.1,16917300,2025-12-13T03:46:26Z
TSM,2008-02-08,5.54,5.59,5.45,5.46,15529682,9.24,9.33,9.08,9.1,9312600,2025-12-13T03:46:26Z
TSM,2008-02-11,5.65,5.67,5.5,5.55,18926049,9.42,9.45,9.18,9.25,11349200,2025-12-13T03:46:26Z
TSM,2008-02-12,5.72,5.78,5.65,5.67,17793258,9.54,9.64,9.42,9.45,10669800,2025-12-13T03:46:26Z
TSM,2008-02-13,5.82,5.83,5.7,5.76,17325979,9.71,9.72,9.51,9.6,10389700,2025-12-13T03:46:26Z
TSM,2008-02-14,5.82,5.92,5.79,5.79,33135954,9.7,9.88,9.66,9.66,19870300,2025-12-13T03:46:26Z
TSM,2008-02-15,5.82,5.9,5.73,5.75,20302000,9.71,9.84,9.56,9.59,12174300,2025-12-13T03:46:26Z
TSM,2008-02-19,5.88,5.96,5.86,5.87,32570094,9.81,9.93,9.77,9.78,19531100,2025-12-13T03:46:26Z
TSM,2008-02-20,5.86,5.88,5.76,5.84,21297657,9.77,9.8,9.6,9.74,12771400,2025-12-13T03:46:26Z
TSM,2008-02-21,5.76,5.96,5.73,5.91,30707425,9.6,9.94,9.55,9.85,18413900,2025-12-13T03:46:26Z
TSM,2008-02-22,5.8,5.83,5.68,5.78,21841743,9.68,9.73,9.47,9.63,13097600,2025-12-13T03:46:26Z
TSM,2008-02-25,5.92,5.94,5.77,5.85,22509256,9.87,9.9,9.62,9.76,13497800,2025-12-13T03:46:26Z
TSM,2008-02-26,6.07,6.11,5.9,5.96,26215595,10.13,10.19,9.84,9.93,15720300,2025-12-13T03:46:26Z
TSM,2008-02-27,6.14,6.18,6,6,23645302,10.24,10.3,10.01,10.01,14179100,2025-12-13T03:46:26Z
TSM,2008-02-28,6.01,6.12,6,6.09,21875526,10.03,10.21,10.01,10.15,13117900,2025-12-13T03:46:26Z
TSM,2008-02-29,5.84,5.99,5.83,5.94,15493248,9.74,9.98,9.72,9.91,9290700,2025-12-13T03:46:26Z
TSM,2008-03-03,5.77,5.89,5.7,5.89,24591209,9.63,9.83,9.5,9.83,14746300,2025-12-13T03:46:26Z
TSM,2008-03-04,6.01,6.03,5.85,5.92,46972899,10.02,10.06,9.75,9.87,28167800,2025-12-13T03:46:26Z
TSM,2008-03-05,6.18,6.23,6.11,6.12,34486866,10.3,10.39,10.19,10.2,20680400,2025-12-13T03:46:26Z
TSM,2008-03-06,6.1,6.27,6.08,6.18,32529327,10.17,10.46,10.14,10.3,19506400,2025-12-13T03:46:26Z
TSM,2008-03-07,6.04,6.19,5.96,6.07,38117449,10.07,10.32,9.93,10.13,22857600,2025-12-13T03:46:26Z
TSM,2008-03-10,5.96,6.06,5.91,6,35872115,9.94,10.1,9.85,10,21511000,2025-12-13T03:46:26Z
TSM,2008-03-11,6.31,6.31,6.07,6.07,39508200,10.52,10.52,10.12,10.12,23691400,2025-12-13T03:46:26Z
TSM,2008-03-12,6.16,6.3,6.17,6.24,20908530,10.28,10.51,10.28,10.4,12538000,2025-12-13T03:46:26Z
TSM,2008-03-13,6.11,6.17,5.9,6.09,34667679,10.19,10.28,9.84,10.15,20788700,2025-12-13T03:46:26Z
TSM,2008-03-14,5.92,6.12,5.87,6.1,25612689,9.88,10.2,9.78,10.17,15358800,2025-12-13T03:46:26Z
TSM,2008-03-17,5.82,5.91,5.71,5.71,27004312,9.7,9.85,9.52,9.53,16193400,2025-12-13T03:46:26Z
TSM,2008-03-18,6.09,6.09,5.88,5.99,26697507,10.15,10.15,9.8,9.98,16009300,2025-12-13T03:46:26Z
TSM,2008-03-19,5.87,6.12,5.86,6.06,22779630,9.79,10.21,9.77,10.1,13660100,2025-12-13T03:46:26Z
TSM,2008-03-20,6.19,6.24,5.98,5.99,29685446,10.32,10.41,9.97,9.99,17801200,2025-12-13T03:46:26Z
TSM,2008-03-24,6.66,6.7,6.51,6.55,37922639,11.1,11.17,10.85,10.93,22740600,2025-12-13T03:46:26Z
TSM,2008-03-25,6.57,6.66,6.52,6.66,30408292,10.95,11.1,10.88,11.1,18234700,2025-12-13T03:46:26Z
TSM,2008-03-26,6.43,6.57,6.39,6.57,42575800,10.73,10.95,10.65,10.95,25530800,2025-12-13T03:46:26Z
TSM,2008-03-27,6.19,6.41,6.12,6.41,59755441,10.32,10.69,10.2,10.69,35833000,2025-12-13T03:46:26Z
TSM,2008-03-28,6.1,6.21,6.04,6.21,40341640,10.17,10.36,10.08,10.35,24191100,2025-12-13T03:46:26Z
TSM,2008-03-31,6.16,6.22,6.09,6.09,37817480,10.27,10.37,10.16,10.16,22677600,2025-12-13T03:46:26Z
TSM,2008-04-01,6.36,6.39,6.18,6.18,34877075,10.6,10.65,10.3,10.3,20914400,2025-12-13T03:46:26Z
TSM,2008-04-02,6.28,6.42,6.26,6.39,33241050,10.47,10.7,10.44,10.65,19933200,2025-12-13T03:46:26Z
TSM,2008-04-03,6.39,6.42,6.21,6.21,25090455,10.66,10.7,10.35,10.35,15045800,2025-12-13T03:46:26Z
TSM,2008-04-04,6.25,6.38,6.24,6.34,29773462,10.43,10.64,10.4,10.58,17853800,2025-12-13T03:46:26Z
TSM,2008-04-07,6.29,6.38,6.24,6.26,28435930,10.49,10.64,10.4,10.44,17051800,2025-12-13T03:46:26Z
TSM,2008-04-08,6.2,6.3,6.19,6.24,25438351,10.34,10.51,10.32,10.4,15254400,2025-12-13T03:46:26Z
TSM,2008-04-09,6.11,6.22,6.09,6.19,21526155,10.19,10.37,10.15,10.32,12908300,2025-12-13T03:46:26Z
TSM,2008-04-10,6.3,6.37,6.18,6.18,39136008,10.51,10.63,10.31,10.31,23468200,2025-12-13T03:46:26Z
TSM,2008-04-11,6.16,6.27,6.14,6.24,26910934,10.28,10.46,10.24,10.4,16137400,2025-12-13T03:46:26Z
TSM,2008-04-14,6.12,6.22,6.12,6.22,29695482,10.2,10.37,10.2,10.37,17807100,2025-12-13T03:46:26Z
TSM,2008-04-15,6.21,6.23,6.15,6.23,28910110,10.36,10.39,10.26,10.39,17336300,2025-12-13T03:46:26Z
TSM,2008-04-16,6.57,6.57,6.37,6.38,27843834,10.96,10.96,10.62,10.64,16696900,2025-12-13T03:46:26Z
TSM,2008-04-17,6.55,6.58,6.45,6.51,23033007,10.92,10.97,10.76,10.86,13812000,2025-12-13T03:46:26Z
TSM,2008-04-18,6.64,6.71,6.56,6.62,22140166,11.07,11.19,10.94,11.04,13276500,2025-12-13T03:46:26Z
TSM,2008-04-21,6.64,6.67,6.56,6.63,14642210,11.07,11.12,10.94,11.06,8780300,2025-12-13T03:46:26Z
TSM,2008-04-22,6.45,6.63,6.42,6.63,29649326,10.76,11.06,10.7,11.06,17779400,2025-12-13T03:46:26Z
TSM,2008-04-23,6.39,6.45,6.32,6.44,26061836,10.66,10.75,10.54,10.74,15628300,2025-12-13T03:46:26Z
TSM,2008-04-24,6.43,6.49,6.28,6.36,20147078,10.73,10.82,10.47,10.6,12081300,2025-12-13T03:46:26Z
TSM,2008-04-25,6.43,6.45,6.28,6.42,18591350,10.73,10.75,10.48,10.7,11148400,2025-12-13T03:46:26Z
TSM,2008-04-28,6.54,6.6,6.48,6.48,20018814,10.91,11,10.8,10.8,12004500,2025-12-13T03:46:26Z
TSM,2008-04-29,6.49,6.56,6.46,6.51,24130741,10.83,10.94,10.77,10.85,14470200,2025-12-13T03:46:26Z
TSM,2008-04-30,6.74,6.79,6.58,6.58,31347829,11.24,11.32,10.97,10.97,18798100,2025-12-13T03:46:26Z
TSM,2008-05-01,6.79,6.82,6.69,6.75,23709779,11.32,11.37,11.15,11.25,14217700,2025-12-13T03:46:26Z
TSM,2008-05-02,6.77,6.81,6.69,6.79,21449198,11.29,11.36,11.15,11.33,12862300,2025-12-13T03:46:26Z
TSM,2008-05-05,6.68,6.75,6.63,6.75,11120489,11.14,11.25,11.05,11.25,6668500,2025-12-13T03:46:26Z
TSM,2008-05-06,6.89,6.91,6.64,6.66,30000637,11.49,11.52,11.07,11.1,17990200,2025-12-13T03:46:26Z
TSM,2008-05-07,6.68,6.84,6.66,6.84,22439090,11.14,11.4,11.1,11.4,13455800,2025-12-13T03:46:26Z
TSM,2008-05-08,6.62,6.72,6.58,6.66,21262864,11.04,11.21,10.98,11.11,12750400,2025-12-13T03:46:26Z
TSM,2008-05-09,6.57,6.64,6.51,6.58,18635151,10.96,11.08,10.85,10.98,11174800,2025-12-13T03:46:26Z
TSM,2008-05-12,6.74,6.79,6.58,6.6,16314192,11.24,11.32,10.98,11,9783000,2025-12-13T03:46:26Z
TSM,2008-05-13,6.84,6.89,6.73,6.78,25826879,11.41,11.49,11.22,11.3,15487300,2025-12-13T03:46:26Z
TSM,2008-05-14,6.78,6.86,6.76,6.85,18901428,11.3,11.44,11.27,11.42,11334500,2025-12-13T03:46:26Z
TSM,2008-05-15,6.87,6.89,6.74,6.81,16625271,11.45,11.49,11.24,11.36,9969500,2025-12-13T03:46:26Z
TSM,2008-05-16,6.99,7.02,6.85,6.85,17898908,11.65,11.7,11.43,11.43,10733200,2025-12-13T03:46:26Z
TSM,2008-05-19,6.93,7.13,6.93,6.93,28786853,11.56,11.89,11.55,11.56,17262400,2025-12-13T03:46:26Z
TSM,2008-05-20,6.75,6.93,6.71,6.84,23730180,11.26,11.55,11.19,11.4,14230100,2025-12-13T03:46:26Z
TSM,2008-05-21,6.69,6.81,6.65,6.73,15331707,11.15,11.36,11.09,11.23,9193800,2025-12-13T03:46:26Z
TSM,2008-05-22,6.72,6.78,6.65,6.65,14846395,11.2,11.31,11.09,11.09,8902800,2025-12-13T03:46:26Z
TSM,2008-05-23,6.53,6.67,6.46,6.67,21054755,10.89,11.12,10.78,11.12,12625700,2025-12-13T03:46:26Z
TSM,2008-05-27,6.76,6.8,6.56,6.59,24194917,11.28,11.34,10.94,10.99,14508800,2025-12-13T03:46:26Z
TSM,2008-05-28,6.92,6.99,6.78,6.83,32090573,11.54,11.65,11.3,11.39,19243500,2025-12-13T03:46:26Z
TSM,2008-05-29,6.93,6.94,6.75,6.87,27800980,11.55,11.57,11.26,11.45,16671200,2025-12-13T03:46:26Z
TSM,2008-05-30,6.87,6.89,6.8,6.88,29169225,11.45,11.49,11.34,11.47,17491600,2025-12-13T03:46:26Z
TSM,2008-06-02,6.87,6.94,6.76,6.76,20098909,11.45,11.58,11.27,11.27,12052500,2025-12-13T03:46:26Z
TSM,2008-06-03,6.79,6.87,6.76,6.8,26141498,11.33,11.45,11.27,11.34,15675900,2025-12-13T03:46:26Z
TSM,2008-06-04,6.94,6.96,6.75,6.76,26592260,11.58,11.61,11.26,11.27,15946400,2025-12-13T03:46:26Z
TSM,2008-06-05,7.14,7.18,6.9,6.9,34137767,11.9,11.97,11.51,11.51,20470900,2025-12-13T03:46:26Z
TSM,2008-06-06,6.96,7.08,6.94,7.06,29760771,11.6,11.8,11.58,11.77,17846200,2025-12-13T03:46:26Z
TSM,2008-06-09,6.74,6.88,6.67,6.85,24341715,11.24,11.48,11.13,11.43,14596800,2025-12-13T03:46:26Z
TSM,2008-06-10,6.56,6.65,6.51,6.65,21790950,10.94,11.09,10.85,11.09,13067200,2025-12-13T03:46:26Z
TSM,2008-06-11,6.55,6.76,6.54,6.63,35101322,10.92,11.28,10.9,11.06,21048900,2025-12-13T03:46:26Z
TSM,2008-06-12,6.62,6.73,6.57,6.62,25738931,11.04,11.23,10.96,11.04,15434500,2025-12-13T03:46:26Z
TSM,2008-06-13,6.73,6.81,6.62,6.62,20468041,11.23,11.36,11.04,11.04,12273900,2025-12-13T03:46:26Z
TSM,2008-06-16,6.76,6.79,6.66,6.67,14370075,11.27,11.33,11.1,11.13,8617200,2025-12-13T03:46:26Z
TSM,2008-06-17,6.69,6.8,6.68,6.75,19421354,11.16,11.34,11.14,11.26,11646200,2025-12-13T03:46:26Z
TSM,2008-06-18,6.63,6.71,6.6,6.69,26017233,11.06,11.19,11,11.16,15601400,2025-12-13T03:46:26Z
TSM,2008-06-19,6.67,6.74,6.55,6.63,28316446,11.13,11.24,10.93,11.05,16980200,2025-12-13T03:46:26Z
TSM,2008-06-20,6.48,6.58,6.42,6.56,29541370,10.8,10.98,10.71,10.94,17714700,2025-12-13T03:46:26Z
TSM,2008-06-23,6.52,6.57,6.46,6.5,19292934,10.88,10.96,10.77,10.84,11569200,2025-12-13T03:46:26Z
TSM,2008-06-24,6.55,6.63,6.42,6.42,24516500,10.93,11.05,10.71,10.71,14701600,2025-12-13T03:46:26Z
TSM,2008-06-25,6.83,6.91,6.69,6.69,42444557,11.39,11.53,11.15,11.15,25452200,2025-12-13T03:46:26Z
TSM,2008-06-26,6.46,6.72,6.45,6.61,27728376,10.77,11.2,10.76,11.03,16627500,2025-12-13T03:46:26Z
TSM,2008-06-27,6.52,6.57,6.39,6.41,28429461,10.87,10.95,10.66,10.69,17048000,2025-12-13T03:46:26Z
TSM,2008-06-30,6.54,6.63,6.51,6.58,24006900,10.91,11.06,10.86,10.98,14396000,2025-12-13T03:46:26Z
TSM,2008-07-01,6.54,6.58,6.39,6.4,33287646,10.91,10.97,10.66,10.68,19961300,2025-12-13T03:46:26Z
TSM,2008-07-02,6.36,6.49,6.34,6.49,50780577,10.6,10.83,10.58,10.83,30451100,2025-12-13T03:46:26Z
TSM,2008-07-03,6.15,6.26,6.01,6.26,42725314,10.25,10.44,10.02,10.44,25620600,2025-12-13T03:46:26Z
TSM,2008-07-07,6.09,6.3,6,6.15,33380497,10.16,10.51,10.01,10.26,20016800,2025-12-13T03:46:26Z
TSM,2008-07-08,6.1,6.12,6.03,6.07,38772051,10.18,10.2,10.06,10.13,23249900,2025-12-13T03:46:26Z
TSM,2008-07-09,5.96,6.17,5.96,6.15,27388113,9.94,10.29,9.94,10.25,16423500,2025-12-13T03:46:26Z
TSM,2008-07-10,6.09,6.09,5.97,6.03,25821504,10.15,10.15,9.95,10.05,15484000,2025-12-13T03:46:26Z
TSM,2008-07-11,6.18,6.22,6,6.17,43248162,10.3,10.38,10.01,10.28,25934200,2025-12-13T03:46:26Z
TSM,2008-07-14,6.03,6.19,6,6.17,25757356,10.05,10.32,10.01,10.29,15445700,2025-12-13T03:46:26Z
TSM,2008-07-15,5.87,6.01,5.76,5.87,42819224,9.79,10.02,9.6,9.79,25677100,2025-12-13T03:46:26Z
TSM,2008-07-16,6.23,6.27,5.84,6,48664827,9.86,9.93,9.25,9.49,30746200,2025-12-13T03:46:26Z
TSM,2008-07-17,6.55,6.64,6.25,6.27,47719721,10.36,10.51,9.9,9.92,30149100,2025-12-13T03:46:26Z
TSM,2008-07-18,6.47,6.54,6.39,6.48,25665765,10.24,10.36,10.12,10.25,16215300,2025-12-13T03:46:26Z
TSM,2008-07-21,6.56,6.68,6.48,6.52,17470783,10.38,10.58,10.25,10.32,11037900,2025-12-13T03:46:26Z
TSM,2008-07-22,6.27,6.35,6.14,6.35,31602689,9.92,10.05,9.72,10.05,19966400,2025-12-13T03:46:26Z
TSM,2008-07-23,6.41,6.47,6.22,6.3,33817621,10.14,10.24,9.85,9.98,21365800,2025-12-13T03:46:26Z
TSM,2008-07-24,6.24,6.42,6.23,6.38,25454760,9.88,10.16,9.86,10.09,16082100,2025-12-13T03:46:26Z
TSM,2008-07-25,6.33,6.38,6.24,6.32,13619792,10.02,10.1,9.87,10.01,8604800,2025-12-13T03:46:26Z
TSM,2008-07-28,6.17,6.36,6.15,6.36,13755177,9.77,10.07,9.74,10.07,8690400,2025-12-13T03:46:26Z
TSM,2008-07-29,6.22,6.25,6.04,6.09,30214694,9.84,9.89,9.56,9.64,19089300,2025-12-13T03:46:26Z
TSM,2008-07-30,6.19,6.3,6.17,6.25,24933368,9.8,9.98,9.77,9.9,15752800,2025-12-13T03:46:26Z
TSM,2008-07-31,6,6.12,5.98,6.1,38192312,9.5,9.68,9.46,9.65,24129500,2025-12-13T03:46:26Z
TSM,2008-08-01,6.03,6.13,5.96,6.1,13181544,9.54,9.7,9.43,9.65,8328000,2025-12-13T03:46:26Z
TSM,2008-08-04,5.93,6.03,5.91,6.03,18014871,9.39,9.54,9.36,9.54,11381600,2025-12-13T03:46:26Z
TSM,2008-08-05,6.19,6.22,5.97,6.03,27795259,9.79,9.85,9.45,9.54,17560700,2025-12-13T03:46:26Z
TSM,2008-08-06,6.48,6.52,6.22,6.22,33619759,10.25,10.32,9.85,9.85,21240800,2025-12-13T03:46:26Z
TSM,2008-08-07,6.53,6.53,6.32,6.38,30323089,10.34,10.34,10.01,10.09,19157800,2025-12-13T03:46:26Z
TSM,2008-08-08,6.64,6.7,6.41,6.52,38196311,10.51,10.6,10.15,10.32,24132000,2025-12-13T03:46:26Z
TSM,2008-08-11,6.74,6.8,6.56,6.63,21997021,10.67,10.77,10.39,10.5,13897500,2025-12-13T03:46:26Z
TSM,2008-08-12,6.72,6.77,6.65,6.72,30178191,10.63,10.72,10.52,10.64,19066200,2025-12-13T03:46:26Z
TSM,2008-08-13,6.57,6.63,6.41,6.41,59823820,10.4,10.5,10.15,10.15,37796000,2025-12-13T03:46:26Z
TSM,2008-08-14,6.63,6.66,6.54,6.63,16897011,10.49,10.54,10.35,10.5,10675400,2025-12-13T03:46:26Z
TSM,2008-08-15,6.68,6.7,6.51,6.69,18310253,10.57,10.6,10.3,10.59,11568200,2025-12-13T03:46:26Z
TSM,2008-08-18,6.54,6.68,6.51,6.68,20319176,10.35,10.57,10.3,10.57,12837400,2025-12-13T03:46:26Z
TSM,2008-08-19,6.44,6.5,6.41,6.47,21803778,10.2,10.28,10.15,10.24,13775500,2025-12-13T03:46:26Z
TSM,2008-08-20,6.46,6.52,6.37,6.46,30339958,10.22,10.32,10.08,10.23,19168500,2025-12-13T03:46:26Z
TSM,2008-08-21,6.44,6.47,6.34,6.47,19884641,10.2,10.24,10.04,10.24,12563000,2025-12-13T03:46:26Z
TSM,2008-08-22,6.47,6.51,6.42,6.46,16261331,10.24,10.3,10.17,10.22,10273700,2025-12-13T03:46:26Z
TSM,2008-08-25,6.38,6.48,6.38,6.41,24424808,10.1,10.26,10.1,10.15,15431400,2025-12-13T03:46:26Z
TSM,2008-08-26,6.36,6.45,6.32,6.32,35832202,10.06,10.21,10.01,10.01,22638400,2025-12-13T03:46:26Z
TSM,2008-08-27,6.41,6.46,6.38,6.39,21262282,10.14,10.22,10.09,10.12,13433400,2025-12-13T03:46:26Z
TSM,2008-08-28,6.36,6.44,6.3,6.4,26134347,10.06,10.19,9.97,10.13,16511400,2025-12-13T03:46:26Z
TSM,2008-08-29,6.13,6.29,6.1,6.29,26566341,9.71,9.96,9.65,9.96,16784400,2025-12-13T03:46:26Z
TSM,2008-09-02,5.91,6.01,5.83,5.98,39734572,9.36,9.52,9.23,9.46,25104100,2025-12-13T03:46:26Z
TSM,2008-09-03,5.73,5.93,5.71,5.93,31261053,9.07,9.38,9.04,9.38,19750300,2025-12-13T03:46:26Z
TSM,2008-09-04,5.46,5.66,5.45,5.65,39609716,8.65,8.96,8.62,8.95,25025100,2025-12-13T03:46:26Z
TSM,2008-09-05,5.71,5.74,5.46,5.5,40651537,9.03,9.09,8.65,8.7,25683400,2025-12-13T03:46:26Z
TSM,2008-09-08,5.91,6.01,5.78,5.97,47037758,9.35,9.51,9.14,9.45,29717800,2025-12-13T03:46:26Z
TSM,2008-09-09,5.55,5.84,5.55,5.84,53430567,8.78,9.24,8.78,9.24,33756800,2025-12-13T03:46:26Z
TSM,2008-09-10,5.68,5.79,5.59,5.72,27871246,8.99,9.16,8.85,9.06,17608800,2025-12-13T03:46:26Z
TSM,2008-09-11,5.56,5.58,5.38,5.51,31470311,8.8,8.83,8.52,8.72,19882800,2025-12-13T03:46:26Z
TSM,2008-09-12,5.74,5.78,5.42,5.56,35245871,9.09,9.15,8.58,8.8,22268100,2025-12-13T03:46:26Z
TSM,2008-09-15,5.56,5.66,5.46,5.54,31122255,8.8,8.96,8.65,8.76,19662900,2025-12-13T03:46:26Z
TSM,2008-09-16,5.7,5.75,5.4,5.52,41221533,9.02,9.1,8.55,8.73,26043600,2025-12-13T03:46:26Z
TSM,2008-09-17,5.6,5.75,5.53,5.58,32634657,8.86,9.1,8.75,8.83,20618400,2025-12-13T03:46:26Z
TSM,2008-09-18,5.92,6,5.6,5.65,32856333,9.37,9.5,8.86,8.95,20758400,2025-12-13T03:46:26Z
TSM,2008-09-19,6.31,6.34,6.07,6.24,40944699,9.98,10.03,9.6,9.88,25868600,2025-12-13T03:46:26Z
TSM,2008-09-22,6.08,6.31,6.01,6.22,34211480,9.62,9.99,9.52,9.85,21614400,2025-12-13T03:46:26Z
TSM,2008-09-23,5.88,6.14,5.87,6.09,43422240,9.31,9.72,9.29,9.64,27433900,2025-12-13T03:46:26Z
TSM,2008-09-24,5.96,6.08,5.86,5.98,30681451,9.43,9.62,9.27,9.47,19384300,2025-12-13T03:46:26Z
TSM,2008-09-25,6.04,6.07,5.95,6,37617166,9.56,9.61,9.42,9.5,23766100,2025-12-13T03:46:26Z
TSM,2008-09-26,5.84,6,5.84,5.95,34276171,9.25,9.49,9.24,9.41,21655500,2025-12-13T03:46:26Z
TSM,2008-09-29,5.5,5.84,5.44,5.71,30104473,8.7,9.25,8.61,9.04,19019800,2025-12-13T03:46:26Z
TSM,2008-09-30,5.92,5.92,5.59,5.6,24322048,9.37,9.37,8.85,8.86,15366500,2025-12-13T03:46:26Z
TSM,2008-10-01,5.89,5.94,5.72,5.83,29906052,9.32,9.4,9.06,9.22,18894400,2025-12-13T03:46:26Z
TSM,2008-10-02,5.55,5.88,5.44,5.88,28769295,8.78,9.31,8.61,9.31,18176100,2025-12-13T03:46:26Z
TSM,2008-10-03,5.34,5.74,5.3,5.57,33586476,8.45,9.09,8.39,8.82,21219500,2025-12-13T03:46:26Z
TSM,2008-10-06,5.33,5.44,5.06,5.22,32145058,8.44,8.61,8.01,8.27,20308900,2025-12-13T03:46:26Z
TSM,2008-10-07,5.05,5.46,5.05,5.33,33042440,8,8.64,8,8.43,20875800,2025-12-13T03:46:26Z
TSM,2008-10-08,5.17,5.34,4.9,5,45153102,8.19,8.45,7.75,7.92,28527500,2025-12-13T03:46:26Z
TSM,2008-10-09,4.76,5.43,4.61,5.31,28858935,7.54,8.6,7.3,8.41,18232800,2025-12-13T03:46:26Z
TSM,2008-10-10,5.21,5.34,4.58,4.67,35417879,8.25,8.45,7.25,7.4,22376800,2025-12-13T03:46:26Z
TSM,2008-10-13,5.5,5.79,5.08,5.46,34972047,8.7,9.17,8.04,8.64,22095100,2025-12-13T03:46:26Z
TSM,2008-10-14,5.28,5.78,5.16,5.69,38482177,8.35,9.14,8.17,9.01,24312900,2025-12-13T03:46:26Z
TSM,2008-10-15,4.77,5.2,4.74,5.16,38619280,7.55,8.23,7.5,8.16,24399200,2025-12-13T03:46:26Z
TSM,2008-10-16,4.74,4.88,4.54,4.85,55516040,7.51,7.72,7.19,7.68,35074900,2025-12-13T03:46:26Z
TSM,2008-10-17,4.89,5.05,4.61,4.62,45783299,7.74,8,7.3,7.32,28925700,2025-12-13T03:46:26Z
TSM,2008-10-20,5.02,5.03,4.75,4.85,20815039,7.94,7.96,7.52,7.68,13150700,2025-12-13T03:46:26Z
TSM,2008-10-21,4.68,4.91,4.67,4.85,20490115,7.4,7.77,7.39,7.68,12945600,2025-12-13T03:46:26Z
TSM,2008-10-22,4.35,4.61,4.29,4.58,32020402,6.88,7.3,6.79,7.25,20230100,2025-12-13T03:46:26Z
TSM,2008-10-23,4.38,4.49,4.25,4.35,34153138,6.94,7.1,6.72,6.88,21577500,2025-12-13T03:46:26Z
TSM,2008-10-24,4.08,4.39,3.92,4.01,36855589,6.46,6.95,6.21,6.34,23285200,2025-12-13T03:46:26Z
TSM,2008-10-27,4.02,4.25,3.99,4.11,41352662,6.36,6.72,6.31,6.5,26126300,2025-12-13T03:46:26Z
TSM,2008-10-28,4.86,4.87,4.17,4.2,50604927,7.7,7.71,6.6,6.65,31971800,2025-12-13T03:46:26Z
TSM,2008-10-29,4.64,4.93,4.55,4.66,48521906,7.34,7.81,7.2,7.38,30655400,2025-12-13T03:46:26Z
TSM,2008-10-30,5,5.04,4.68,4.76,37292147,7.91,7.98,7.41,7.54,23561000,2025-12-13T03:46:26Z
TSM,2008-10-31,5.22,5.36,4.89,4.99,28660236,8.26,8.48,7.74,7.89,18107300,2025-12-13T03:46:26Z
TSM,2008-11-03,5.09,5.24,5.02,5.21,35958694,8.05,8.3,7.95,8.25,22718300,2025-12-13T03:46:26Z
TSM,2008-11-04,5.29,5.34,5.16,5.2,24278161,8.38,8.45,8.16,8.23,15338700,2025-12-13T03:46:26Z
TSM,2008-11-05,4.9,5.21,4.9,5.21,25154986,7.76,8.24,7.76,8.24,15892700,2025-12-13T03:46:26Z
TSM,2008-11-06,4.66,4.89,4.56,4.77,29716153,7.37,7.74,7.22,7.55,18774400,2025-12-13T03:46:26Z
TSM,2008-11-07,4.92,4.94,4.62,4.69,21534327,7.78,7.82,7.31,7.43,13605100,2025-12-13T03:46:26Z
TSM,2008-11-10,4.84,4.92,4.75,4.81,19247896,7.66,7.79,7.51,7.61,12160600,2025-12-13T03:46:26Z
TSM,2008-11-11,4.68,4.92,4.66,4.71,16653442,7.4,7.78,7.37,7.46,10521600,2025-12-13T03:46:26Z
TSM,2008-11-12,4.49,4.87,4.46,4.65,22108022,7.1,7.7,7.06,7.36,13967600,2025-12-13T03:46:26Z
TSM,2008-11-13,4.74,4.78,4.18,4.44,30740125,7.5,7.56,6.61,7.03,19421200,2025-12-13T03:46:26Z
TSM,2008-11-14,4.4,4.62,4.31,4.57,27412806,6.96,7.32,6.82,7.24,17319300,2025-12-13T03:46:26Z
TSM,2008-11-17,4.25,4.36,4.16,4.32,26392333,6.72,6.9,6.59,6.84,16674300,2025-12-13T03:46:26Z
TSM,2008-11-18,4.11,4.25,3.95,4.2,28774048,6.5,6.73,6.25,6.65,18179000,2025-12-13T03:46:26Z
TSM,2008-11-19,3.87,4.09,3.87,4.04,22017446,6.13,6.48,6.13,6.4,13910500,2025-12-13T03:46:26Z
TSM,2008-11-20,3.7,3.99,3.68,3.8,25184754,5.85,6.32,5.83,6.01,15911600,2025-12-13T03:46:26Z
TSM,2008-11-21,4.11,4.12,3.73,3.9,37466453,6.51,6.52,5.91,6.17,23671200,2025-12-13T03:46:26Z
TSM,2008-11-24,4.23,4.34,3.9,3.9,31398672,6.7,6.87,6.18,6.18,19837400,2025-12-13T03:46:26Z
TSM,2008-11-25,4.2,4.3,4.08,4.3,20078683,6.65,6.81,6.45,6.8,12685500,2025-12-13T03:46:26Z
TSM,2008-11-26,4.54,4.58,4.06,4.17,19711958,7.19,7.25,6.43,6.6,12453900,2025-12-13T03:46:26Z
TSM,2008-11-28,4.52,4.64,4.33,4.33,11334300,7.15,7.35,6.86,6.86,7160900,2025-12-13T03:46:26Z
TSM,2008-12-01,4.15,4.34,4.14,4.26,23881759,6.57,6.87,6.55,6.74,15088400,2025-12-13T03:46:26Z
TSM,2008-12-02,4.01,4.21,3.9,4.13,26150918,6.34,6.67,6.17,6.53,16522100,2025-12-13T03:46:26Z
TSM,2008-12-03,4.13,4.18,3.81,3.97,25963258,6.54,6.61,6.03,6.28,16403300,2025-12-13T03:46:26Z
TSM,2008-12-04,4.06,4.14,3.97,4.04,23229982,6.42,6.55,6.29,6.39,14676500,2025-12-13T03:46:26Z
TSM,2008-12-05,4.25,4.26,3.97,3.97,13793441,6.72,6.74,6.28,6.28,8714500,2025-12-13T03:46:26Z
TSM,2008-12-08,4.38,4.49,4.26,4.33,27684974,6.94,7.1,6.75,6.86,17491000,2025-12-13T03:46:26Z
TSM,2008-12-09,4.5,4.71,4.25,4.36,31429959,7.13,7.46,6.73,6.9,19857300,2025-12-13T03:46:26Z
TSM,2008-12-10,4.74,4.78,4.59,4.68,26610089,7.5,7.57,7.26,7.41,16811900,2025-12-13T03:46:26Z
TSM,2008-12-11,4.61,4.84,4.56,4.79,22655308,7.3,7.66,7.22,7.58,14313500,2025-12-13T03:46:26Z
TSM,2008-12-12,4.89,4.93,4.38,4.52,36084598,7.74,7.8,6.93,7.15,22798100,2025-12-13T03:46:26Z
TSM,2008-12-15,4.85,4.9,4.68,4.88,22249616,7.67,7.75,7.41,7.73,14057000,2025-12-13T03:46:26Z
TSM,2008-12-16,5.3,5.32,4.67,4.73,38996478,8.39,8.42,7.4,7.48,24637500,2025-12-13T03:46:26Z
TSM,2008-12-17,5.17,5.24,5.09,5.12,28719923,8.19,8.29,8.06,8.11,18145100,2025-12-13T03:46:26Z
TSM,2008-12-18,4.97,5.28,4.85,5.28,18508409,7.86,8.35,7.68,8.35,11693500,2025-12-13T03:46:26Z
TSM,2008-12-19,4.92,5.07,4.87,4.97,17687954,7.79,8.03,7.7,7.86,11175200,2025-12-13T03:46:26Z
TSM,2008-12-22,4.76,4.93,4.74,4.88,18982963,7.53,7.8,7.5,7.72,11993300,2025-12-13T03:46:26Z
TSM,2008-12-23,4.76,4.86,4.66,4.78,20260913,7.53,7.69,7.37,7.57,12800700,2025-12-13T03:46:26Z
TSM,2008-12-24,4.74,4.83,4.71,4.74,4589365,7.5,7.64,7.45,7.5,2899500,2025-12-13T03:46:26Z
TSM,2008-12-26,4.78,4.8,4.65,4.65,4010220,7.56,7.6,7.36,7.36,2533600,2025-12-13T03:46:26Z
TSM,2008-12-29,4.85,4.85,4.76,4.85,9352531,7.67,7.68,7.53,7.67,5908800,2025-12-13T03:46:26Z
TSM,2008-12-30,5.02,5.05,4.85,4.85,9175414,7.95,8,7.67,7.67,5796900,2025-12-13T03:46:26Z
TSM,2008-12-31,4.99,5.1,4.9,4.92,7074244,7.9,8.07,7.76,7.78,4469400,2025-12-13T03:46:26Z
TSM,2009-01-02,5.19,5.24,4.91,4.91,15571514,8.22,8.29,7.77,7.77,9837900,2025-12-13T03:46:26Z
TSM,2009-01-05,5.09,5.24,5.01,5.11,21269209,8.06,8.29,7.93,8.08,13437600,2025-12-13T03:46:26Z
TSM,2009-01-06,5.31,5.35,5.02,5.11,26969586,8.4,8.47,7.95,8.08,17039000,2025-12-13T03:46:26Z
TSM,2009-01-07,4.87,5.04,4.83,5,34249361,7.71,7.97,7.65,7.92,21638400,2025-12-13T03:46:26Z
TSM,2009-01-08,4.76,4.79,4.62,4.74,25942461,7.54,7.58,7.32,7.5,16390200,2025-12-13T03:46:26Z
TSM,2009-01-09,4.73,4.8,4.57,4.7,28424359,7.49,7.6,7.24,7.44,17958200,2025-12-13T03:46:26Z
TSM,2009-01-12,4.64,4.88,4.59,4.63,35094548,7.34,7.73,7.26,7.33,22172200,2025-12-13T03:46:26Z
TSM,2009-01-13,4.85,4.94,4.72,4.79,25017642,7.67,7.82,7.47,7.59,15805800,2025-12-13T03:46:26Z
TSM,2009-01-14,4.66,4.76,4.6,4.75,15691421,7.37,7.53,7.28,7.51,9913700,2025-12-13T03:46:26Z
TSM,2009-01-15,4.66,4.75,4.48,4.63,41849911,7.37,7.52,7.09,7.33,26440400,2025-12-13T03:46:26Z
TSM,2009-01-16,4.71,4.85,4.61,4.75,23308236,7.45,7.67,7.29,7.51,14725800,2025-12-13T03:46:26Z
TSM,2009-01-20,4.42,4.55,4.41,4.48,25518515,6.99,7.2,6.98,7.09,16122300,2025-12-13T03:46:26Z
TSM,2009-01-21,4.52,4.55,4.35,4.47,37021940,7.15,7.21,6.89,7.08,23390100,2025-12-13T03:46:26Z
TSM,2009-01-22,4.71,4.88,4.23,4.27,86611547,7.45,7.72,6.7,6.76,54719900,2025-12-13T03:46:26Z
TSM,2009-01-23,4.88,4.99,4.52,4.56,45273918,7.72,7.89,7.16,7.22,28603500,2025-12-13T03:46:26Z
TSM,2009-01-26,4.83,4.97,4.58,4.97,26507190,7.65,7.87,7.25,7.87,16747000,2025-12-13T03:46:26Z
TSM,2009-01-27,4.99,5.05,4.81,4.81,32225371,7.9,8,7.61,7.62,20359500,2025-12-13T03:46:26Z
TSM,2009-01-28,5.13,5.18,5.04,5.05,41501415,8.12,8.2,7.98,8,26220000,2025-12-13T03:46:26Z
TSM,2009-01-29,4.85,5.07,4.83,5.07,31480529,7.68,8.02,7.64,8.02,19889300,2025-12-13T03:46:26Z
TSM,2009-01-30,4.76,4.96,4.76,4.84,18658400,7.54,7.85,7.54,7.66,11788200,2025-12-13T03:46:26Z
TSM,2009-02-02,4.74,4.78,4.61,4.74,28081302,7.51,7.57,7.3,7.5,17741700,2025-12-13T03:46:26Z
TSM,2009-02-03,4.93,4.95,4.72,4.72,39177906,7.8,7.84,7.47,7.47,24752400,2025-12-13T03:46:26Z
TSM,2009-02-04,5.01,5.09,4.8,4.84,51338364,7.93,8.05,7.6,7.66,32435100,2025-12-13T03:46:26Z
TSM,2009-02-05,5.12,5.17,4.83,4.9,43088350,8.11,8.19,7.64,7.75,27222700,2025-12-13T03:46:26Z
TSM,2009-02-06,5.49,5.58,5.12,5.18,66105756,8.69,8.84,8.11,8.2,41765300,2025-12-13T03:46:26Z
TSM,2009-02-09,5.36,5.48,5.27,5.48,34742534,8.49,8.68,8.34,8.68,21950000,2025-12-13T03:46:26Z
TSM,2009-02-10,5.13,5.37,5.07,5.28,34371464,8.12,8.5,8.02,8.35,21715400,2025-12-13T03:46:26Z
TSM,2009-02-11,5.25,5.36,5.19,5.24,32658008,8.31,8.48,8.22,8.3,20633100,2025-12-13T03:46:26Z
TSM,2009-02-12,5.3,5.31,5.08,5.12,35076965,8.39,8.4,8.04,8.1,22161200,2025-12-13T03:46:26Z
TSM,2009-02-13,5.24,5.33,5.21,5.24,17974776,8.29,8.43,8.25,8.3,11356200,2025-12-13T03:46:26Z
TSM,2009-02-17,4.88,5.11,4.83,5.11,32157802,7.72,8.09,7.64,8.09,20316900,2025-12-13T03:46:26Z
TSM,2009-02-18,5.04,5.05,4.88,5,29158543,7.97,8,7.72,7.92,18422200,2025-12-13T03:46:26Z
TSM,2009-02-19,4.82,5.15,4.8,5.09,30988663,7.63,8.15,7.6,8.05,19578500,2025-12-13T03:46:26Z
TSM,2009-02-20,4.74,4.79,4.59,4.77,31493540,7.5,7.59,7.26,7.55,19897200,2025-12-13T03:46:26Z
TSM,2009-02-23,4.64,4.92,4.62,4.84,30526380,7.34,7.79,7.32,7.66,19286100,2025-12-13T03:46:26Z
TSM,2009-02-24,4.83,4.87,4.58,4.67,38783258,7.64,7.71,7.25,7.4,24503000,2025-12-13T03:46:26Z
TSM,2009-02-25,4.82,4.93,4.71,4.71,58242263,7.63,7.8,7.45,7.45,36797200,2025-12-13T03:46:26Z
TSM,2009-02-26,4.85,5.08,4.81,4.84,39118585,7.68,8.04,7.61,7.66,24715000,2025-12-13T03:46:26Z
TSM,2009-02-27,4.76,4.85,4.71,4.78,36353667,7.54,7.68,7.46,7.56,22967900,2025-12-13T03:46:26Z
TSM,2009-03-02,4.71,4.95,4.65,4.65,37032521,7.45,7.83,7.36,7.36,23396600,2025-12-13T03:46:26Z
TSM,2009-03-03,4.92,5,4.74,4.74,47119706,7.78,7.91,7.5,7.5,29769600,2025-12-13T03:46:26Z
TSM,2009-03-04,5.08,5.21,5.06,5.06,37837985,8.04,8.25,8.01,8.01,23905700,2025-12-13T03:46:26Z
TSM,2009-03-05,5.11,5.21,4.98,5.09,43513508,8.09,8.25,7.88,8.06,27491500,2025-12-13T03:46:26Z
TSM,2009-03-06,5.21,5.34,5.06,5.22,46289459,8.25,8.46,8.01,8.26,29245400,2025-12-13T03:46:26Z
TSM,2009-03-09,4.89,5.29,4.88,5.18,50543221,7.74,8.38,7.73,8.2,31933000,2025-12-13T03:46:26Z
TSM,2009-03-10,5.28,5.31,5.01,5.05,45388991,8.35,8.4,7.93,8,28676600,2025-12-13T03:46:26Z
TSM,2009-03-11,5.47,5.53,5.26,5.29,34881218,8.66,8.75,8.32,8.37,22037600,2025-12-13T03:46:26Z
TSM,2009-03-12,5.6,5.64,5.35,5.5,35847725,8.86,8.93,8.47,8.7,22648400,2025-12-13T03:46:26Z
TSM,2009-03-13,5.57,5.74,5.48,5.68,50147721,8.82,9.09,8.67,8.99,31682900,2025-12-13T03:46:26Z
TSM,2009-03-16,5.52,5.69,5.48,5.62,29971653,8.73,9,8.68,8.89,18935700,2025-12-13T03:46:26Z
TSM,2009-03-17,5.67,5.69,5.45,5.47,30919467,8.98,9,8.63,8.66,19534700,2025-12-13T03:46:26Z
TSM,2009-03-18,5.74,5.83,5.48,5.53,44282866,9.08,9.22,8.68,8.75,27977700,2025-12-13T03:46:26Z
TSM,2009-03-19,5.55,5.69,5.46,5.63,39582729,8.78,9,8.64,8.91,25007900,2025-12-13T03:46:26Z
TSM,2009-03-20,5.38,5.6,5.35,5.53,27172703,8.52,8.86,8.47,8.75,17167600,2025-12-13T03:46:26Z
TSM,2009-03-23,5.86,5.87,5.56,5.56,42991741,9.28,9.29,8.8,8.8,27161700,2025-12-13T03:46:26Z
TSM,2009-03-24,5.76,5.86,5.73,5.8,30251225,9.11,9.28,9.07,9.18,19112400,2025-12-13T03:46:26Z
TSM,2009-03-25,5.69,5.93,5.6,5.73,31385108,9.01,9.38,8.86,9.07,19828700,2025-12-13T03:46:26Z
TSM,2009-03-26,5.89,5.89,5.59,5.73,34985413,9.32,9.32,8.85,9.07,22103500,2025-12-13T03:46:26Z
TSM,2009-03-27,5.84,5.88,5.75,5.88,21439404,9.25,9.31,9.1,9.3,13545300,2025-12-13T03:46:26Z
TSM,2009-03-30,5.62,5.8,5.54,5.71,24587025,8.89,9.18,8.76,9.03,15533800,2025-12-13T03:46:26Z
TSM,2009-03-31,5.65,5.78,5.64,5.69,28463673,8.95,9.14,8.93,9.01,17983000,2025-12-13T03:46:26Z
TSM,2009-04-01,5.93,6,5.55,5.64,42421780,9.38,9.5,8.78,8.92,26801700,2025-12-13T03:46:26Z
TSM,2009-04-02,6.47,6.53,6.06,6.08,69811964,10.24,10.34,9.59,9.63,44106300,2025-12-13T03:46:26Z
TSM,2009-04-03,6.5,6.5,6.23,6.39,42812451,10.29,10.29,9.86,10.12,27048400,2025-12-13T03:46:26Z
TSM,2009-04-06,6.19,6.32,6.08,6.25,35604220,9.8,10,9.62,9.89,22494600,2025-12-13T03:46:26Z
TSM,2009-04-07,5.96,6.22,5.93,6.22,45424092,9.44,9.84,9.39,9.84,28698500,2025-12-13T03:46:26Z
TSM,2009-04-08,6.06,6.08,5.88,5.98,34743313,9.59,9.63,9.31,9.46,21950600,2025-12-13T03:46:26Z
TSM,2009-04-09,6.2,6.32,6.11,6.28,35100303,9.82,10,9.67,9.94,22176100,2025-12-13T03:46:26Z
TSM,2009-04-13,6.31,6.33,6.03,6.25,24369506,9.98,10.02,9.55,9.9,15396500,2025-12-13T03:46:26Z
TSM,2009-04-14,6.17,6.31,6.08,6.28,35995016,9.76,9.99,9.63,9.94,22741400,2025-12-13T03:46:26Z
TSM,2009-04-15,6.06,6.11,5.95,6.07,26844688,9.59,9.67,9.42,9.6,16960300,2025-12-13T03:46:26Z
TSM,2009-04-16,6.06,6.15,5.89,6.03,36968564,9.59,9.74,9.32,9.55,23356500,2025-12-13T03:46:26Z
TSM,2009-04-17,6.07,6.1,5.84,6.01,27167817,9.6,9.66,9.24,9.51,17164400,2025-12-13T03:46:26Z
TSM,2009-04-20,5.81,6.05,5.76,6.05,35566052,9.2,9.57,9.11,9.57,22470400,2025-12-13T03:46:26Z
TSM,2009-04-21,5.8,5.98,5.69,5.79,38861072,9.18,9.46,9.01,9.16,24551900,2025-12-13T03:46:26Z
TSM,2009-04-22,5.85,5.98,5.68,5.8,38425264,9.26,9.47,8.99,9.18,24276800,2025-12-13T03:46:26Z
TSM,2009-04-23,5.79,5.98,5.74,5.89,34115217,9.17,9.47,9.09,9.32,21553600,2025-12-13T03:46:26Z
TSM,2009-04-24,5.73,5.93,5.69,5.83,35051261,9.07,9.38,9.01,9.23,22144900,2025-12-13T03:46:26Z
TSM,2009-04-27,5.77,5.92,5.65,5.71,24469515,9.14,9.37,8.94,9.04,15459700,2025-12-13T03:46:26Z
TSM,2009-04-28,5.86,5.9,5.72,5.72,21283315,9.27,9.34,9.05,9.06,13446600,2025-12-13T03:46:26Z
TSM,2009-04-29,6.37,6.51,6.1,6.16,67453927,10.08,10.3,9.65,9.75,42617100,2025-12-13T03:46:26Z
TSM,2009-04-30,6.68,6.79,6.53,6.6,51839693,10.57,10.74,10.34,10.45,32751700,2025-12-13T03:46:26Z
TSM,2009-05-01,6.81,6.81,6.56,6.74,30842034,10.78,10.78,10.39,10.66,19485700,2025-12-13T03:46:26Z
TSM,2009-05-04,7.48,7.58,6.92,6.94,75537059,11.84,12,10.96,10.99,47723600,2025-12-13T03:46:26Z
TSM,2009-05-05,7.05,7.18,6.92,7.15,62401222,11.16,11.36,10.96,11.31,39424600,2025-12-13T03:46:26Z
TSM,2009-05-06,6.98,7.01,6.82,6.82,42747147,11.05,11.1,10.8,10.8,27007300,2025-12-13T03:46:26Z
TSM,2009-05-07,6.56,6.96,6.48,6.92,49526096,10.39,11.02,10.25,10.96,31290100,2025-12-13T03:46:26Z
TSM,2009-05-08,6.6,6.73,6.48,6.65,29170237,10.44,10.65,10.25,10.52,18429500,2025-12-13T03:46:26Z
TSM,2009-05-11,6.55,6.64,6.19,6.47,31580563,10.37,10.51,9.8,10.24,19952400,2025-12-13T03:46:26Z
TSM,2009-05-12,6.41,6.58,6.29,6.54,35094238,10.15,10.42,9.95,10.36,22172300,2025-12-13T03:46:26Z
TSM,2009-05-13,6.32,6.45,5.88,6.36,23655079,10.01,10.21,9.3,10.06,14945000,2025-12-13T03:46:26Z
TSM,2009-05-14,6.51,6.55,6.3,6.33,25936296,10.3,10.37,9.97,10.02,16386200,2025-12-13T03:46:26Z
TSM,2009-05-15,6.33,6.59,6.32,6.51,23144213,10.02,10.43,10,10.31,14622200,2025-12-13T03:46:26Z
TSM,2009-05-18,6.67,6.68,6.42,6.42,19020358,10.55,10.58,10.17,10.17,12016900,2025-12-13T03:46:26Z
TSM,2009-05-19,6.72,6.83,6.53,6.67,26759467,10.64,10.81,10.34,10.56,16906500,2025-12-13T03:46:26Z
TSM,2009-05-20,6.65,6.91,6.6,6.91,23960447,10.52,10.94,10.45,10.94,15137900,2025-12-13T03:46:26Z
TSM,2009-05-21,6.58,6.82,6.32,6.55,20415748,10.41,10.8,10,10.37,12898400,2025-12-13T03:46:26Z
TSM,2009-05-22,6.65,6.8,6.35,6.56,17575324,10.53,10.76,10.05,10.38,11104000,2025-12-13T03:46:26Z
TSM,2009-05-26,6.8,6.85,6.58,6.58,20731451,10.76,10.84,10.42,10.42,13098000,2025-12-13T03:46:26Z
TSM,2009-05-27,6.9,7.09,6.85,6.96,35137354,10.92,11.23,10.84,11.01,22199600,2025-12-13T03:46:26Z
TSM,2009-05-28,7.04,7.07,6.66,6.96,25604019,11.14,11.19,10.54,11.01,16176500,2025-12-13T03:46:26Z
TSM,2009-05-29,6.91,7.14,6.84,6.88,27263736,10.94,11.3,10.82,10.89,17225000,2025-12-13T03:46:26Z
TSM,2009-06-01,7.26,7.33,6.79,6.99,32877546,11.49,11.61,10.74,11.06,20771800,2025-12-13T03:46:26Z
TSM,2009-06-02,6.87,7.2,6.86,7.13,27661465,10.88,11.39,10.85,11.28,17476300,2025-12-13T03:46:26Z
TSM,2009-06-03,6.56,6.77,6.47,6.7,45394853,10.38,10.72,10.24,10.61,28680100,2025-12-13T03:46:26Z
TSM,2009-06-04,6.5,6.75,6.44,6.48,37965257,10.29,10.69,10.19,10.26,23986000,2025-12-13T03:46:26Z
TSM,2009-06-05,6.47,6.7,6.41,6.7,21297680,10.24,10.6,10.15,10.6,13455600,2025-12-13T03:46:26Z
TSM,2009-06-08,6.45,6.48,6.33,6.42,27628538,10.21,10.26,10.02,10.16,17455500,2025-12-13T03:46:26Z
TSM,2009-06-09,6.65,6.74,6.5,6.63,36020207,10.52,10.67,10.28,10.49,22757100,2025-12-13T03:46:26Z
TSM,2009-06-10,6.6,6.82,6.54,6.74,23625527,10.44,10.79,10.35,10.67,14926400,2025-12-13T03:46:26Z
TSM,2009-06-11,6.65,6.72,6.56,6.63,32398171,10.53,10.63,10.39,10.49,20469000,2025-12-13T03:46:26Z
TSM,2009-06-12,6.34,6.51,6.24,6.46,37774721,10.04,10.3,9.88,10.23,23865800,2025-12-13T03:46:26Z
TSM,2009-06-15,5.98,6.17,5.91,6.17,47450844,9.46,9.77,9.35,9.77,29978800,2025-12-13T03:46:26Z
TSM,2009-06-16,5.76,6.07,5.76,6.01,55890014,9.12,9.61,9.12,9.51,35310600,2025-12-13T03:46:26Z
TSM,2009-06-17,5.83,5.94,5.7,5.78,60170982,9.22,9.4,9.02,9.15,38015400,2025-12-13T03:46:26Z
TSM,2009-06-18,5.88,5.95,5.84,5.84,27786513,9.3,9.42,9.24,9.25,17555400,2025-12-13T03:46:26Z
TSM,2009-06-19,5.83,5.98,5.78,5.89,34178729,9.23,9.47,9.14,9.32,21593700,2025-12-13T03:46:26Z
TSM,2009-06-22,5.74,5.89,5.7,5.82,27805373,9.08,9.32,9.02,9.21,17567300,2025-12-13T03:46:26Z
TSM,2009-06-23,5.84,5.85,5.74,5.83,21483074,9.24,9.26,9.08,9.22,13572700,2025-12-13T03:46:26Z
TSM,2009-06-24,6.03,6.15,6,6.07,35614387,9.54,9.73,9.5,9.6,22500900,2025-12-13T03:46:26Z
TSM,2009-06-25,6.08,6.11,5.94,5.95,21191763,9.62,9.67,9.4,9.42,13388700,2025-12-13T03:46:26Z
TSM,2009-06-26,6.05,6.12,5.96,6.07,13869710,9.57,9.68,9.44,9.61,8762700,2025-12-13T03:46:26Z
TSM,2009-06-29,6.03,6.17,6,6.05,15840375,9.55,9.76,9.5,9.58,10007800,2025-12-13T03:46:26Z
TSM,2009-06-30,5.95,6.12,5.89,6.08,31045624,9.41,9.68,9.32,9.63,19614500,2025-12-13T03:46:26Z
TSM,2009-07-01,5.96,6.07,5.93,5.99,27347525,9.44,9.6,9.39,9.48,17277900,2025-12-13T03:46:26Z
TSM,2009-07-02,5.92,5.96,5.86,5.89,22981264,9.37,9.43,9.28,9.33,14519400,2025-12-13T03:46:26Z
TSM,2009-07-06,5.91,5.98,5.74,5.98,20342329,9.35,9.46,9.08,9.46,12852000,2025-12-13T03:46:26Z
TSM,2009-07-07,5.81,6.07,5.79,6,23323444,9.2,9.6,9.17,9.5,14735600,2025-12-13T03:46:26Z
TSM,2009-07-08,5.8,5.88,5.7,5.84,30320055,9.18,9.31,9.02,9.25,19155800,2025-12-13T03:46:26Z
TSM,2009-07-09,5.98,6.05,5.92,5.96,32735746,9.46,9.57,9.37,9.44,20682000,2025-12-13T03:46:26Z
TSM,2009-07-10,6.12,6.15,5.96,5.96,29617252,9.68,9.73,9.43,9.43,18711800,2025-12-13T03:46:26Z
TSM,2009-07-13,6.12,6.17,5.91,6.09,23521529,9.69,9.76,9.36,9.64,14860800,2025-12-13T03:46:26Z
TSM,2009-07-14,6.2,6.21,6.1,6.15,16812646,9.82,9.83,9.65,9.74,10622100,2025-12-13T03:46:26Z
TSM,2009-07-15,6.48,6.58,6.39,6.47,30012412,9.79,9.93,9.65,9.77,19878700,2025-12-13T03:46:26Z
TSM,2009-07-16,6.52,6.56,6.31,6.42,17061800,9.85,9.9,9.52,9.7,11300800,2025-12-13T03:46:26Z
TSM,2009-07-17,6.58,6.67,6.39,6.46,24320657,9.93,10.07,9.65,9.75,16108700,2025-12-13T03:46:26Z
TSM,2009-07-20,6.66,6.74,6.62,6.68,19433652,10.06,10.18,10,10.08,12871800,2025-12-13T03:46:26Z
TSM,2009-07-21,6.54,6.74,6.43,6.69,24049414,9.87,10.18,9.71,10.1,15928900,2025-12-13T03:46:26Z
TSM,2009-07-22,6.84,6.94,6.42,6.45,25979815,10.32,10.48,9.7,9.74,17207600,2025-12-13T03:46:26Z
TSM,2009-07-23,6.84,6.95,6.78,6.84,35819400,10.32,10.49,10.23,10.33,23724800,2025-12-13T03:46:26Z
TSM,2009-07-24,6.82,6.83,6.68,6.79,14195837,10.29,10.32,10.09,10.25,9402500,2025-12-13T03:46:26Z
TSM,2009-07-27,6.82,6.92,6.69,6.83,15754095,10.29,10.45,10.1,10.32,10434600,2025-12-13T03:46:26Z
TSM,2009-07-28,6.78,6.86,6.72,6.82,14260419,10.24,10.36,10.15,10.29,9445300,2025-12-13T03:46:26Z
TSM,2009-07-29,6.69,6.74,6.62,6.74,19857581,10.1,10.18,10,10.17,13152600,2025-12-13T03:46:26Z
TSM,2009-07-30,7.13,7.25,6.98,7.07,34063758,10.77,10.94,10.54,10.67,22562100,2025-12-13T03:46:26Z
TSM,2009-07-31,6.93,7.2,6.92,7.15,28416565,10.47,10.87,10.44,10.79,18821700,2025-12-13T03:46:26Z
TSM,2009-08-03,7.01,7.12,6.95,7.11,18176052,10.58,10.75,10.49,10.73,12038800,2025-12-13T03:46:26Z
TSM,2009-08-04,6.93,7,6.88,6.98,14674878,10.47,10.57,10.39,10.54,9719900,2025-12-13T03:46:26Z
TSM,2009-08-05,6.81,6.93,6.75,6.91,16981801,10.28,10.46,10.19,10.43,11247800,2025-12-13T03:46:26Z
TSM,2009-08-06,6.73,6.98,6.62,6.87,20127349,10.16,10.54,10,10.37,13331200,2025-12-13T03:46:26Z
TSM,2009-08-07,6.78,6.81,6.62,6.76,13472865,10.23,10.28,10,10.2,8923700,2025-12-13T03:46:26Z
TSM,2009-08-10,6.76,6.81,6.66,6.76,10588808,10.21,10.28,10.06,10.21,7013400,2025-12-13T03:46:26Z
TSM,2009-08-11,6.77,6.86,6.7,6.76,20709345,10.22,10.36,10.11,10.21,13716800,2025-12-13T03:46:26Z
TSM,2009-08-12,6.9,6.99,6.74,6.76,17623835,10.42,10.56,10.18,10.2,11673000,2025-12-13T03:46:26Z
TSM,2009-08-13,7.25,7.27,6.94,7.05,33430512,10.95,10.98,10.48,10.64,22142600,2025-12-13T03:46:26Z
TSM,2009-08-14,6.99,7.29,6.93,7.17,19898588,10.56,11,10.47,10.82,13179800,2025-12-13T03:46:26Z
TSM,2009-08-17,6.86,6.91,6.73,6.83,18507043,10.35,10.43,10.16,10.32,12258100,2025-12-13T03:46:26Z
TSM,2009-08-18,6.89,6.92,6.76,6.87,16140048,10.4,10.45,10.21,10.37,10690300,2025-12-13T03:46:26Z
TSM,2009-08-19,6.83,6.85,6.72,6.82,18714352,10.31,10.34,10.15,10.3,12395400,2025-12-13T03:46:26Z
TSM,2009-08-20,6.91,6.94,6.75,6.75,12203880,10.44,10.48,10.19,10.19,8083200,2025-12-13T03:46:26Z
TSM,2009-08-21,6.91,6.96,6.83,6.96,16180949,10.44,10.5,10.32,10.5,10717400,2025-12-13T03:46:26Z
TSM,2009-08-24,7.14,7.17,6.96,7.03,23607868,10.78,10.82,10.51,10.62,15636600,2025-12-13T03:46:26Z
TSM,2009-08-25,7.13,7.19,7.09,7.15,15775989,10.76,10.86,10.7,10.8,10449100,2025-12-13T03:46:26Z
TSM,2009-08-26,6.97,7.17,6.92,7.17,21597482,10.53,10.83,10.45,10.83,14305000,2025-12-13T03:46:26Z
TSM,2009-08-27,6.98,6.99,6.89,6.94,11087299,10.54,10.55,10.4,10.48,7343600,2025-12-13T03:46:26Z
TSM,2009-08-28,7.14,7.22,7.05,7.13,14639457,10.78,10.9,10.65,10.76,9696400,2025-12-13T03:46:26Z
TSM,2009-08-31,7.09,7.11,6.97,7.01,16512824,10.7,10.73,10.53,10.58,10937200,2025-12-13T03:46:26Z
TSM,2009-09-01,6.99,7.41,6.96,7.19,30543440,10.56,11.19,10.51,10.86,20230400,2025-12-13T03:46:26Z
TSM,2009-09-02,7.03,7.12,6.96,6.99,15976371,10.61,10.75,10.5,10.55,10581900,2025-12-13T03:46:26Z
TSM,2009-09-03,7.1,7.12,6.97,7.09,14872541,10.72,10.75,10.53,10.71,9850700,2025-12-13T03:46:26Z
TSM,2009-09-04,7.16,7.17,7.02,7.12,15212660,10.81,10.83,10.6,10.75,10076100,2025-12-13T03:46:26Z
TSM,2009-09-08,7.33,7.38,7.26,7.29,20245439,11.06,11.15,10.96,11,13409400,2025-12-13T03:46:26Z
TSM,2009-09-09,7.35,7.42,7.23,7.29,26578249,11.1,11.2,10.92,11,17603900,2025-12-13T03:46:26Z
TSM,2009-09-10,7.37,7.42,7.21,7.42,34092503,11.13,11.2,10.89,11.2,22581000,2025-12-13T03:46:26Z
TSM,2009-09-11,7.24,7.42,7.19,7.41,22281837,10.93,11.2,10.85,11.18,14758200,2025-12-13T03:46:26Z
TSM,2009-09-14,7.15,7.21,7.1,7.21,16534742,10.79,10.88,10.72,10.88,10951700,2025-12-13T03:46:26Z
TSM,2009-09-15,7.23,7.25,7.15,7.22,12719626,10.91,10.95,10.8,10.9,8424800,2025-12-13T03:46:26Z
TSM,2009-09-16,7.29,7.31,7.19,7.27,29245614,11,11.03,10.85,10.98,19370700,2025-12-13T03:46:26Z
TSM,2009-09-17,7.21,7.31,7.18,7.29,29510905,10.89,11.04,10.84,11,19546300,2025-12-13T03:46:26Z
TSM,2009-09-18,7.2,7.29,7.15,7.2,22651155,10.87,11,10.8,10.87,15002900,2025-12-13T03:46:26Z
TSM,2009-09-21,7.13,7.21,7.11,7.18,24396499,10.77,10.88,10.74,10.84,16159000,2025-12-13T03:46:26Z
TSM,2009-09-22,7.21,7.28,7.13,7.18,23157613,10.88,10.99,10.77,10.84,15338300,2025-12-13T03:46:26Z
TSM,2009-09-23,7.13,7.21,7.12,7.15,24605453,10.77,10.88,10.75,10.8,16297400,2025-12-13T03:46:26Z
TSM,2009-09-24,6.9,7.18,6.87,7.15,24182687,10.42,10.84,10.37,10.8,16017200,2025-12-13T03:46:26Z
TSM,2009-09-25,6.92,6.97,6.88,6.89,15909393,10.45,10.53,10.39,10.41,10537500,2025-12-13T03:46:26Z
TSM,2009-09-28,7.09,7.21,6.95,6.98,27813870,10.7,10.89,10.49,10.54,18422400,2025-12-13T03:46:26Z
TSM,2009-09-29,7.15,7.28,7.1,7.24,28662717,10.79,10.99,10.72,10.93,18984600,2025-12-13T03:46:26Z
TSM,2009-09-30,7.26,7.33,7.15,7.29,41442910,10.96,11.07,10.8,11,27449500,2025-12-13T03:46:26Z
TSM,2009-10-01,6.99,7.28,6.97,7.24,36625080,10.55,10.99,10.53,10.93,24258300,2025-12-13T03:46:26Z
TSM,2009-10-02,6.86,6.95,6.74,6.88,26270337,10.35,10.49,10.18,10.38,17400100,2025-12-13T03:46:26Z
TSM,2009-10-05,6.9,6.96,6.83,6.86,18255835,10.42,10.5,10.32,10.35,12091600,2025-12-13T03:46:26Z
TSM,2009-10-06,6.87,7,6.85,6.92,35488543,10.37,10.57,10.34,10.44,23505600,2025-12-13T03:46:26Z
TSM,2009-10-07,6.74,6.79,6.66,6.74,43750280,10.17,10.25,10.05,10.18,28978000,2025-12-13T03:46:26Z
TSM,2009-10-08,6.57,6.76,6.54,6.75,91003871,9.92,10.2,9.87,10.19,60276300,2025-12-13T03:46:26Z
TSM,2009-10-09,6.66,6.7,6.6,6.6,43442857,10.05,10.12,9.97,9.97,28774300,2025-12-13T03:46:26Z
TSM,2009-10-12,6.56,6.73,6.54,6.68,27857249,9.91,10.16,9.87,10.09,18451000,2025-12-13T03:46:26Z
TSM,2009-10-13,6.76,6.77,6.58,6.63,49038628,10.2,10.22,9.93,10.01,32480400,2025-12-13T03:46:26Z
TSM,2009-10-14,6.86,6.94,6.79,6.94,44419410,10.35,10.48,10.25,10.48,29421100,2025-12-13T03:46:26Z
TSM,2009-10-15,6.66,6.85,6.64,6.8,50672921,10.06,10.34,10.02,10.27,33563000,2025-12-13T03:46:26Z
TSM,2009-10-16,6.51,6.62,6.45,6.62,42377295,9.83,9.99,9.73,9.99,28068600,2025-12-13T03:46:26Z
TSM,2009-10-19,6.58,6.63,6.54,6.59,37095696,9.93,10.01,9.88,9.95,24570200,2025-12-13T03:46:26Z
TSM,2009-10-20,6.58,6.64,6.52,6.62,40261714,9.93,10.03,9.85,10,26667200,2025-12-13T03:46:26Z
TSM,2009-10-21,6.76,6.89,6.57,6.6,60584911,10.2,10.41,9.92,9.97,40128000,2025-12-13T03:46:26Z
TSM,2009-10-22,6.74,6.81,6.64,6.7,24272899,10.18,10.28,10.03,10.12,16077100,2025-12-13T03:46:26Z
TSM,2009-10-23,6.63,6.78,6.62,6.72,32279272,10.01,10.23,10,10.15,21380100,2025-12-13T03:46:26Z
TSM,2009-10-26,6.64,6.72,6.6,6.71,55402222,10.02,10.15,9.97,10.13,36695400,2025-12-13T03:46:26Z
TSM,2009-10-27,6.54,6.71,6.46,6.68,46337196,9.87,10.13,9.75,10.09,30691000,2025-12-13T03:46:26Z
TSM,2009-10-28,6.37,6.57,6.36,6.52,39563265,9.62,9.92,9.6,9.85,26204700,2025-12-13T03:46:26Z
TSM,2009-10-29,6.56,6.6,6.45,6.48,22989666,9.91,9.96,9.73,9.78,15227000,2025-12-13T03:46:26Z
TSM,2009-10-30,6.32,6.52,6.22,6.5,57323790,9.54,9.85,9.39,9.82,37968300,2025-12-13T03:46:26Z
TSM,2009-11-02,6.35,6.45,6.24,6.45,48615483,9.58,9.74,9.42,9.74,32200400,2025-12-13T03:46:26Z
TSM,2009-11-03,6.3,6.34,6.19,6.29,29351173,9.51,9.58,9.35,9.5,19440600,2025-12-13T03:46:26Z
TSM,2009-11-04,6.41,6.48,6.33,6.33,34037094,9.68,9.78,9.56,9.56,22544300,2025-12-13T03:46:26Z
TSM,2009-11-05,6.48,6.54,6.39,6.44,34112060,9.79,9.88,9.65,9.72,22594100,2025-12-13T03:46:26Z
TSM,2009-11-06,6.48,6.56,6.43,6.46,22996778,9.79,9.91,9.71,9.75,15231900,2025-12-13T03:46:26Z
TSM,2009-11-09,6.59,6.6,6.46,6.5,15083452,9.95,9.97,9.75,9.81,9990400,2025-12-13T03:46:26Z
TSM,2009-11-10,6.64,6.74,6.61,6.7,25801798,10.02,10.18,9.98,10.11,17089700,2025-12-13T03:46:26Z
TSM,2009-11-11,6.92,6.93,6.7,6.76,53190896,10.45,10.46,10.12,10.2,35230700,2025-12-13T03:46:26Z
TSM,2009-11-12,6.92,6.97,6.85,6.86,30220375,10.45,10.52,10.34,10.36,20016300,2025-12-13T03:46:26Z
TSM,2009-11-13,7.01,7.03,6.88,6.91,29745516,10.59,10.62,10.39,10.43,19701700,2025-12-13T03:46:26Z
TSM,2009-11-16,7.15,7.23,7.11,7.17,34638872,10.8,10.92,10.74,10.83,22942800,2025-12-13T03:46:26Z
TSM,2009-11-17,7.08,7.11,6.97,7.05,25838077,10.69,10.74,10.53,10.64,17113800,2025-12-13T03:46:26Z
TSM,2009-11-18,7.14,7.17,7.04,7.05,14752690,10.78,10.83,10.63,10.64,9771400,2025-12-13T03:46:26Z
TSM,2009-11-19,6.9,7.04,6.8,6.98,46401581,10.42,10.63,10.27,10.54,30733700,2025-12-13T03:46:26Z
TSM,2009-11-20,6.88,6.89,6.8,6.8,13842412,10.39,10.41,10.26,10.26,9168500,2025-12-13T03:46:26Z
TSM,2009-11-23,6.96,7.04,6.93,6.96,11785929,10.51,10.63,10.47,10.51,7806300,2025-12-13T03:46:26Z
TSM,2009-11-24,6.89,6.99,6.89,6.95,12805884,10.41,10.56,10.4,10.49,8481900,2025-12-13T03:46:26Z
TSM,2009-11-25,6.94,6.97,6.91,6.96,8716121,10.48,10.52,10.43,10.5,5773100,2025-12-13T03:46:26Z
TSM,2009-11-27,6.83,6.87,6.68,6.69,8945157,10.31,10.37,10.08,10.1,5924800,2025-12-13T03:46:26Z
TSM,2009-11-30,6.88,6.96,6.8,6.81,12901216,10.39,10.5,10.26,10.28,8545100,2025-12-13T03:46:26Z
TSM,2009-12-01,6.96,7.03,6.94,6.97,15454736,10.51,10.61,10.48,10.52,10236300,2025-12-13T03:46:26Z
TSM,2009-12-02,7.19,7.19,6.91,6.91,39736053,10.86,10.86,10.43,10.43,26319100,2025-12-13T03:46:26Z
TSM,2009-12-03,7.01,7.17,6.99,7.17,28138791,10.59,10.82,10.55,10.82,18637500,2025-12-13T03:46:26Z
TSM,2009-12-04,7.15,7.19,7.05,7.05,25629185,10.8,10.85,10.64,10.64,16975300,2025-12-13T03:46:26Z
TSM,2009-12-07,7.21,7.24,7.14,7.19,20421571,10.88,10.93,10.78,10.86,13526100,2025-12-13T03:46:26Z
TSM,2009-12-08,7.18,7.23,7.12,7.14,15252214,10.84,10.91,10.75,10.78,10102200,2025-12-13T03:46:26Z
TSM,2009-12-09,7.22,7.26,7.15,7.25,17940852,10.9,10.96,10.79,10.95,11883100,2025-12-13T03:46:26Z
TSM,2009-12-10,7.24,7.27,7.11,7.17,24997804,10.93,10.97,10.73,10.83,16557100,2025-12-13T03:46:26Z
TSM,2009-12-11,7.11,7.28,7.07,7.21,16406919,10.73,10.99,10.67,10.88,10867100,2025-12-13T03:46:26Z
TSM,2009-12-14,7.17,7.22,7.14,7.14,17538584,10.83,10.9,10.78,10.78,11616600,2025-12-13T03:46:26Z
TSM,2009-12-15,7.15,7.23,7.1,7.14,15569737,10.8,10.91,10.72,10.78,10312500,2025-12-13T03:46:26Z
TSM,2009-12-16,7.18,7.29,7.15,7.17,19945250,10.84,11.01,10.8,10.83,13210600,2025-12-13T03:46:26Z
TSM,2009-12-17,7.15,7.25,7.09,7.17,23012562,10.8,10.95,10.71,10.83,15242200,2025-12-13T03:46:26Z
TSM,2009-12-18,7.36,7.45,7.26,7.34,24525580,11.11,11.24,10.96,11.09,16244500,2025-12-13T03:46:26Z
TSM,2009-12-21,7.39,7.48,7.35,7.38,25328350,11.15,11.3,11.1,11.15,16776000,2025-12-13T03:46:26Z
TSM,2009-12-22,7.48,7.55,7.41,7.43,26615194,11.29,11.4,11.18,11.22,17628500,2025-12-13T03:46:26Z
TSM,2009-12-23,7.39,7.52,7.38,7.5,12776805,11.15,11.36,11.15,11.33,8462600,2025-12-13T03:46:26Z
TSM,2009-12-24,7.46,7.51,7.42,7.51,6476105,11.27,11.34,11.2,11.34,4289400,2025-12-13T03:46:26Z
TSM,2009-12-28,7.39,7.48,7.38,7.48,5690063,11.16,11.3,11.14,11.3,3768800,2025-12-13T03:46:26Z
TSM,2009-12-29,7.44,7.5,7.42,7.49,12013459,11.24,11.32,11.21,11.31,7957100,2025-12-13T03:46:26Z
TSM,2009-12-30,7.47,7.5,7.43,7.46,8756859,11.28,11.32,11.22,11.27,5800100,2025-12-13T03:46:26Z
TSM,2009-12-31,7.58,7.61,7.45,7.46,11194507,11.44,11.49,11.25,11.26,7414600,2025-12-13T03:46:26Z
TSM,2010-01-04,7.67,7.74,7.6,7.61,12223618,11.58,11.69,11.47,11.49,8096300,2025-12-13T03:46:26Z
TSM,2010-01-05,7.64,7.72,7.59,7.68,21709489,11.53,11.66,11.46,11.6,14379100,2025-12-13T03:46:26Z
TSM,2010-01-06,7.61,7.69,7.54,7.66,20545754,11.49,11.61,11.38,11.56,13608300,2025-12-13T03:46:26Z
TSM,2010-01-07,7.36,7.58,7.33,7.56,41287132,11.11,11.44,11.07,11.41,27346500,2025-12-13T03:46:26Z
TSM,2010-01-08,7.35,7.43,7.31,7.38,25508258,11.1,11.22,11.03,11.14,16895200,2025-12-13T03:46:26Z
TSM,2010-01-11,7.31,7.45,7.21,7.38,33538964,11.04,11.24,10.88,11.15,22214400,2025-12-13T03:46:26Z
TSM,2010-01-12,7.09,7.24,7.03,7.22,31500010,10.7,10.93,10.61,10.9,20863900,2025-12-13T03:46:26Z
TSM,2010-01-13,7.27,7.29,7.09,7.09,20355385,10.98,11.01,10.71,10.71,13482200,2025-12-13T03:46:26Z
TSM,2010-01-14,7.2,7.29,7.19,7.29,13124260,10.87,11.01,10.86,11.01,8692800,2025-12-13T03:46:26Z
TSM,2010-01-15,7.02,7.25,6.99,7.22,23293007,10.6,10.94,10.56,10.9,15428100,2025-12-13T03:46:26Z
TSM,2010-01-19,7.26,7.28,7.03,7.07,22492812,10.96,10.99,10.61,10.68,14898000,2025-12-13T03:46:26Z
TSM,2010-01-20,7.15,7.23,7.09,7.22,20547675,10.8,10.91,10.71,10.9,13609600,2025-12-13T03:46:26Z
TSM,2010-01-21,7.01,7.24,6.99,7.19,21052876,10.59,10.93,10.56,10.86,13944200,2025-12-13T03:46:26Z
TSM,2010-01-22,6.68,6.99,6.68,6.96,31732520,10.09,10.55,10.09,10.51,21018000,2025-12-13T03:46:26Z
TSM,2010-01-25,6.72,6.88,6.68,6.68,31111287,10.15,10.39,10.09,10.09,20606400,2025-12-13T03:46:26Z
TSM,2010-01-26,6.62,6.74,6.59,6.73,33085529,10,10.18,9.95,10.16,21914200,2025-12-13T03:46:26Z
TSM,2010-01-27,6.62,6.72,6.58,6.64,34672553,9.99,10.14,9.94,10.03,22965100,2025-12-13T03:46:26Z
TSM,2010-01-28,6.66,6.76,6.55,6.74,60767127,10.05,10.2,9.89,10.18,40249000,2025-12-13T03:46:26Z
TSM,2010-01-29,6.73,6.86,6.69,6.78,45403849,10.16,10.36,10.1,10.24,30072900,2025-12-13T03:46:26Z
TSM,2010-02-01,6.68,6.82,6.57,6.72,34837024,10.08,10.29,9.92,10.14,23074000,2025-12-13T03:46:26Z
TSM,2010-02-02,6.6,6.68,6.56,6.68,27567322,9.96,10.08,9.9,10.08,18259200,2025-12-13T03:46:26Z
TSM,2010-02-03,6.66,6.72,6.57,6.61,22390416,10.06,10.14,9.92,9.98,14830200,2025-12-13T03:46:26Z
TSM,2010-02-04,6.41,6.66,6.36,6.64,27735695,9.68,10.05,9.6,10.02,18370600,2025-12-13T03:46:26Z
TSM,2010-02-05,6.33,6.43,6.22,6.36,50926935,9.56,9.71,9.39,9.6,33731100,2025-12-13T03:46:26Z
TSM,2010-02-08,6.37,6.45,6.25,6.42,38005934,9.61,9.74,9.43,9.7,25172900,2025-12-13T03:46:26Z
TSM,2010-02-09,6.36,6.5,6.33,6.42,44261306,9.6,9.82,9.55,9.7,29316200,2025-12-13T03:46:26Z
TSM,2010-02-10,6.42,6.45,6.3,6.36,26459966,9.7,9.73,9.51,9.6,17525500,2025-12-13T03:46:26Z
TSM,2010-02-11,6.55,6.56,6.36,6.45,20723314,9.89,9.91,9.6,9.74,13726000,2025-12-13T03:46:26Z
TSM,2010-02-12,6.43,6.52,6.39,6.48,20478356,9.71,9.85,9.65,9.79,13563800,2025-12-13T03:46:26Z
TSM,2010-02-16,6.56,6.57,6.44,6.46,14392433,9.91,9.92,9.72,9.75,9532700,2025-12-13T03:46:26Z
TSM,2010-02-17,6.64,6.66,6.56,6.59,21075562,10.02,10.06,9.9,9.95,13959300,2025-12-13T03:46:26Z
TSM,2010-02-18,6.66,6.69,6.56,6.66,7795021,10.06,10.1,9.91,10.06,5163000,2025-12-13T03:46:26Z
TSM,2010-02-19,6.64,6.68,6.57,6.66,12161330,10.02,10.09,9.92,10.05,8055000,2025-12-13T03:46:26Z
TSM,2010-02-22,6.62,6.68,6.61,6.64,12716539,10,10.09,9.98,10.03,8422800,2025-12-13T03:46:26Z
TSM,2010-02-23,6.52,6.64,6.48,6.64,27354318,9.85,10.03,9.78,10.03,18118000,2025-12-13T03:46:26Z
TSM,2010-02-24,6.5,6.6,6.46,6.52,19985893,9.82,9.96,9.75,9.85,13237500,2025-12-13T03:46:26Z
TSM,2010-02-25,6.46,6.48,6.33,6.46,27652654,9.75,9.79,9.56,9.75,18315700,2025-12-13T03:46:26Z
