ticker,tradeDate,clsPx,hiPx,loPx,open,stockVolume,unadjClsPx,unadjHiPx,unadjLoPx,unadjOpen,unadjStockVolume,updatedAt
TXN,2006-01-03,20.64,20.76,19.87,19.97,19845304,33.24,33.44,32,32.16,12321700,2026-02-03T03:46:19Z
TXN,2006-01-04,20.82,21.04,20.72,20.72,18756347,33.54,33.88,33.37,33.37,11645600,2026-02-03T03:46:19Z
TXN,2006-01-05,21.2,21.4,20.91,20.93,20144227,34.14,34.46,33.67,33.71,12507300,2026-02-03T03:46:19Z
TXN,2006-01-06,21.39,21.52,21.02,21.42,19156909,34.45,34.66,33.85,34.5,11894300,2026-02-03T03:46:19Z
TXN,2006-01-09,21.22,21.7,21.06,21.42,22109999,34.18,34.95,33.92,34.5,13727800,2026-02-03T03:46:19Z
TXN,2006-01-10,21.01,21.08,20.8,21.07,18357783,33.84,33.95,33.5,33.93,11398100,2026-02-03T03:46:19Z
TXN,2006-01-11,20.99,21.1,20.76,21,18757501,33.8,33.98,33.43,33.82,11646300,2026-02-03T03:46:19Z
TXN,2006-01-12,20.72,21.45,20.68,20.99,19555569,33.37,34.54,33.3,33.8,12141800,2026-02-03T03:46:19Z
TXN,2006-01-13,20.51,20.68,20.25,20.67,20078208,33.03,33.3,32.61,33.29,12466300,2026-02-03T03:46:19Z
TXN,2006-01-17,20.02,20.28,19.95,20.27,21317080,32.24,32.67,32.13,32.65,13235500,2026-02-03T03:46:19Z
TXN,2006-01-18,19.93,20.04,19.56,19.62,24360919,32.1,32.27,31.51,31.6,15125400,2026-02-03T03:46:19Z
TXN,2006-01-19,20.18,20.36,20.05,20.24,16944973,32.5,32.8,32.29,32.6,10520900,2026-02-03T03:46:19Z
TXN,2006-01-20,19.66,20.03,19.44,20.02,29297092,31.66,32.26,31.31,32.25,18190200,2026-02-03T03:46:19Z
TXN,2006-01-23,19.68,19.86,19.32,19.86,28021549,31.7,31.99,31.11,31.99,17398200,2026-02-03T03:46:19Z
TXN,2006-01-24,19.06,20.15,19.01,19.56,42152323,30.69,32.46,30.61,31.51,26171800,2026-02-03T03:46:19Z
TXN,2006-01-25,18.56,19.14,18.32,19.06,52060071,29.89,30.82,29.5,30.69,32323400,2026-02-03T03:46:19Z
TXN,2006-01-26,18.73,18.81,18.33,18.69,36598512,30.16,30.3,29.52,30.1,22723600,2026-02-03T03:46:19Z
TXN,2006-01-27,18.79,19.27,18.71,18.77,27685050,30.23,31,30.1,30.2,17206400,2026-02-03T03:46:19Z
TXN,2006-01-30,18.68,19.11,18.41,18.99,31292788,30.05,30.75,29.62,30.55,19448600,2026-02-03T03:46:19Z
TXN,2006-01-31,18.17,18.74,18.16,18.68,28587688,29.23,30.15,29.22,30.06,17767400,2026-02-03T03:46:19Z
TXN,2006-02-01,18.5,18.55,17.85,18.07,37190701,29.77,29.85,28.72,29.08,23114200,2026-02-03T03:46:19Z
TXN,2006-02-02,18.5,18.86,18.46,18.64,31878888,29.76,30.34,29.7,29.99,19812900,2026-02-03T03:46:19Z
TXN,2006-02-03,18.65,18.87,18.46,18.59,23826452,30,30.36,29.7,29.91,14808300,2026-02-03T03:46:19Z
TXN,2006-02-06,18.98,19.11,18.68,18.68,25503043,30.54,30.75,30.05,30.05,15850300,2026-02-03T03:46:19Z
TXN,2006-02-07,19.03,19.07,18.77,19.07,18264840,30.62,30.68,30.2,30.68,11351700,2026-02-03T03:46:19Z
TXN,2006-02-08,19.09,19.2,18.87,19.15,17582512,30.72,30.9,30.36,30.81,10927600,2026-02-03T03:46:19Z
TXN,2006-02-09,19.3,19.32,19.12,19.24,25035877,31.05,31.09,30.77,30.95,15559900,2026-02-03T03:46:19Z
TXN,2006-02-10,19.21,19.35,18.96,19.27,21227044,30.91,31.13,30.5,31,13192700,2026-02-03T03:46:19Z
TXN,2006-02-13,18.94,19.11,18.8,19.06,17100077,30.48,30.74,30.25,30.67,10627800,2026-02-03T03:46:19Z
TXN,2006-02-14,18.99,19.1,18.72,19.01,17523101,30.56,30.73,30.12,30.59,10890700,2026-02-03T03:46:19Z
TXN,2006-02-15,19.03,19.04,18.79,18.84,15927131,30.62,30.64,30.23,30.31,9898800,2026-02-03T03:46:19Z
TXN,2006-02-16,19.73,19.75,19.12,19.17,24390129,31.75,31.78,30.76,30.85,15158600,2026-02-03T03:46:19Z
TXN,2006-02-17,19.57,19.8,19.45,19.66,16338867,31.48,31.85,31.3,31.63,10154700,2026-02-03T03:46:19Z
TXN,2006-02-21,19.05,19.55,18.86,19.48,22878529,30.65,31.46,30.35,31.35,14219100,2026-02-03T03:46:19Z
TXN,2006-02-22,19.28,19.32,18.75,19.01,19659841,31.02,31.09,30.16,30.58,12218700,2026-02-03T03:46:19Z
TXN,2006-02-23,18.56,19.12,18.53,19.03,26323917,29.86,30.76,29.81,30.62,16360500,2026-02-03T03:46:19Z
TXN,2006-02-24,18.45,18.76,18.43,18.65,24234678,29.68,30.19,29.66,30,15062000,2026-02-03T03:46:19Z
TXN,2006-02-27,18.42,18.68,18.4,18.52,24135616,29.64,30.05,29.61,29.8,15000400,2026-02-03T03:46:19Z
TXN,2006-02-28,18.55,18.56,18.21,18.24,25288807,29.85,29.87,29.3,29.35,15717100,2026-02-03T03:46:19Z
TXN,2006-03-01,20,20.22,18.83,18.83,56269145,32.18,32.54,30.29,30.29,34971500,2026-02-03T03:46:19Z
TXN,2006-03-02,20.11,20.41,19.8,19.89,35169442,32.35,32.84,31.86,32,21858000,2026-02-03T03:46:19Z
TXN,2006-03-03,20.07,20.45,19.91,20.01,26009764,32.29,32.91,32.03,32.2,16165200,2026-02-03T03:46:19Z
TXN,2006-03-06,20.09,20.45,19.83,20.21,22973701,32.33,32.9,31.91,32.52,14278300,2026-02-03T03:46:19Z
TXN,2006-03-07,19.43,19.57,19.1,19.36,36438702,31.26,31.49,30.73,31.15,22646900,2026-02-03T03:46:19Z
TXN,2006-03-08,19.48,19.61,19.24,19.42,22112253,31.34,31.56,30.96,31.25,13742900,2026-02-03T03:46:19Z
TXN,2006-03-09,19.15,19.66,19.14,19.49,22233430,30.82,31.63,30.8,31.36,13818200,2026-02-03T03:46:19Z
TXN,2006-03-10,19.12,19.5,19.02,19.25,16934224,30.77,31.37,30.61,30.97,10524700,2026-02-03T03:46:19Z
TXN,2006-03-13,19.2,19.5,19.12,19.19,13194094,30.89,31.38,30.77,30.87,8200200,2026-02-03T03:46:19Z
TXN,2006-03-14,19.4,19.42,19.04,19.05,18091875,31.22,31.24,30.63,30.65,11244200,2026-02-03T03:46:19Z
TXN,2006-03-15,19.44,19.76,19.22,19.4,20441322,31.28,31.8,30.93,31.22,12704400,2026-02-03T03:46:19Z
TXN,2006-03-16,18.74,19.33,18.73,19.33,22961974,30.15,31.1,30.14,31.1,14271000,2026-02-03T03:46:19Z
TXN,2006-03-17,18.76,18.94,18.52,18.76,23221134,30.19,30.48,29.8,30.19,14432100,2026-02-03T03:46:19Z
TXN,2006-03-20,18.72,18.98,18.65,18.76,14538121,30.12,30.54,30.01,30.19,9035500,2026-02-03T03:46:19Z
TXN,2006-03-21,18.74,19.2,18.69,18.73,19338194,30.15,30.9,30.07,30.13,12018800,2026-02-03T03:46:19Z
TXN,2006-03-22,18.65,19.1,18.62,18.62,19656926,30.01,30.73,29.96,29.96,12216900,2026-02-03T03:46:19Z
TXN,2006-03-23,18.92,19.04,18.67,18.69,20369775,30.45,30.63,30.04,30.07,12659900,2026-02-03T03:46:19Z
TXN,2006-03-24,19.2,19.34,18.74,18.93,19593878,30.89,31.11,30.15,30.45,12177700,2026-02-03T03:46:19Z
TXN,2006-03-27,19.43,19.61,19.17,19.2,15547712,31.27,31.55,30.85,30.89,9663000,2026-02-03T03:46:19Z
TXN,2006-03-28,19.24,19.78,19.15,19.5,18944317,30.95,31.83,30.81,31.38,11774000,2026-02-03T03:46:19Z
TXN,2006-03-29,19.88,20.02,19.24,19.29,20280713,31.99,32.22,30.95,31.04,12604600,2026-02-03T03:46:19Z
TXN,2006-03-30,20.56,20.71,20.27,20.43,34093025,33.08,33.32,32.61,32.87,21189000,2026-02-03T03:46:19Z
TXN,2006-03-31,20.18,20.52,19.93,20.37,21610411,32.47,33.02,32.07,32.78,13431000,2026-02-03T03:46:19Z
TXN,2006-04-03,20.07,20.56,19.98,20.14,16991333,32.29,33.08,32.15,32.4,10560200,2026-02-03T03:46:19Z
TXN,2006-04-04,20.1,20.24,19.81,20.07,16411107,32.34,32.56,31.87,32.29,10199600,2026-02-03T03:46:19Z
TXN,2006-04-05,20.65,20.82,20.16,20.19,19774576,33.22,33.5,32.43,32.48,12290000,2026-02-03T03:46:19Z
TXN,2006-04-06,20.9,21.03,20.64,20.64,21452296,33.63,33.84,33.21,33.21,13332700,2026-02-03T03:46:19Z
TXN,2006-04-07,20.55,21.11,20.48,21.02,29717337,33.07,33.96,32.95,33.82,18469500,2026-02-03T03:46:19Z
TXN,2006-04-10,20.36,20.61,20.09,20.52,27361810,32.76,33.16,32.33,33.01,17005500,2026-02-03T03:46:19Z
TXN,2006-04-11,20.44,20.82,20.17,20.57,25042758,32.89,33.5,32.45,33.1,15564200,2026-02-03T03:46:19Z
TXN,2006-04-12,20.43,20.55,20.29,20.32,11482754,32.87,33.07,32.64,32.7,7136600,2026-02-03T03:46:19Z
TXN,2006-04-13,20.31,20.49,20.26,20.26,11759670,32.68,32.96,32.59,32.59,7308700,2026-02-03T03:46:19Z
TXN,2006-04-17,20.31,20.68,20.05,20.31,19655014,32.68,33.27,32.26,32.67,12215700,2026-02-03T03:46:19Z
TXN,2006-04-18,21.13,21.14,20.32,20.32,40070897,34,34.01,32.7,32.7,24904300,2026-02-03T03:46:19Z
TXN,2006-04-19,21.41,21.73,21.2,21.5,57639462,34.45,34.96,34.11,34.59,35823300,2026-02-03T03:46:19Z
TXN,2006-04-20,22.1,22.62,21.38,21.47,48034248,35.56,36.4,34.4,34.55,29853500,2026-02-03T03:46:19Z
TXN,2006-04-21,21.96,22.31,21.73,22.25,23927387,35.34,35.89,34.96,35.8,14871000,2026-02-03T03:46:19Z
TXN,2006-04-24,21.77,21.87,21.43,21.76,21720681,35.03,35.18,34.48,35.01,13499500,2026-02-03T03:46:19Z
TXN,2006-04-25,22.07,22.14,21.73,21.75,28696716,35.51,35.63,34.97,35,17835200,2026-02-03T03:46:19Z
TXN,2006-04-26,21.65,22.05,21.49,21.95,22027519,34.83,35.48,34.58,35.32,13690200,2026-02-03T03:46:19Z
TXN,2006-04-27,21.86,22.16,21.3,21.48,17949316,35.14,35.63,34.24,34.53,11165200,2026-02-03T03:46:19Z
TXN,2006-04-28,21.59,22.01,21.49,21.82,16681248,34.71,35.39,34.54,35.07,10376400,2026-02-03T03:46:19Z
TXN,2006-05-01,21.39,21.65,21.25,21.59,16637305,34.38,34.8,34.16,34.71,10349100,2026-02-03T03:46:19Z
TXN,2006-05-02,21.39,21.57,21.22,21.42,15530318,34.39,34.68,34.12,34.44,9660500,2026-02-03T03:46:19Z
TXN,2006-05-03,21.65,21.7,21.04,21.22,20540880,34.81,34.88,33.82,34.12,12777300,2026-02-03T03:46:19Z
TXN,2006-05-04,21.52,21.85,21.42,21.76,16834594,34.6,35.12,34.43,34.98,10471800,2026-02-03T03:46:19Z
TXN,2006-05-05,21.74,21.87,21.59,21.71,23307986,34.95,35.15,34.7,34.9,14498500,2026-02-03T03:46:19Z
TXN,2006-05-08,21.48,21.85,21.47,21.85,12771330,34.53,35.13,34.52,35.12,7944300,2026-02-03T03:46:19Z
TXN,2006-05-09,21.36,21.48,21.19,21.43,11565629,34.34,34.53,34.07,34.45,7194300,2026-02-03T03:46:19Z
TXN,2006-05-10,20.96,21.36,20.78,21.29,21830216,33.7,34.34,33.41,34.23,13579300,2026-02-03T03:46:19Z
TXN,2006-05-11,20.75,21.17,20.62,20.99,17974526,33.36,34.03,33.15,33.75,11180900,2026-02-03T03:46:19Z
TXN,2006-05-12,20.66,20.96,20.54,20.57,15615193,33.21,33.7,33.02,33.06,9713300,2026-02-03T03:46:19Z
TXN,2006-05-15,20.47,20.78,20.12,20.38,16279128,32.91,33.41,32.34,32.77,10126300,2026-02-03T03:46:19Z
TXN,2006-05-16,20.5,20.75,20.26,20.43,14179109,32.96,33.36,32.57,32.85,8820000,2026-02-03T03:46:19Z
TXN,2006-05-17,19.99,20.61,19.92,20.37,21270461,32.14,33.14,32.02,32.75,13231100,2026-02-03T03:46:19Z
TXN,2006-05-18,19.78,20.17,19.78,20.07,13921915,31.8,32.43,31.8,32.26,8660000,2026-02-03T03:46:19Z
TXN,2006-05-19,19.89,20.06,19.5,19.63,24120376,31.97,32.25,31.34,31.55,15003900,2026-02-03T03:46:19Z
TXN,2006-05-22,19.67,19.9,19.33,19.74,20898018,31.62,31.99,31.08,31.73,12999400,2026-02-03T03:46:19Z
TXN,2006-05-23,19.25,20.12,19.21,19.87,39055885,30.95,32.35,30.88,31.94,24294400,2026-02-03T03:46:19Z
TXN,2006-05-24,19.8,19.91,19.23,19.36,26657680,31.83,32,30.91,31.12,16582200,2026-02-03T03:46:19Z
TXN,2006-05-25,19.72,20.08,19.6,20.06,20461855,31.71,32.28,31.51,32.25,12728100,2026-02-03T03:46:19Z
TXN,2006-05-26,19.68,20.07,19.53,19.79,14219623,31.64,32.26,31.39,31.81,8845200,2026-02-03T03:46:19Z
TXN,2006-05-30,19.33,19.61,19.32,19.5,15043070,31.07,31.53,31.06,31.34,9357400,2026-02-03T03:46:19Z
TXN,2006-05-31,19.43,19.71,19.23,19.34,22419790,31.23,31.69,30.92,31.09,13946000,2026-02-03T03:46:19Z
TXN,2006-06-01,19.86,19.89,19.43,19.43,15104930,31.93,31.98,31.23,31.23,9395900,2026-02-03T03:46:19Z
TXN,2006-06-02,19.99,20.06,19.68,20.04,17411211,32.13,32.25,31.63,32.21,10830500,2026-02-03T03:46:19Z
TXN,2006-06-05,19.43,20.22,19.36,20.22,24208421,31.23,32.5,31.12,32.5,15058600,2026-02-03T03:46:19Z
TXN,2006-06-06,19.55,19.66,19.28,19.44,20254720,31.43,31.6,30.99,31.25,12599300,2026-02-03T03:46:19Z
TXN,2006-06-07,19.11,19.72,19.11,19.61,20854894,30.72,31.7,30.72,31.53,12972600,2026-02-03T03:46:19Z
TXN,2006-06-08,19.11,19.29,18.66,19.05,29899957,30.72,31.01,30,30.63,18599000,2026-02-03T03:46:19Z
TXN,2006-06-09,18.46,19.63,18.39,19.63,49667403,29.68,31.56,29.56,31.56,30895200,2026-02-03T03:46:19Z
TXN,2006-06-12,18.01,18.56,18,18.49,34845786,28.96,29.84,28.94,29.72,21675500,2026-02-03T03:46:19Z
TXN,2006-06-13,18.03,18.36,17.87,17.92,28209504,28.99,29.51,28.73,28.81,17547500,2026-02-03T03:46:19Z
TXN,2006-06-14,17.98,18.28,17.74,18.04,27974177,28.9,29.39,28.52,29,17401100,2026-02-03T03:46:19Z
TXN,2006-06-15,18.68,18.82,18.06,18.06,26625887,30.03,30.25,29.03,29.03,16562400,2026-02-03T03:46:19Z
TXN,2006-06-16,18.39,18.87,18.29,18.58,28492381,29.56,30.33,29.4,29.87,17723400,2026-02-03T03:46:19Z
TXN,2006-06-19,18.66,18.92,18.43,18.48,24056170,30,30.42,29.63,29.71,14963900,2026-02-03T03:46:19Z
TXN,2006-06-20,18.6,18.85,18.36,18.59,22413021,29.9,30.3,29.52,29.89,13941800,2026-02-03T03:46:19Z
TXN,2006-06-21,18.88,19.14,18.55,18.55,23147441,30.35,30.77,29.82,29.82,14398700,2026-02-03T03:46:19Z
TXN,2006-06-22,18.46,18.88,18.35,18.85,23279602,29.67,30.35,29.5,30.3,14480900,2026-02-03T03:46:19Z
TXN,2006-06-23,18.28,18.56,18.13,18.39,20528694,29.39,29.84,29.15,29.56,12769700,2026-02-03T03:46:19Z
TXN,2006-06-26,18.66,18.69,18.23,18.35,18457977,30,30.04,29.31,29.5,11481600,2026-02-03T03:46:19Z
TXN,2006-06-27,18.44,18.72,18.23,18.42,20150939,29.65,30.09,29.3,29.61,12534700,2026-02-03T03:46:19Z
TXN,2006-06-28,18.01,18.2,17.79,18.19,28470481,28.96,29.25,28.6,29.24,17709800,2026-02-03T03:46:19Z
TXN,2006-06-29,18.66,18.82,18.02,18.16,23603466,30,30.26,28.97,29.2,14682300,2026-02-03T03:46:19Z
TXN,2006-06-30,18.84,19.02,18.54,18.7,19574938,30.29,30.57,29.81,30.06,12176400,2026-02-03T03:46:19Z
TXN,2006-07-03,19.1,19.22,18.97,19,8893133,30.71,30.9,30.49,30.54,5531900,2026-02-03T03:46:19Z
TXN,2006-07-05,18.61,18.91,18.51,18.86,17560066,29.92,30.4,29.76,30.32,10923100,2026-02-03T03:46:19Z
TXN,2006-07-06,18.35,18.76,18.29,18.66,14583290,29.5,30.16,29.4,30,9071400,2026-02-03T03:46:19Z
TXN,2006-07-07,18.14,18.39,17.83,18.23,20395320,29.17,29.56,28.67,29.3,12686700,2026-02-03T03:46:19Z
TXN,2006-07-10,17.99,18.47,17.82,18.28,14775413,28.92,29.69,28.65,29.39,9190900,2026-02-03T03:46:19Z
TXN,2006-07-11,18.43,18.49,17.88,17.91,21388270,29.63,29.73,28.75,28.79,13304400,2026-02-03T03:46:19Z
TXN,2006-07-12,18.17,18.57,18.04,18.4,20731129,29.21,29.86,29,29.58,12895600,2026-02-03T03:46:19Z
TXN,2006-07-13,17.6,18.47,17.51,18.47,29525292,28.29,29.69,28.15,29.69,18365900,2026-02-03T03:46:19Z
TXN,2006-07-14,17.88,17.98,17.45,17.6,18374009,28.75,28.9,28.05,28.3,11429400,2026-02-03T03:46:19Z
TXN,2006-07-17,17.65,18.11,17.62,17.81,18789438,28.37,29.11,28.33,28.63,11687800,2026-02-03T03:46:19Z
TXN,2006-07-18,17.48,17.7,17.09,17.42,29882353,28.1,28.45,27.47,28,18588100,2026-02-03T03:46:19Z
TXN,2006-07-19,17.54,17.87,17.45,17.49,24265543,28.2,28.73,28.06,28.12,15094200,2026-02-03T03:46:19Z
TXN,2006-07-20,17.45,17.98,17.39,17.75,21314128,28.05,28.91,27.95,28.54,13258300,2026-02-03T03:46:19Z
TXN,2006-07-21,16.8,17.42,16.65,17.41,28567100,27,28,26.77,27.99,17769900,2026-02-03T03:46:19Z
TXN,2006-07-24,17.32,17.45,16.96,17.06,32730199,27.84,28.05,27.26,27.43,20359500,2026-02-03T03:46:19Z
TXN,2006-07-25,18.01,18.29,17.71,17.81,32073747,28.95,29.4,28.47,28.63,19951200,2026-02-03T03:46:19Z
TXN,2006-07-26,18.33,18.55,17.85,18.01,27822162,29.46,29.82,28.7,28.95,17306500,2026-02-03T03:46:19Z
TXN,2006-07-27,18.36,18.81,18.31,18.31,20212103,29.48,30.2,29.4,29.4,12585600,2026-02-03T03:46:19Z
TXN,2006-07-28,18.28,18.62,18.2,18.41,23269939,29.35,29.9,29.22,29.56,14489600,2026-02-03T03:46:19Z
TXN,2006-07-31,18.54,18.67,18.15,18.18,18391578,29.78,29.99,29.14,29.2,11452000,2026-02-03T03:46:19Z
TXN,2006-08-01,18.15,18.4,17.83,18.35,21175866,29.15,29.55,28.64,29.47,13185700,2026-02-03T03:46:19Z
TXN,2006-08-02,18.33,18.53,18.08,18.28,14514275,29.44,29.76,29.03,29.36,9037700,2026-02-03T03:46:19Z
TXN,2006-08-03,18.84,18.99,18.06,18.14,22066825,30.26,30.49,29.01,29.13,13740500,2026-02-03T03:46:19Z
TXN,2006-08-04,18.7,19.14,18.52,18.99,22793790,30.03,30.73,29.75,30.5,14193100,2026-02-03T03:46:19Z
TXN,2006-08-07,18.67,18.9,18.53,18.57,13907090,29.98,30.35,29.76,29.82,8659600,2026-02-03T03:46:19Z
TXN,2006-08-08,18.8,18.94,18.52,18.67,22343580,30.2,30.41,29.75,29.98,13912800,2026-02-03T03:46:19Z
TXN,2006-08-09,18.99,19.37,18.92,19.11,23855895,30.49,31.11,30.38,30.69,14854500,2026-02-03T03:46:19Z
TXN,2006-08-10,19.45,19.54,18.76,18.76,21933846,31.23,31.38,30.12,30.12,13657700,2026-02-03T03:46:19Z
TXN,2006-08-11,19,19.23,18.88,19.2,19129019,30.52,30.88,30.32,30.83,11911200,2026-02-03T03:46:19Z
TXN,2006-08-14,19.24,19.48,19.09,19.23,16271213,30.9,31.28,30.65,30.89,10131700,2026-02-03T03:46:19Z
TXN,2006-08-15,19.95,19.99,19.53,19.58,22780270,32.04,32.11,31.37,31.44,14184700,2026-02-03T03:46:19Z
TXN,2006-08-16,20.44,20.54,19.8,20.01,27649246,32.82,32.98,31.8,32.13,17216500,2026-02-03T03:46:19Z
TXN,2006-08-17,20.52,20.76,20.43,20.44,23695759,32.95,33.34,32.81,32.82,14754800,2026-02-03T03:46:19Z
TXN,2006-08-18,20.6,20.67,20.09,20.49,18036229,33.09,33.19,32.27,32.9,11230700,2026-02-03T03:46:19Z
TXN,2006-08-21,20.37,20.46,20.15,20.41,14202752,32.71,32.86,32.36,32.77,8843700,2026-02-03T03:46:19Z
TXN,2006-08-22,20.23,20.54,20.08,20.18,16111786,32.49,32.99,32.24,32.4,10032400,2026-02-03T03:46:19Z
TXN,2006-08-23,19.6,20.42,19.49,20.18,31396968,31.48,32.79,31.3,32.4,19550100,2026-02-03T03:46:19Z
TXN,2006-08-24,19.63,19.71,19.35,19.63,17700741,31.52,31.66,31.07,31.53,11021800,2026-02-03T03:46:19Z
TXN,2006-08-25,19.58,19.83,19.41,19.47,13778777,31.44,31.84,31.17,31.27,8579700,2026-02-03T03:46:19Z
TXN,2006-08-28,19.78,19.92,19.6,19.6,10384689,31.76,31.99,31.48,31.48,6466300,2026-02-03T03:46:19Z
TXN,2006-08-29,20.11,20.15,19.68,19.86,14802908,32.3,32.36,31.6,31.9,9217400,2026-02-03T03:46:19Z
TXN,2006-08-30,20.35,20.44,19.98,20.14,16526452,32.68,32.82,32.09,32.34,10290600,2026-02-03T03:46:19Z
TXN,2006-08-31,20.29,20.45,20.15,20.45,13756761,32.59,32.85,32.36,32.85,8566000,2026-02-03T03:46:19Z
TXN,2006-09-01,19.88,20.23,19.43,20.21,16636940,31.93,32.49,31.2,32.45,10359400,2026-02-03T03:46:19Z
TXN,2006-09-05,19.94,20.04,19.55,19.74,19759083,32.03,32.18,31.39,31.7,12303500,2026-02-03T03:46:19Z
TXN,2006-09-06,19.4,19.73,19.38,19.67,19464113,31.15,31.69,31.12,31.59,12119800,2026-02-03T03:46:19Z
TXN,2006-09-07,18.99,19.42,18.99,19.03,25156445,30.5,31.18,30.49,30.56,15664300,2026-02-03T03:46:19Z
TXN,2006-09-08,19.3,19.43,18.99,19.12,17753906,31,31.2,30.5,30.7,11054900,2026-02-03T03:46:19Z
TXN,2006-09-11,19.79,19.98,19.07,19.07,29376013,31.78,32.09,30.62,30.62,18291700,2026-02-03T03:46:19Z
TXN,2006-09-12,20.24,20.33,19.32,19.58,40360293,32.5,32.65,31.02,31.44,25131300,2026-02-03T03:46:19Z
TXN,2006-09-13,19.96,20.11,19.65,20.01,27244113,32.05,32.3,31.55,32.13,16964200,2026-02-03T03:46:19Z
TXN,2006-09-14,19.7,19.83,19.59,19.78,23672392,31.63,31.85,31.46,31.76,14740200,2026-02-03T03:46:19Z
TXN,2006-09-15,19.88,20.14,19.75,19.9,27727003,31.93,32.34,31.71,31.95,17264900,2026-02-03T03:46:19Z
TXN,2006-09-18,20.14,20.39,19.73,19.73,25084880,32.35,32.75,31.69,31.69,15619700,2026-02-03T03:46:19Z
TXN,2006-09-19,19.8,20.11,19.46,19.99,22627814,31.8,32.29,31.25,32.1,14089800,2026-02-03T03:46:19Z
TXN,2006-09-20,20.14,20.26,19.84,19.99,22327227,32.34,32.54,31.86,32.1,13902600,2026-02-03T03:46:19Z
TXN,2006-09-21,19.6,20.31,19.58,20.12,24514209,31.47,32.61,31.45,32.31,15264400,2026-02-03T03:46:19Z
TXN,2006-09-22,19.93,20.16,19.7,19.83,28044199,32.01,32.38,31.63,31.85,17462400,2026-02-03T03:46:19Z
TXN,2006-09-25,20.39,20.39,19.69,20.08,28827208,32.74,32.75,31.62,32.24,17950000,2026-02-03T03:46:19Z
TXN,2006-09-26,20.69,20.71,20.13,20.39,35309528,33.22,33.26,32.32,32.74,21986400,2026-02-03T03:46:19Z
TXN,2006-09-27,20.72,21.07,20.6,20.6,35238443,33.27,33.83,33.08,33.08,21942100,2026-02-03T03:46:19Z
TXN,2006-09-28,21.1,21.17,20.75,20.79,26380318,33.89,34,33.33,33.38,16426400,2026-02-03T03:46:19Z
TXN,2006-09-29,20.7,20.96,20.64,20.89,28793433,33.25,33.66,33.15,33.55,17929000,2026-02-03T03:46:19Z
TXN,2006-10-02,20.52,20.91,20.48,20.62,20592894,32.96,33.58,32.89,33.12,12822700,2026-02-03T03:46:19Z
TXN,2006-10-03,20.08,20.35,19.99,20.31,29266426,32.25,32.68,32.1,32.62,18223500,2026-02-03T03:46:19Z
TXN,2006-10-04,20.03,20.28,19.72,19.91,42329525,32.16,32.57,31.67,31.98,26357500,2026-02-03T03:46:19Z
TXN,2006-10-05,19.68,20.01,19.59,19.98,33165504,31.6,32.14,31.46,32.08,20651300,2026-02-03T03:46:19Z
TXN,2006-10-06,19.5,19.5,19.26,19.33,28568767,31.31,31.32,30.93,31.05,17789100,2026-02-03T03:46:19Z
TXN,2006-10-09,19.57,19.76,19.32,19.38,22449565,31.43,31.74,31.02,31.12,13978800,2026-02-03T03:46:19Z
TXN,2006-10-10,19.45,19.66,19.32,19.6,32748124,31.23,31.58,31.03,31.47,20391500,2026-02-03T03:46:19Z
TXN,2006-10-11,19.91,19.99,19.38,19.45,28663027,31.98,32.1,31.12,31.23,17847800,2026-02-03T03:46:19Z
TXN,2006-10-12,20.23,20.29,19.8,20.06,25403315,32.49,32.59,31.8,32.22,15818000,2026-02-03T03:46:19Z
TXN,2006-10-13,20.43,20.54,20.21,20.28,18520706,32.81,32.98,32.45,32.57,11532400,2026-02-03T03:46:19Z
TXN,2006-10-16,20.59,20.7,20.29,20.47,16717739,33.06,33.25,32.59,32.87,10409700,2026-02-03T03:46:19Z
TXN,2006-10-17,20.15,20.36,19.98,20.28,26668439,32.36,32.69,32.09,32.57,16605800,2026-02-03T03:46:19Z
TXN,2006-10-18,19.66,20.08,19.33,19.99,31133016,31.57,32.24,31.04,32.1,19385800,2026-02-03T03:46:19Z
TXN,2006-10-19,19.69,19.99,19.44,19.99,25590056,31.62,32.1,31.22,32.1,15934300,2026-02-03T03:46:19Z
TXN,2006-10-20,19.53,19.72,19.49,19.7,22310532,31.37,31.67,31.3,31.64,13892200,2026-02-03T03:46:19Z
TXN,2006-10-23,19.85,19.91,19.3,19.32,42172674,31.88,31.98,31,31.02,26259900,2026-02-03T03:46:19Z
TXN,2006-10-24,19,19.8,18.99,19.74,66771380,30.52,31.79,30.49,31.7,41577000,2026-02-03T03:46:19Z
TXN,2006-10-25,19.13,19.32,18.69,18.81,39409327,30.73,31.03,30.01,30.2,24539200,2026-02-03T03:46:19Z
TXN,2006-10-26,19.12,19.25,18.9,19.2,31074676,30.7,30.92,30.36,30.83,19349400,2026-02-03T03:46:19Z
TXN,2006-10-27,18.64,19.06,18.54,19.02,30182765,29.9,30.57,29.74,30.5,18818600,2026-02-03T03:46:19Z
TXN,2006-10-30,18.8,19.03,18.53,18.61,21329197,30.16,30.52,29.72,29.85,13298500,2026-02-03T03:46:19Z
TXN,2006-10-31,18.82,18.92,18.67,18.77,25236369,30.18,30.34,29.94,30.1,15734600,2026-02-03T03:46:19Z
TXN,2006-11-01,18.69,19.03,18.62,18.85,24515352,29.97,30.52,29.87,30.23,15285000,2026-02-03T03:46:19Z
TXN,2006-11-02,18.54,18.71,18.46,18.61,18646262,29.74,30.01,29.61,29.85,11625700,2026-02-03T03:46:19Z
TXN,2006-11-03,18.44,18.69,18.41,18.69,22795996,29.57,29.98,29.53,29.97,14213000,2026-02-03T03:46:19Z
TXN,2006-11-06,18.54,18.65,18.22,18.41,25133648,29.74,29.91,29.23,29.52,15670500,2026-02-03T03:46:19Z
TXN,2006-11-07,18.54,18.82,18.47,18.54,32398435,29.74,30.19,29.62,29.74,20200000,2026-02-03T03:46:19Z
TXN,2006-11-08,18.3,18.56,18.19,18.39,31679632,29.35,29.77,29.18,29.49,19751900,2026-02-03T03:46:19Z
TXN,2006-11-09,17.87,18.5,17.77,18.45,61431863,28.66,29.67,28.5,29.6,38302100,2026-02-03T03:46:19Z
TXN,2006-11-10,17.92,17.96,17.67,17.84,25408892,28.74,28.81,28.34,28.61,15842100,2026-02-03T03:46:19Z
TXN,2006-11-13,18.06,18.22,17.84,17.94,27198135,28.96,29.22,28.62,28.78,16957700,2026-02-03T03:46:19Z
TXN,2006-11-14,18.49,18.56,17.99,18.19,30243975,29.66,29.76,28.85,29.17,18856700,2026-02-03T03:46:19Z
TXN,2006-11-15,18.81,19,18.61,18.64,37744978,30.17,30.47,29.84,29.9,23533500,2026-02-03T03:46:19Z
TXN,2006-11-16,18.87,18.97,18.64,18.93,22607709,30.26,30.43,29.9,30.37,14095600,2026-02-03T03:46:19Z
TXN,2006-11-17,18.73,18.8,18.64,18.76,24732284,30.04,30.16,29.89,30.08,15420300,2026-02-03T03:46:19Z
TXN,2006-11-20,18.81,18.95,18.59,18.7,22568556,30.17,30.4,29.82,29.99,14071200,2026-02-03T03:46:19Z
TXN,2006-11-21,18.5,18.85,18.47,18.83,24528606,29.67,30.24,29.63,30.2,15293300,2026-02-03T03:46:19Z
TXN,2006-11-22,18.82,18.83,18.56,18.61,15196446,30.19,30.2,29.76,29.84,9474800,2026-02-03T03:46:19Z
TXN,2006-11-24,18.72,18.9,18.67,18.7,6515766,30.02,30.32,29.95,30,4062500,2026-02-03T03:46:19Z
TXN,2006-11-27,18.32,18.81,18.27,18.7,23485426,29.38,30.17,29.3,30,14642900,2026-02-03T03:46:19Z
TXN,2006-11-28,18.41,18.42,18.08,18.21,26255791,29.52,29.55,28.99,29.2,16370200,2026-02-03T03:46:19Z
TXN,2006-11-29,18.19,18.59,18.08,18.56,20980653,29.18,29.82,29,29.76,13081200,2026-02-03T03:46:19Z
TXN,2006-11-30,18.42,18.59,18.01,18.26,29684082,29.55,29.82,28.88,29.28,18507700,2026-02-03T03:46:19Z
TXN,2006-12-01,18.16,18.46,17.81,18.36,34388639,29.13,29.61,28.57,29.45,21440900,2026-02-03T03:46:19Z
TXN,2006-12-04,18.48,18.63,18.08,18.26,23347823,29.64,29.88,29,29.29,14557100,2026-02-03T03:46:19Z
TXN,2006-12-05,18.52,18.76,18.44,18.61,20594776,29.7,30.08,29.58,29.84,12840600,2026-02-03T03:46:19Z
TXN,2006-12-06,18.75,18.77,18.42,18.59,23599792,30.07,30.11,29.54,29.82,14714200,2026-02-03T03:46:19Z
TXN,2006-12-07,18.55,18.9,18.52,18.83,24395616,29.75,30.31,29.7,30.2,15210400,2026-02-03T03:46:19Z
TXN,2006-12-08,18.33,18.54,18.24,18.44,23208525,29.4,29.73,29.26,29.58,14470200,2026-02-03T03:46:19Z
TXN,2006-12-11,18.27,18.62,18.19,18.33,27391703,29.3,29.87,29.18,29.4,17078400,2026-02-03T03:46:19Z
TXN,2006-12-12,18.56,18.6,18.16,18.42,56269364,29.77,29.83,29.12,29.55,35083200,2026-02-03T03:46:19Z
TXN,2006-12-13,18.35,18.67,18.25,18.64,31420261,29.43,29.95,29.27,29.89,19590100,2026-02-03T03:46:19Z
TXN,2006-12-14,18.66,18.68,18.25,18.28,32865741,29.93,29.96,29.27,29.32,20491400,2026-02-03T03:46:19Z
TXN,2006-12-15,18.5,19.29,18.39,19.29,43130878,29.67,30.93,29.49,30.93,26891600,2026-02-03T03:46:19Z
TXN,2006-12-18,18.47,18.72,18.16,18.52,24091626,29.63,30.03,29.12,29.71,15020800,2026-02-03T03:46:19Z
TXN,2006-12-19,18,18.36,17.83,18.27,44389465,28.87,29.45,28.6,29.31,27676300,2026-02-03T03:46:19Z
TXN,2006-12-20,18.14,18.21,17.99,18.08,29625431,29.1,29.21,28.85,28.99,18471100,2026-02-03T03:46:19Z
TXN,2006-12-21,17.93,18.25,17.9,18.11,28211633,28.76,29.27,28.71,29.04,17589600,2026-02-03T03:46:19Z
TXN,2006-12-22,17.8,18.03,17.77,17.95,22961926,28.55,28.92,28.5,28.79,14316500,2026-02-03T03:46:19Z
TXN,2006-12-26,17.84,18.04,17.73,17.77,14078211,28.61,28.94,28.43,28.5,8777600,2026-02-03T03:46:19Z
TXN,2006-12-27,18.06,18.11,17.86,17.86,18817696,28.96,29.05,28.65,28.65,11732600,2026-02-03T03:46:19Z
TXN,2006-12-28,18.09,18.13,17.96,17.96,14295533,29.01,29.08,28.8,28.8,8913100,2026-02-03T03:46:19Z
TXN,2006-12-29,17.96,18.17,17.94,18.08,12327780,28.8,29.14,28.77,29,7686200,2026-02-03T03:46:19Z
TXN,2007-01-03,17.81,18.22,17.68,18.16,33339887,28.56,29.22,28.35,29.12,20787000,2026-02-03T03:46:19Z
TXN,2007-01-04,18.14,18.15,17.71,17.77,32751556,29.1,29.11,28.41,28.5,20420200,2026-02-03T03:46:19Z
TXN,2007-01-05,17.93,18.04,17.82,17.82,34430523,28.76,28.94,28.58,28.58,21467000,2026-02-03T03:46:19Z
TXN,2007-01-08,18.02,18.14,17.79,17.9,28514425,28.9,29.1,28.54,28.71,17778400,2026-02-03T03:46:19Z
TXN,2007-01-09,17.98,18.08,17.72,18.02,28779374,28.84,29,28.42,28.9,17943600,2026-02-03T03:46:19Z
TXN,2007-01-10,18.29,18.38,17.91,17.97,25279239,29.33,29.48,28.73,28.82,15761300,2026-02-03T03:46:19Z
TXN,2007-01-11,18.1,18.57,18.05,18.09,30776150,29.03,29.78,28.95,29.02,19188500,2026-02-03T03:46:19Z
TXN,2007-01-12,18.12,18.21,17.97,18.04,18796310,29.06,29.21,28.82,28.93,11719300,2026-02-03T03:46:19Z
TXN,2007-01-16,18.01,18.13,17.91,18.06,22454683,28.88,29.08,28.73,28.97,14000200,2026-02-03T03:46:19Z
TXN,2007-01-17,18.16,18.21,17.91,17.91,22097462,29.13,29.21,28.72,28.73,13777500,2026-02-03T03:46:19Z
TXN,2007-01-18,17.66,18.02,17.61,17.97,41239560,28.32,28.9,28.24,28.82,25712400,2026-02-03T03:46:19Z
TXN,2007-01-19,17.7,17.96,17.61,17.86,30339680,28.39,28.8,28.25,28.64,18916400,2026-02-03T03:46:19Z
TXN,2007-01-22,17.83,17.99,17.65,17.78,40213813,28.59,28.85,28.3,28.51,25072800,2026-02-03T03:46:19Z
TXN,2007-01-23,18.46,18.7,18.36,18.57,74353495,29.6,30,29.44,29.79,46358400,2026-02-03T03:46:19Z
TXN,2007-01-24,18.7,18.89,18.45,18.62,30889997,30,30.3,29.6,29.87,19259500,2026-02-03T03:46:19Z
TXN,2007-01-25,19,19.43,18.93,18.95,50906457,30.47,31.17,30.37,30.4,31739600,2026-02-03T03:46:19Z
TXN,2007-01-26,19.34,19.46,18.98,19.11,37971698,31.02,31.21,30.44,30.65,23674900,2026-02-03T03:46:19Z
TXN,2007-01-29,19.32,19.57,19.25,19.37,34244222,30.94,31.34,30.84,31.02,21378400,2026-02-03T03:46:19Z
TXN,2007-01-30,19.25,19.48,19.16,19.38,29596671,30.84,31.2,30.69,31.04,18477000,2026-02-03T03:46:19Z
TXN,2007-01-31,19.47,19.55,19.1,19.25,25386955,31.19,31.32,30.6,30.83,15848900,2026-02-03T03:46:19Z
TXN,2007-02-01,19.58,19.79,19.48,19.56,23473879,31.37,31.7,31.21,31.33,14654600,2026-02-03T03:46:19Z
TXN,2007-02-02,19.6,19.78,19.56,19.69,23406384,31.39,31.69,31.33,31.54,14612400,2026-02-03T03:46:19Z
TXN,2007-02-05,19.72,19.94,19.59,19.67,25914776,31.59,31.94,31.38,31.51,16178400,2026-02-03T03:46:19Z
TXN,2007-02-06,19.49,19.77,19.37,19.69,31784636,31.22,31.66,31.02,31.54,19842900,2026-02-03T03:46:19Z
TXN,2007-02-07,19.38,19.47,19.1,19.35,40369939,31.04,31.18,30.6,31,25202600,2026-02-03T03:46:19Z
TXN,2007-02-08,19.4,19.51,19.23,19.29,23133239,31.08,31.25,30.8,30.9,14441900,2026-02-03T03:46:19Z
TXN,2007-02-09,19.3,19.97,19.2,19.66,36659624,30.92,31.98,30.76,31.49,22886300,2026-02-03T03:46:19Z
TXN,2007-02-12,19.05,19.4,18.85,19.35,25387251,30.51,31.08,30.2,30.99,15849100,2026-02-03T03:46:19Z
TXN,2007-02-13,18.9,19.24,18.67,19.08,35746128,30.27,30.81,29.91,30.56,22316000,2026-02-03T03:46:19Z
TXN,2007-02-14,19.32,19.47,19.01,19.01,23770050,30.95,31.18,30.45,30.45,14839500,2026-02-03T03:46:19Z
TXN,2007-02-15,19.45,19.48,19.14,19.2,23960187,31.16,31.21,30.65,30.75,14958200,2026-02-03T03:46:19Z
TXN,2007-02-16,19.22,19.48,19.12,19.35,21462561,30.78,31.2,30.63,31,13398900,2026-02-03T03:46:19Z
TXN,2007-02-20,19.38,19.42,18.95,19.17,17646037,31.05,31.11,30.36,30.7,11016300,2026-02-03T03:46:19Z
TXN,2007-02-21,19.34,19.35,19.15,19.28,15254693,30.98,31,30.68,30.88,9523400,2026-02-03T03:46:19Z
TXN,2007-02-22,20.03,20.06,19.64,19.73,50608034,32.09,32.13,31.46,31.6,31594300,2026-02-03T03:46:19Z
TXN,2007-02-23,20.11,20.33,19.98,20,27866851,32.21,32.57,32.01,32.03,17397100,2026-02-03T03:46:19Z
TXN,2007-02-26,19.83,20.2,19.74,20.17,23964536,31.77,32.35,31.62,32.31,14960900,2026-02-03T03:46:19Z
TXN,2007-02-27,19.15,19.82,18.9,19.42,30810799,30.67,31.75,30.28,31.11,19235000,2026-02-03T03:46:19Z
TXN,2007-02-28,19.33,19.52,19.1,19.26,32310488,30.96,31.27,30.6,30.85,20171200,2026-02-03T03:46:19Z
TXN,2007-03-01,19.22,19.36,18.67,19.07,34509244,30.79,31.01,29.9,30.55,21543900,2026-02-03T03:46:19Z
TXN,2007-03-02,19.2,19.34,19.01,19.1,30894395,30.76,30.98,30.45,30.6,19287100,2026-02-03T03:46:19Z
TXN,2007-03-05,19.29,19.53,18.98,19.03,26537932,30.9,31.29,30.4,30.48,16567400,2026-02-03T03:46:19Z
TXN,2007-03-06,19.57,19.82,19.47,19.73,33103502,31.35,31.74,31.19,31.6,20666300,2026-02-03T03:46:19Z
TXN,2007-03-07,19.44,19.72,19.38,19.57,15012168,31.14,31.59,31.05,31.35,9372000,2026-02-03T03:46:19Z
TXN,2007-03-08,19.79,19.93,19.51,19.6,23195025,31.7,31.92,31.25,31.39,14480500,2026-02-03T03:46:19Z
TXN,2007-03-09,20.26,20.43,20.09,20.29,32907385,32.46,32.73,32.18,32.5,20543800,2026-02-03T03:46:19Z
TXN,2007-03-12,20.35,20.56,20.25,20.27,31896575,32.59,32.93,32.44,32.46,19912800,2026-02-03T03:46:19Z
TXN,2007-03-13,19.82,20.1,19.67,20.04,38335287,31.74,32.19,31.51,32.1,23932500,2026-02-03T03:46:19Z
TXN,2007-03-14,19.77,19.9,19.56,19.85,24798527,31.67,31.87,31.33,31.79,15481500,2026-02-03T03:46:19Z
TXN,2007-03-15,19.71,19.83,19.64,19.72,19088662,31.57,31.76,31.46,31.58,11916900,2026-02-03T03:46:19Z
TXN,2007-03-16,19.53,19.78,19.42,19.78,32799635,31.28,31.68,31.1,31.68,20476600,2026-02-03T03:46:19Z
TXN,2007-03-19,19.49,19.82,19.38,19.82,16134112,31.22,31.74,31.05,31.74,10072400,2026-02-03T03:46:19Z
TXN,2007-03-20,19.57,19.78,19.45,19.58,16695674,31.35,31.69,31.15,31.37,10423000,2026-02-03T03:46:19Z
TXN,2007-03-21,19.79,19.97,19.52,19.61,19984995,31.7,31.99,31.26,31.42,12476500,2026-02-03T03:46:19Z
TXN,2007-03-22,19.51,19.79,19.43,19.79,25380303,31.25,31.7,31.13,31.7,15844700,2026-02-03T03:46:19Z
TXN,2007-03-23,19.58,19.72,19.4,19.51,15950545,31.36,31.59,31.08,31.25,9957800,2026-02-03T03:46:19Z
TXN,2007-03-26,19.45,19.65,19.2,19.55,17784462,31.15,31.47,30.76,31.31,11102700,2026-02-03T03:46:19Z
TXN,2007-03-27,19.49,19.57,19.33,19.35,15145313,31.22,31.35,30.97,31,9455100,2026-02-03T03:46:19Z
TXN,2007-03-28,19.17,19.46,19.04,19.46,22604764,30.7,31.17,30.49,31.17,14112000,2026-02-03T03:46:19Z
TXN,2007-03-29,18.97,19.34,18.67,19.31,32180821,30.39,30.98,29.9,30.93,20090300,2026-02-03T03:46:19Z
TXN,2007-03-30,18.79,19.12,18.77,18.87,30664960,30.1,30.62,30.06,30.23,19143900,2026-02-03T03:46:19Z
TXN,2007-04-02,18.67,18.86,18.51,18.8,27700395,29.9,30.21,29.65,30.12,17293200,2026-02-03T03:46:19Z
TXN,2007-04-03,18.77,18.94,18.7,18.8,23355207,30.07,30.34,29.95,30.11,14580500,2026-02-03T03:46:19Z
TXN,2007-04-04,19.1,19.17,18.77,18.82,19924263,30.6,30.7,30.07,30.14,12438600,2026-02-03T03:46:19Z
TXN,2007-04-05,19.24,19.48,19.04,19.04,17030954,30.82,31.2,30.49,30.5,10632300,2026-02-03T03:46:19Z
TXN,2007-04-09,19.24,19.43,19.11,19.29,12654160,30.82,31.13,30.61,30.9,7899900,2026-02-03T03:46:19Z
TXN,2007-04-10,19.52,19.53,19.17,19.2,20126126,31.26,31.28,30.7,30.75,12564600,2026-02-03T03:46:19Z
TXN,2007-04-11,19.22,19.58,19.2,19.55,19842965,30.78,31.37,30.76,31.32,12387800,2026-02-03T03:46:19Z
TXN,2007-04-12,19.35,19.42,19.14,19.17,17306121,31,31.1,30.66,30.7,10804100,2026-02-03T03:46:19Z
TXN,2007-04-13,19.25,19.43,19.09,19.43,18031006,30.83,31.13,30.57,31.13,11256600,2026-02-03T03:46:19Z
TXN,2007-04-16,19.67,19.68,19.29,19.32,17844641,31.51,31.53,30.9,30.95,11140300,2026-02-03T03:46:19Z
TXN,2007-04-17,19.55,19.72,19.4,19.63,16596704,31.31,31.59,31.08,31.45,10361200,2026-02-03T03:46:19Z
TXN,2007-04-18,19.95,20.13,19.78,19.79,28119915,31.95,32.24,31.68,31.7,17555100,2026-02-03T03:46:19Z
TXN,2007-04-19,20.28,20.38,19.76,19.79,26108388,32.49,32.64,31.65,31.7,16299300,2026-02-03T03:46:19Z
TXN,2007-04-20,20.29,20.54,20.07,20.49,24515279,32.5,32.9,32.15,32.82,15304700,2026-02-03T03:46:19Z
TXN,2007-04-23,20.23,20.45,20,20.29,32729564,32.41,32.75,32.03,32.5,20432800,2026-02-03T03:46:19Z
TXN,2007-04-24,21.8,22.16,21.64,22.14,93959447,34.92,35.5,34.67,35.47,58658200,2026-02-03T03:46:19Z
TXN,2007-04-25,22.06,22.14,21.86,21.94,38080381,35.34,35.46,35.02,35.15,23773300,2026-02-03T03:46:19Z
TXN,2007-04-26,22,22.18,21.78,22.18,28128286,35.16,35.45,34.8,35.45,17600100,2026-02-03T03:46:19Z
TXN,2007-04-27,21.79,21.97,21.64,21.74,22335245,34.83,35.11,34.59,34.75,13975400,2026-02-03T03:46:19Z
TXN,2007-04-30,21.51,21.78,21.48,21.61,20017308,34.37,34.8,34.33,34.54,12525000,2026-02-03T03:46:19Z
TXN,2007-05-01,21.8,21.87,21.35,21.5,21767628,34.84,34.95,34.12,34.36,13620200,2026-02-03T03:46:19Z
TXN,2007-05-02,21.97,22.06,21.69,21.8,19577669,35.11,35.25,34.67,34.84,12249900,2026-02-03T03:46:19Z
TXN,2007-05-03,21.96,22.07,21.85,21.96,18741324,35.09,35.27,34.92,35.09,11726600,2026-02-03T03:46:19Z
TXN,2007-05-04,22,22.05,21.78,22,15701727,35.16,35.24,34.8,35.16,9824700,2026-02-03T03:46:19Z
TXN,2007-05-07,22.03,22.04,21.81,21.87,13590796,35.2,35.23,34.86,34.95,8503900,2026-02-03T03:46:19Z
TXN,2007-05-08,22.01,22.08,21.91,21.97,19833966,35.17,35.29,35.01,35.11,12410300,2026-02-03T03:46:19Z
TXN,2007-05-09,23.04,23.17,22.16,22.26,59000971,36.83,37.03,35.42,35.57,36917500,2026-02-03T03:46:19Z
TXN,2007-05-10,22.91,23.23,22.66,22.85,34327085,36.62,37.12,36.22,36.51,21478800,2026-02-03T03:46:19Z
TXN,2007-05-11,22.96,23.09,22.7,22.91,20325441,36.7,36.9,36.27,36.62,12717800,2026-02-03T03:46:19Z
TXN,2007-05-14,23.11,23.28,22.9,23.25,22537984,36.93,37.21,36.6,37.15,14102200,2026-02-03T03:46:19Z
TXN,2007-05-15,22.94,23.3,22.87,23.15,26883523,36.67,37.23,36.55,36.99,16821300,2026-02-03T03:46:19Z
TXN,2007-05-16,22.78,22.96,22.66,22.85,26255295,36.41,36.69,36.21,36.52,16428200,2026-02-03T03:46:19Z
TXN,2007-05-17,22.49,22.74,22.18,22.63,50806321,35.94,36.34,35.44,36.16,31790000,2026-02-03T03:46:19Z
TXN,2007-05-18,22.44,22.64,22.2,22.52,23096020,35.87,36.18,35.48,35.99,14451400,2026-02-03T03:46:19Z
TXN,2007-05-21,22.24,22.58,22.17,22.31,24675159,35.55,36.09,35.43,35.65,15439500,2026-02-03T03:46:19Z
TXN,2007-05-22,22.21,22.34,21.95,22.28,19672255,35.49,35.71,35.08,35.6,12309100,2026-02-03T03:46:19Z
TXN,2007-05-23,21.91,22.23,21.78,21.98,23206604,35.01,35.52,34.8,35.13,14520600,2026-02-03T03:46:19Z
TXN,2007-05-24,21.66,22.05,21.58,21.99,26181487,34.61,35.24,34.48,35.14,16382000,2026-02-03T03:46:19Z
TXN,2007-05-25,21.83,22.01,21.66,21.74,13745198,34.89,35.18,34.61,34.75,8600500,2026-02-03T03:46:19Z
TXN,2007-05-29,21.87,22.16,21.76,21.91,18222873,34.95,35.42,34.78,35.01,11402200,2026-02-03T03:46:19Z
TXN,2007-05-30,21.91,22.09,21.64,21.76,20108202,35.01,35.31,34.59,34.77,12581900,2026-02-03T03:46:19Z
TXN,2007-05-31,22.13,22.26,21.85,21.99,20842568,35.36,35.58,34.92,35.15,13041400,2026-02-03T03:46:19Z
TXN,2007-06-01,22.48,22.51,22.15,22.42,23675187,35.92,35.98,35.4,35.83,14813800,2026-02-03T03:46:19Z
TXN,2007-06-04,22.34,22.68,22.3,22.38,15784823,35.7,36.24,35.64,35.77,9876700,2026-02-03T03:46:19Z
TXN,2007-06-05,22.03,22.37,21.87,22.3,18583888,35.21,35.75,34.95,35.64,11628100,2026-02-03T03:46:19Z
TXN,2007-06-06,21.92,22.26,21.87,21.96,21226682,35.04,35.57,34.95,35.09,13281700,2026-02-03T03:46:19Z
TXN,2007-06-07,21.52,22.01,21.51,21.81,22333098,34.39,35.18,34.38,34.85,13974000,2026-02-03T03:46:19Z
TXN,2007-06-08,22.51,22.63,21.9,21.91,41915246,35.97,36.16,35,35.02,26226800,2026-02-03T03:46:19Z
TXN,2007-06-11,22.39,22.68,22.36,22.48,20900154,35.79,36.25,35.74,35.93,13077400,2026-02-03T03:46:19Z
TXN,2007-06-12,21.92,22.31,21.73,21.81,32602120,35.04,35.66,34.72,34.86,20399400,2026-02-03T03:46:19Z
TXN,2007-06-13,22.43,24.03,21.98,22.08,26624370,35.84,38.41,35.12,35.29,16659100,2026-02-03T03:46:19Z
TXN,2007-06-14,22.92,23.02,22.46,22.46,22177421,36.63,36.79,35.89,35.89,13876600,2026-02-03T03:46:19Z
TXN,2007-06-15,23.06,23.21,22.87,23.11,30809416,36.86,37.1,36.55,36.93,19277700,2026-02-03T03:46:19Z
TXN,2007-06-18,23.46,23.48,23.03,23.14,21220875,37.5,37.53,36.8,36.98,13278100,2026-02-03T03:46:19Z
TXN,2007-06-19,23.13,23.3,22.84,23.3,23889022,36.97,37.23,36.5,37.23,14947600,2026-02-03T03:46:19Z
TXN,2007-06-20,22.99,23.31,22.93,23.28,22402111,36.75,37.25,36.64,37.21,14017200,2026-02-03T03:46:19Z
TXN,2007-06-21,23.45,23.48,22.74,22.93,23525287,37.48,37.52,36.35,36.65,14720000,2026-02-03T03:46:19Z
TXN,2007-06-22,23.22,23.54,23.12,23.45,20086780,37.11,37.62,36.95,37.47,12568500,2026-02-03T03:46:19Z
TXN,2007-06-25,23.2,23.45,22.98,23.19,25615137,37.07,37.47,36.72,37.06,16027600,2026-02-03T03:46:19Z
TXN,2007-06-26,23.18,23.28,22.95,23.24,16378034,37.04,37.2,36.68,37.14,10247900,2026-02-03T03:46:19Z
TXN,2007-06-27,23.64,23.75,22.96,23.1,22766958,37.78,37.96,36.7,36.92,14245500,2026-02-03T03:46:19Z
TXN,2007-06-28,23.61,23.75,23.53,23.63,17795461,37.74,37.96,37.61,37.76,11134800,2026-02-03T03:46:19Z
TXN,2007-06-29,23.55,23.84,23.46,23.73,20511637,37.63,38.1,37.5,37.93,12834300,2026-02-03T03:46:19Z
TXN,2007-07-02,23.81,23.88,23.6,23.6,12636697,38.06,38.16,37.71,37.71,7906900,2026-02-03T03:46:19Z
TXN,2007-07-03,23.9,23.9,23.76,23.84,6980077,38.2,38.2,37.98,38.1,4367500,2026-02-03T03:46:19Z
TXN,2007-07-05,23.85,23.88,23.63,23.84,14406073,38.12,38.17,37.76,38.1,9014000,2026-02-03T03:46:19Z
TXN,2007-07-06,23.99,24.08,23.77,23.92,9372081,38.34,38.49,37.99,38.22,5864200,2026-02-03T03:46:19Z
TXN,2007-07-09,23.93,24.23,23.84,23.94,15157985,38.25,38.73,38.1,38.26,9484500,2026-02-03T03:46:19Z
TXN,2007-07-10,23.85,24.15,23.7,23.83,15598445,38.11,38.59,37.87,38.09,9760100,2026-02-03T03:46:19Z
TXN,2007-07-11,23.85,23.9,23.53,23.78,15930388,38.11,38.2,37.61,38.01,9967800,2026-02-03T03:46:19Z
TXN,2007-07-12,24.25,24.27,23.7,23.96,22844986,38.75,38.78,37.88,38.29,14294300,2026-02-03T03:46:19Z
TXN,2007-07-13,24.21,24.57,24.21,24.34,22892307,38.7,39.27,38.69,38.9,14323900,2026-02-03T03:46:19Z
TXN,2007-07-16,24.45,24.5,24.22,24.27,17748469,39.07,39.16,38.7,38.78,11105400,2026-02-03T03:46:19Z
TXN,2007-07-17,24.52,24.8,24.28,24.44,18625095,39.18,39.63,38.8,39.06,11653900,2026-02-03T03:46:19Z
TXN,2007-07-18,24.1,24.33,23.76,24.22,22301270,38.52,38.89,37.97,38.7,13954100,2026-02-03T03:46:19Z
TXN,2007-07-19,24.03,24.33,23.87,24.33,20430925,38.4,38.89,38.15,38.88,12783800,2026-02-03T03:46:19Z
TXN,2007-07-20,23.78,24.4,23.75,23.99,22094774,38.01,38.99,37.96,38.34,13824900,2026-02-03T03:46:19Z
TXN,2007-07-23,23.89,24.27,23.74,23.95,29561785,38.18,38.79,37.94,38.27,18497100,2026-02-03T03:46:19Z
TXN,2007-07-24,22.81,23.21,22.61,22.83,43499197,36.46,37.1,36.14,36.49,27217900,2026-02-03T03:46:19Z
TXN,2007-07-25,23.02,23.27,22.89,23.21,26875951,36.79,37.19,36.58,37.1,16816500,2026-02-03T03:46:19Z
TXN,2007-07-26,22.51,23.31,22.16,22.84,28447990,35.97,37.25,35.41,36.5,17800200,2026-02-03T03:46:19Z
TXN,2007-07-27,22.03,22.59,22.01,22.53,25018457,35.13,36.03,35.1,35.92,15689200,2026-02-03T03:46:19Z
TXN,2007-07-30,22.54,22.76,22.06,22.11,18978820,35.95,36.3,35.17,35.25,11901700,2026-02-03T03:46:19Z
TXN,2007-07-31,22.07,23.2,21.99,22.7,29587898,35.19,36.99,35.06,36.2,18554700,2026-02-03T03:46:19Z
TXN,2007-08-01,22.02,22.36,21.56,22.11,38938398,35.11,35.65,34.38,35.25,24418400,2026-02-03T03:46:19Z
TXN,2007-08-02,21.84,21.92,21.46,21.92,31961947,34.82,34.95,34.22,34.95,20043500,2026-02-03T03:46:19Z
TXN,2007-08-03,21.16,21.79,21.16,21.7,27262610,33.74,34.75,33.74,34.61,17096500,2026-02-03T03:46:19Z
TXN,2007-08-06,21.33,21.57,21.17,21.18,27422410,34.01,34.4,33.75,33.77,17196700,2026-02-03T03:46:19Z
TXN,2007-08-07,21.33,21.64,20.91,21.19,25136188,34.01,34.5,33.35,33.79,15763000,2026-02-03T03:46:19Z
TXN,2007-08-08,21.15,21.52,20.83,21.01,45529168,33.73,34.32,33.22,33.5,28551500,2026-02-03T03:46:19Z
TXN,2007-08-09,20.78,21.15,20.46,20.85,39790766,33.13,33.72,32.63,33.25,24953000,2026-02-03T03:46:19Z
TXN,2007-08-10,20.75,21.2,20.51,20.57,27249508,33.09,33.81,32.71,32.8,17088300,2026-02-03T03:46:19Z
TXN,2007-08-13,20.8,21.13,20.77,21.03,28527695,33.17,33.7,33.12,33.53,17889800,2026-02-03T03:46:19Z
TXN,2007-08-14,20.67,21.04,20.66,20.9,33160284,32.96,33.55,32.95,33.32,20794900,2026-02-03T03:46:19Z
TXN,2007-08-15,20.27,20.75,20.17,20.63,29740523,32.32,33.09,32.17,32.9,18650400,2026-02-03T03:46:19Z
TXN,2007-08-16,20.4,20.62,19.94,20.16,34597917,32.53,32.88,31.8,32.14,21696500,2026-02-03T03:46:19Z
TXN,2007-08-17,20.75,20.98,20.51,20.85,26524113,33.09,33.45,32.7,33.25,16633400,2026-02-03T03:46:19Z
TXN,2007-08-20,20.99,21.25,20.73,20.82,21217663,33.47,33.89,33.05,33.2,13305700,2026-02-03T03:46:19Z
TXN,2007-08-21,21.12,21.29,21.07,21.13,20935885,33.68,33.95,33.6,33.7,13129000,2026-02-03T03:46:19Z
TXN,2007-08-22,21.4,21.49,21.25,21.27,21438350,34.13,34.26,33.88,33.91,13444100,2026-02-03T03:46:19Z
TXN,2007-08-23,21.42,21.59,21.19,21.57,19170188,34.15,34.42,33.79,34.4,12021700,2026-02-03T03:46:19Z
TXN,2007-08-24,21.98,22.01,21.27,21.46,21225820,35.05,35.1,33.92,34.22,13310800,2026-02-03T03:46:19Z
TXN,2007-08-27,21.61,21.94,21.51,21.92,14444814,34.46,34.98,34.3,34.95,9058400,2026-02-03T03:46:19Z
TXN,2007-08-28,20.96,21.66,20.86,21.6,22653993,33.42,34.54,33.26,34.44,14206400,2026-02-03T03:46:19Z
TXN,2007-08-29,21.5,21.63,21.07,21.13,19218179,34.29,34.49,33.6,33.7,12051800,2026-02-03T03:46:19Z
TXN,2007-08-30,21.37,21.7,21.13,21.32,17497262,34.08,34.6,33.69,34,10972600,2026-02-03T03:46:19Z
TXN,2007-08-31,21.47,21.72,21.09,21.63,19753540,34.24,34.64,33.63,34.49,12387500,2026-02-03T03:46:19Z
TXN,2007-09-04,22.09,22.48,21.54,21.55,27507845,35.23,35.84,34.34,34.37,17250300,2026-02-03T03:46:19Z
TXN,2007-09-05,22.2,22.26,21.84,21.98,20739287,35.4,35.49,34.82,35.05,13005700,2026-02-03T03:46:19Z
TXN,2007-09-06,22.61,22.63,22.01,22.23,21233159,36.05,36.08,35.1,35.45,13315400,2026-02-03T03:46:19Z
TXN,2007-09-07,22.14,22.33,21.72,22.28,23688063,35.3,35.6,34.64,35.53,14854900,2026-02-03T03:46:19Z
TXN,2007-09-10,22.09,22.58,21.8,22.39,16344979,35.22,36,34.76,35.71,10250000,2026-02-03T03:46:19Z
TXN,2007-09-11,22.4,22.68,22.17,22.31,22223002,35.72,36.16,35.35,35.58,13936100,2026-02-03T03:46:19Z
TXN,2007-09-12,22.02,22.26,21.79,21.91,35130843,35.12,35.49,34.75,34.93,22030700,2026-02-03T03:46:19Z
TXN,2007-09-13,21.89,22.07,21.72,22.06,23958419,34.9,35.2,34.64,35.17,15024400,2026-02-03T03:46:19Z
TXN,2007-09-14,21.75,21.92,21.57,21.72,22461790,34.68,34.96,34.39,34.64,14085900,2026-02-03T03:46:19Z
TXN,2007-09-17,21.69,21.78,21.61,21.64,16478254,34.58,34.73,34.46,34.5,10333600,2026-02-03T03:46:19Z
TXN,2007-09-18,21.79,21.98,21.6,21.67,32710034,34.74,35.05,34.44,34.56,20512600,2026-02-03T03:46:19Z
TXN,2007-09-19,22.09,22.23,21.83,21.91,22532789,35.22,35.44,34.81,34.94,14130400,2026-02-03T03:46:19Z
TXN,2007-09-20,22.43,22.54,22.07,22.1,18993669,35.77,35.94,35.2,35.24,11911000,2026-02-03T03:46:19Z
TXN,2007-09-21,22.96,23.27,22.43,22.95,31186756,36.62,37.1,35.77,36.59,19557300,2026-02-03T03:46:19Z
TXN,2007-09-24,22.86,23.21,22.78,23.11,20158388,36.46,37.01,36.32,36.85,12641400,2026-02-03T03:46:19Z
TXN,2007-09-25,22.73,22.96,22.65,22.81,21232410,36.24,36.61,36.11,36.37,13314900,2026-02-03T03:46:19Z
TXN,2007-09-26,22.76,23.13,22.75,22.88,16725435,36.3,36.88,36.28,36.49,10488600,2026-02-03T03:46:19Z
TXN,2007-09-27,23.07,23.26,22.85,22.86,16723032,36.79,37.09,36.43,36.45,10487100,2026-02-03T03:46:19Z
TXN,2007-09-28,22.95,23.31,22.85,23.1,15002638,36.59,37.17,36.44,36.84,9408200,2026-02-03T03:46:19Z
TXN,2007-10-01,23.08,23.31,22.92,23.03,14892585,36.81,37.17,36.55,36.73,9339200,2026-02-03T03:46:19Z
TXN,2007-10-02,22.97,23.29,22.87,23.23,17197162,36.63,37.14,36.47,37.05,10784400,2026-02-03T03:46:19Z
TXN,2007-10-03,22.64,22.95,22.48,22.84,17156345,36.11,36.6,35.84,36.42,10758800,2026-02-03T03:46:19Z
TXN,2007-10-04,22.7,22.86,22.48,22.64,15608072,36.2,36.45,35.84,36.1,9787900,2026-02-03T03:46:19Z
TXN,2007-10-05,22.91,23.05,22.73,22.92,13348172,36.54,36.75,36.24,36.55,8370700,2026-02-03T03:46:19Z
TXN,2007-10-08,22.83,23.08,22.78,22.89,11598213,36.41,36.8,36.33,36.5,7273300,2026-02-03T03:46:19Z
TXN,2007-10-09,22.95,23.05,22.58,22.93,17593122,36.59,36.75,36,36.56,11032700,2026-02-03T03:46:19Z
TXN,2007-10-10,22.82,23.03,22.63,22.93,16453581,36.39,36.72,36.09,36.57,10318100,2026-02-03T03:46:19Z
TXN,2007-10-11,22.09,22.97,21.97,22.8,34844898,35.23,36.63,35.04,36.35,21851400,2026-02-03T03:46:19Z
TXN,2007-10-12,22.19,22.42,22.09,22.22,15321549,35.39,35.75,35.22,35.43,9608200,2026-02-03T03:46:19Z
TXN,2007-10-15,21.58,22.19,21.55,22.19,30074621,34.42,35.38,34.36,35.38,18859900,2026-02-03T03:46:19Z
TXN,2007-10-16,21.58,21.82,21.4,21.5,24137199,34.41,34.79,34.13,34.28,15136500,2026-02-03T03:46:19Z
TXN,2007-10-17,21.97,22.14,21.74,21.99,22497598,35.03,35.3,34.66,35.07,14108300,2026-02-03T03:46:19Z
TXN,2007-10-18,21.57,21.94,21.33,21.91,26636225,34.4,34.99,34.02,34.93,16703700,2026-02-03T03:46:19Z
TXN,2007-10-19,21.27,21.54,21.12,21.54,25788665,33.92,34.35,33.68,34.34,16172200,2026-02-03T03:46:19Z
TXN,2007-10-22,21.49,21.66,21.07,21.08,34860013,34.27,34.54,33.6,33.62,21860800,2026-02-03T03:46:19Z
TXN,2007-10-23,19.71,20.01,19.28,19.95,93535101,31.43,31.9,30.74,31.82,58656300,2026-02-03T03:46:19Z
TXN,2007-10-24,19.77,19.8,19.26,19.57,30802848,31.53,31.58,30.71,31.2,19316600,2026-02-03T03:46:19Z
TXN,2007-10-25,19.65,19.94,19.38,19.85,26190032,31.33,31.8,30.9,31.65,16423900,2026-02-03T03:46:19Z
TXN,2007-10-26,19.89,20.1,19.72,19.88,31142739,31.72,32.05,31.45,31.7,19529700,2026-02-03T03:46:19Z
TXN,2007-10-29,20.25,20.32,19.95,20.04,21280533,32.19,32.3,31.72,31.85,13387300,2026-02-03T03:46:19Z
TXN,2007-10-30,20.23,20.54,20.14,20.15,16216865,32.16,32.65,32.01,32.03,10201800,2026-02-03T03:46:19Z
TXN,2007-10-31,20.51,21.55,20.26,20.31,18656910,32.6,34.25,32.21,32.29,11736800,2026-02-03T03:46:19Z
TXN,2007-11-01,20.19,20.39,20.11,20.28,18235467,32.1,32.41,31.96,32.23,11471700,2026-02-03T03:46:19Z
TXN,2007-11-02,20.2,20.36,19.97,20.26,23916704,32.11,32.36,31.74,32.2,15045700,2026-02-03T03:46:19Z
TXN,2007-11-05,20.24,20.51,19.91,20.18,23531585,32.18,32.6,31.65,32.07,14803400,2026-02-03T03:46:19Z
TXN,2007-11-06,20.9,20.96,20.24,20.26,27195563,33.22,33.32,32.18,32.2,17108400,2026-02-03T03:46:19Z
TXN,2007-11-07,20.3,20.74,20.24,20.63,27987438,32.27,32.97,32.18,32.8,17606500,2026-02-03T03:46:19Z
TXN,2007-11-08,20.12,20.45,19.82,20.34,32206993,31.98,32.51,31.51,32.33,20261000,2026-02-03T03:46:19Z
TXN,2007-11-09,19.99,20.43,19.66,19.66,27394931,31.77,32.47,31.25,31.25,17233800,2026-02-03T03:46:19Z
TXN,2007-11-12,19.75,20.31,19.71,19.79,23709329,31.39,32.28,31.33,31.46,14915200,2026-02-03T03:46:19Z
TXN,2007-11-13,20.04,20.11,19.74,19.87,23162321,31.85,31.96,31.38,31.59,14571100,2026-02-03T03:46:19Z
TXN,2007-11-14,19.55,20.14,19.47,20.13,28445875,31.07,32.02,30.95,32,17894900,2026-02-03T03:46:19Z
TXN,2007-11-15,19.43,19.72,19.29,19.51,24029898,30.89,31.34,30.66,31.01,15116900,2026-02-03T03:46:19Z
TXN,2007-11-16,19.97,19.97,19.44,19.53,24198109,31.74,31.74,30.9,31.05,15222700,2026-02-03T03:46:19Z
TXN,2007-11-19,19.45,19.96,19.33,19.88,20481246,30.91,31.73,30.72,31.6,12884500,2026-02-03T03:46:19Z
TXN,2007-11-20,19.48,19.94,19.14,19.51,25151414,30.96,31.69,30.43,31.02,15822400,2026-02-03T03:46:19Z
TXN,2007-11-21,19.28,19.59,18.93,19.34,26598582,30.64,31.14,30.09,30.75,16732800,2026-02-03T03:46:19Z
TXN,2007-11-23,19.45,19.5,19.22,19.27,8949149,30.91,31,30.55,30.64,5629800,2026-02-03T03:46:19Z
TXN,2007-11-26,19.13,19.7,19.11,19.48,16522545,30.41,31.31,30.38,30.97,10394100,2026-02-03T03:46:19Z
TXN,2007-11-27,19.32,19.47,19.04,19.19,18239889,30.71,30.95,30.26,30.51,11474500,2026-02-03T03:46:19Z
TXN,2007-11-28,20.06,20.29,19.53,19.55,25111769,31.89,32.26,31.05,31.08,15797500,2026-02-03T03:46:19Z
TXN,2007-11-29,20.04,20.22,19.92,19.95,15819443,31.86,32.14,31.67,31.72,9951800,2026-02-03T03:46:19Z
TXN,2007-11-30,19.86,20.31,19.72,20.24,21005336,31.57,32.28,31.35,32.18,13214200,2026-02-03T03:46:19Z
TXN,2007-12-03,19.86,20.23,19.74,19.87,13966095,31.57,32.16,31.38,31.58,8785900,2026-02-03T03:46:19Z
TXN,2007-12-04,19.94,20.16,19.61,19.72,16145585,31.7,32.04,31.18,31.35,10157000,2026-02-03T03:46:19Z
TXN,2007-12-05,20.37,20.52,20.02,20.09,24074456,32.38,32.62,31.83,31.93,15144900,2026-02-03T03:46:19Z
TXN,2007-12-06,20.3,20.44,20.15,20.36,17704420,32.27,32.49,32.03,32.37,11137600,2026-02-03T03:46:19Z
TXN,2007-12-07,20.43,20.77,20.31,20.38,21066768,32.48,33.01,32.28,32.39,13252800,2026-02-03T03:46:19Z
TXN,2007-12-10,20.55,20.63,20.23,20.45,24637893,32.67,32.79,32.15,32.51,15499400,2026-02-03T03:46:19Z
TXN,2007-12-11,20.72,21.77,20.67,21.43,34610216,32.93,34.6,32.85,34.07,21772800,2026-02-03T03:46:19Z
TXN,2007-12-12,20.99,21.38,20.8,20.95,24534800,33.37,33.99,33.06,33.3,15434500,2026-02-03T03:46:19Z
TXN,2007-12-13,21.07,21.32,20.81,20.85,16987177,33.49,33.89,33.08,33.14,10686400,2026-02-03T03:46:19Z
TXN,2007-12-14,20.94,21.23,20.89,20.89,14604819,33.29,33.75,33.2,33.2,9187700,2026-02-03T03:46:19Z
TXN,2007-12-17,20.89,21.04,20.75,20.92,15397696,33.21,33.45,32.98,33.25,9686500,2026-02-03T03:46:19Z
TXN,2007-12-18,20.89,21.18,20.65,21.07,16591010,33.21,33.67,32.82,33.5,10437200,2026-02-03T03:46:19Z
TXN,2007-12-19,20.79,21.38,20.7,20.76,12882023,33.04,33.99,32.91,33,8103900,2026-02-03T03:46:19Z
TXN,2007-12-20,21.04,21.09,20.76,20.89,13421013,33.45,33.52,33,33.21,8443000,2026-02-03T03:46:19Z
TXN,2007-12-21,21.26,21.37,21.14,21.29,19074822,33.8,33.97,33.6,33.84,11999700,2026-02-03T03:46:19Z
TXN,2007-12-24,21.46,21.55,21.25,21.25,7604176,34.12,34.25,33.78,33.78,4783700,2026-02-03T03:46:19Z
TXN,2007-12-26,21.45,21.65,21.32,21.36,9710883,34.1,34.41,33.89,33.96,6109000,2026-02-03T03:46:19Z
TXN,2007-12-27,21.16,21.49,21.1,21.45,10631908,33.64,34.16,33.54,34.1,6688400,2026-02-03T03:46:19Z
TXN,2007-12-28,21.07,21.23,20.89,21.02,11602860,33.49,33.75,33.21,33.42,7299200,2026-02-03T03:46:19Z
TXN,2007-12-31,21.01,21.28,20.87,20.99,9816928,33.4,33.82,33.18,33.37,6175700,2026-02-03T03:46:19Z
TXN,2008-01-02,20.35,20.91,20.08,20.76,26994628,32.35,33.24,31.92,33,16982000,2026-02-03T03:46:19Z
TXN,2008-01-03,19.9,20.35,19.82,20.29,24703752,31.64,32.35,31.5,32.26,15540800,2026-02-03T03:46:19Z
TXN,2008-01-04,19.21,19.75,19.04,19.7,29466236,30.53,31.4,30.27,31.31,18536800,2026-02-03T03:46:19Z
TXN,2008-01-07,19.18,19.4,18.89,19.29,22233605,30.49,30.83,30.02,30.66,13986900,2026-02-03T03:46:19Z
TXN,2008-01-08,19.19,19.89,19.03,19.24,37296656,30.5,31.61,30.25,30.59,23462900,2026-02-03T03:46:19Z
TXN,2008-01-09,19.17,19.26,18.74,19.1,26687524,30.48,30.61,29.79,30.36,16788800,2026-02-03T03:46:19Z
TXN,2008-01-10,19.14,19.25,18.81,19.06,23658274,30.43,30.6,29.9,30.3,14883100,2026-02-03T03:46:19Z
TXN,2008-01-11,18.81,19.05,18.7,19.01,25302225,29.9,30.28,29.72,30.21,15917300,2026-02-03T03:46:19Z
TXN,2008-01-14,19.12,19.25,18.94,19,20043060,30.4,30.6,30.11,30.2,12608800,2026-02-03T03:46:19Z
TXN,2008-01-15,18.7,19.16,18.58,18.88,28066811,29.72,30.46,29.53,30.01,17656500,2026-02-03T03:46:19Z
TXN,2008-01-16,18.56,19.07,17.93,18.25,37226739,29.5,30.31,28.5,29.01,23418900,2026-02-03T03:46:19Z
TXN,2008-01-17,18.43,18.95,18.36,18.61,27135771,29.29,30.13,29.18,29.58,17070800,2026-02-03T03:46:19Z
TXN,2008-01-18,18.53,18.91,18.22,18.56,41011344,29.46,30.06,28.96,29.5,25799700,2026-02-03T03:46:19Z
TXN,2008-01-22,18.23,18.49,17.61,17.65,38959247,28.98,29.39,28,28.06,24508700,2026-02-03T03:46:19Z
TXN,2008-01-23,19.06,19.06,17.87,17.93,48009027,30.3,30.3,28.4,28.51,30201800,2026-02-03T03:46:19Z
TXN,2008-01-24,19.14,19.33,18.77,19.21,34433438,30.42,30.73,29.83,30.54,21661600,2026-02-03T03:46:19Z
TXN,2008-01-25,18.74,19.48,18.67,19.35,28546772,29.79,30.97,29.68,30.76,17958400,2026-02-03T03:46:19Z
TXN,2008-01-28,19.07,19.07,18.5,18.73,18978632,30.32,30.32,29.41,29.77,11939200,2026-02-03T03:46:19Z
TXN,2008-01-29,19.17,19.38,18.98,19.21,17298697,30.37,30.71,30.07,30.44,10918400,2026-02-03T03:46:19Z
TXN,2008-01-30,19.47,19.72,19.04,19.06,23888328,30.85,31.24,30.17,30.2,15077600,2026-02-03T03:46:19Z
TXN,2008-01-31,19.53,19.75,19.18,19.25,24453331,30.95,31.29,30.39,30.5,15434200,2026-02-03T03:46:19Z
TXN,2008-02-01,19.89,19.94,19.25,19.5,21038472,31.52,31.59,30.5,30.89,13278800,2026-02-03T03:46:19Z
TXN,2008-02-04,19.67,19.9,19.54,19.88,14517842,31.16,31.53,30.95,31.5,9163200,2026-02-03T03:46:19Z
TXN,2008-02-05,18.77,19.3,18.77,18.95,24484681,29.74,30.58,29.74,30.02,15454000,2026-02-03T03:46:19Z
TXN,2008-02-06,18.61,19.16,18.54,18.9,21496906,29.49,30.36,29.37,29.94,13568200,2026-02-03T03:46:19Z
TXN,2008-02-07,18.44,18.73,17.94,18.34,33592829,29.21,29.68,28.43,29.05,21202700,2026-02-03T03:46:19Z
TXN,2008-02-08,18.68,18.84,18.3,18.3,18616252,29.6,29.85,29,29,11750000,2026-02-03T03:46:19Z
TXN,2008-02-11,19.04,19.24,18.62,18.71,18207759,30.16,30.49,29.5,29.65,11492200,2026-02-03T03:46:19Z
TXN,2008-02-12,19.13,19.55,19.05,19.11,17215387,30.31,30.98,30.18,30.28,10865800,2026-02-03T03:46:19Z
TXN,2008-02-13,19.47,19.57,19.19,19.35,23023268,30.85,31,30.41,30.65,14531600,2026-02-03T03:46:19Z
TXN,2008-02-14,19.07,19.58,19,19.52,15602816,30.22,31.02,30.1,30.92,9848000,2026-02-03T03:46:19Z
TXN,2008-02-15,19.02,19.11,18.87,19.01,14915514,30.13,30.28,29.89,30.11,9414200,2026-02-03T03:46:19Z
TXN,2008-02-19,18.81,19.21,18.72,19.09,18631178,29.8,30.43,29.66,30.24,11759400,2026-02-03T03:46:19Z
TXN,2008-02-20,19.13,19.24,18.62,18.67,16758456,30.31,30.48,29.5,29.58,10577400,2026-02-03T03:46:19Z
TXN,2008-02-21,18.91,19.55,18.83,19.22,20037289,29.96,30.98,29.83,30.45,12646900,2026-02-03T03:46:19Z
TXN,2008-02-22,19.04,19.3,18.68,19.04,21910894,30.17,30.58,29.6,30.16,13829500,2026-02-03T03:46:19Z
TXN,2008-02-25,19.17,19.3,18.78,19.02,18643514,30.38,30.58,29.75,30.13,11767200,2026-02-03T03:46:19Z
TXN,2008-02-26,19.66,19.9,19.12,19.12,28105963,31.15,31.53,30.29,30.29,17739600,2026-02-03T03:46:19Z
TXN,2008-02-27,19.83,19.99,19.54,19.54,20085300,31.42,31.67,30.95,30.95,12677200,2026-02-03T03:46:19Z
TXN,2008-02-28,19.58,20.24,19.34,19.66,14275706,31.02,32.06,30.64,31.14,9010400,2026-02-03T03:46:19Z
TXN,2008-02-29,18.91,19.53,18.85,19.41,23299335,29.96,30.94,29.87,30.75,14705800,2026-02-03T03:46:19Z
TXN,2008-03-03,18.89,19.07,18.71,18.92,18212226,29.93,30.21,29.65,29.97,11495000,2026-02-03T03:46:19Z
TXN,2008-03-04,18.47,18.81,18.01,18.75,41921774,29.27,29.8,28.53,29.71,26459700,2026-02-03T03:46:19Z
TXN,2008-03-05,18.78,18.97,18.44,18.58,22681061,29.75,30.05,29.21,29.44,14315600,2026-02-03T03:46:19Z
TXN,2008-03-06,18.43,18.78,18.33,18.72,20054415,29.2,29.75,29.04,29.66,12657700,2026-02-03T03:46:19Z
TXN,2008-03-07,18.49,19.04,18.31,18.32,27921600,29.3,30.17,29.01,29.03,17623200,2026-02-03T03:46:19Z
TXN,2008-03-10,18.71,19.01,18.54,18.54,29105932,29.65,30.11,29.38,29.38,18370800,2026-02-03T03:46:19Z
TXN,2008-03-11,18.15,18.8,17.46,18.24,58756917,28.76,29.78,27.67,28.9,37085500,2026-02-03T03:46:19Z
TXN,2008-03-12,17.91,18.29,17.84,17.99,30664327,28.38,28.98,28.27,28.5,19354400,2026-02-03T03:46:19Z
TXN,2008-03-13,18.32,18.44,17.69,17.76,32115847,29.02,29.22,28.03,28.14,20270500,2026-02-03T03:46:19Z
TXN,2008-03-14,17.81,18.46,17.59,18.42,31356855,28.21,29.25,27.87,29.18,19791500,2026-02-03T03:46:19Z
TXN,2008-03-17,18.1,18.32,17.36,17.41,30944531,28.68,29.03,27.51,27.59,19531200,2026-02-03T03:46:19Z
TXN,2008-03-18,18.61,18.62,18.08,18.41,20177123,29.48,29.5,28.64,29.17,12735200,2026-02-03T03:46:19Z
TXN,2008-03-19,17.74,18.49,17.73,18.41,27368995,28.11,29.3,28.09,29.16,17274500,2026-02-03T03:46:19Z
TXN,2008-03-20,17.85,18.37,17.5,17.85,35717610,28.28,29.11,27.73,28.28,22543900,2026-02-03T03:46:19Z
TXN,2008-03-24,18.35,18.59,17.8,17.91,22105151,29.07,29.45,28.2,28.37,13952100,2026-02-03T03:46:19Z
TXN,2008-03-25,18.49,18.64,18.23,18.39,15756511,29.29,29.53,28.88,29.13,9945000,2026-02-03T03:46:19Z
TXN,2008-03-26,18.27,18.71,18.15,18.42,15390683,28.95,29.64,28.75,29.19,9714100,2026-02-03T03:46:19Z
TXN,2008-03-27,18.05,18.35,18,18.3,17837875,28.59,29.07,28.52,29,11258700,2026-02-03T03:46:19Z
TXN,2008-03-28,17.89,18.56,17.84,18.15,19814851,28.34,29.4,28.26,28.75,12506500,2026-02-03T03:46:19Z
TXN,2008-03-31,17.84,17.96,17.7,17.86,27633561,28.27,28.46,28.05,28.3,17441400,2026-02-03T03:46:19Z
TXN,2008-04-01,18.51,18.56,17.96,17.98,22648421,29.32,29.4,28.46,28.48,14295000,2026-02-03T03:46:19Z
TXN,2008-04-02,18.64,18.94,18.49,18.49,18502209,29.54,30.01,29.3,29.3,11678000,2026-02-03T03:46:19Z
TXN,2008-04-03,19.02,19.19,18.49,18.57,23563763,30.13,30.41,29.3,29.42,14872700,2026-02-03T03:46:19Z
TXN,2008-04-04,18.87,19.06,18.59,19.06,28196788,29.89,30.2,29.45,30.19,17796900,2026-02-03T03:46:19Z
TXN,2008-04-07,18.97,19.11,18.76,18.92,19702213,30.06,30.27,29.72,29.98,12435400,2026-02-03T03:46:19Z
TXN,2008-04-08,18.44,18.8,18.38,18.77,18967708,29.21,29.79,29.12,29.73,11971800,2026-02-03T03:46:19Z
TXN,2008-04-09,18.63,18.68,18.41,18.41,16050384,29.52,29.59,29.17,29.17,10130500,2026-02-03T03:46:19Z
TXN,2008-04-10,18.98,19.21,18.54,18.62,22310090,30.07,30.44,29.37,29.5,14081400,2026-02-03T03:46:19Z
TXN,2008-04-11,18.57,18.93,18.53,18.9,15172633,29.42,29.99,29.36,29.95,9576500,2026-02-03T03:46:19Z
TXN,2008-04-14,18.13,18.59,18.07,18.52,14502434,28.72,29.45,28.63,29.35,9153500,2026-02-03T03:46:19Z
TXN,2008-04-15,18.13,18.25,17.74,18.25,18864333,28.72,28.92,28.11,28.92,11906600,2026-02-03T03:46:19Z
TXN,2008-04-16,18.69,18.75,18.32,18.49,18587587,29.61,29.7,29.03,29.29,11731900,2026-02-03T03:46:19Z
TXN,2008-04-17,18.17,19.25,17.86,18.27,27558638,28.79,30.5,28.29,28.94,17394200,2026-02-03T03:46:19Z
TXN,2008-04-18,18.68,18.98,18.43,18.66,32403688,29.6,30.07,29.2,29.57,20452200,2026-02-03T03:46:19Z
TXN,2008-04-21,19.31,19.35,18.66,18.87,38956996,30.59,30.66,29.57,29.9,24588500,2026-02-03T03:46:19Z
TXN,2008-04-22,18.19,18.71,17.91,18.58,47075005,28.82,29.64,28.38,29.43,29712300,2026-02-03T03:46:19Z
TXN,2008-04-23,18.34,18.81,18.15,18.25,32528002,29.06,29.8,28.75,28.91,20530700,2026-02-03T03:46:19Z
TXN,2008-04-24,18.68,18.77,18.18,18.36,21001984,29.6,29.74,28.81,29.09,13255800,2026-02-03T03:46:19Z
TXN,2008-04-25,18.66,18.82,18.38,18.72,14982085,29.56,29.81,29.12,29.66,9456200,2026-02-03T03:46:19Z
TXN,2008-04-28,18.59,18.79,18.52,18.66,12882146,29.36,29.67,29.25,29.47,8158400,2026-02-03T03:46:19Z
TXN,2008-04-29,18.78,18.95,18.53,18.53,17624045,29.66,29.93,29.26,29.26,11161500,2026-02-03T03:46:19Z
TXN,2008-04-30,18.47,18.85,18.28,18.8,24085414,29.16,29.76,28.87,29.68,15253600,2026-02-03T03:46:19Z
TXN,2008-05-01,18.75,18.99,18.47,18.52,30193704,29.6,29.99,29.16,29.24,19122000,2026-02-03T03:46:19Z
TXN,2008-05-02,18.81,18.97,18.51,18.97,26837420,29.7,29.96,29.22,29.96,16996400,2026-02-03T03:46:19Z
TXN,2008-05-05,18.54,18.89,18.35,18.68,23562531,29.27,29.83,28.97,29.49,14922400,2026-02-03T03:46:19Z
TXN,2008-05-06,18.77,18.91,18.29,18.41,20568452,29.64,29.86,28.88,29.07,13026200,2026-02-03T03:46:19Z
TXN,2008-05-07,18.7,19.06,18.63,18.78,20078964,29.52,30.1,29.41,29.65,12716200,2026-02-03T03:46:19Z
TXN,2008-05-08,18.85,18.99,18.56,18.73,18697575,29.77,29.99,29.31,29.57,11841400,2026-02-03T03:46:19Z
TXN,2008-05-09,18.88,19,18.52,18.62,17868314,29.81,30,29.25,29.4,11316200,2026-02-03T03:46:19Z
TXN,2008-05-12,18.95,19.03,18.75,18.91,11525615,29.93,30.05,29.6,29.86,7299300,2026-02-03T03:46:19Z
TXN,2008-05-13,18.92,19.09,18.86,18.97,13482814,29.88,30.15,29.78,29.95,8538800,2026-02-03T03:46:19Z
TXN,2008-05-14,19.28,19.63,18.88,18.97,26778814,30.45,30.99,29.81,29.96,16959300,2026-02-03T03:46:19Z
TXN,2008-05-15,19.86,19.93,19.25,19.26,31859598,31.36,31.47,30.4,30.41,20177000,2026-02-03T03:46:19Z
TXN,2008-05-16,20.13,20.17,19.63,19.85,29199335,31.79,31.85,31,31.35,18492300,2026-02-03T03:46:19Z
TXN,2008-05-19,20.6,20.85,20.39,20.41,39253077,32.53,32.92,32.19,32.23,24859400,2026-02-03T03:46:19Z
TXN,2008-05-20,20.37,20.55,20.08,20.52,37148912,32.17,32.44,31.71,32.4,23526800,2026-02-03T03:46:19Z
TXN,2008-05-21,20.35,20.68,20.27,20.37,42443248,32.13,32.66,32,32.17,26879800,2026-02-03T03:46:19Z
TXN,2008-05-22,20.16,20.55,20.08,20.32,35954510,31.83,32.45,31.71,32.09,22770400,2026-02-03T03:46:19Z
TXN,2008-05-23,20.11,20.25,19.87,20.1,36744708,31.75,31.98,31.38,31.74,23270800,2026-02-03T03:46:19Z
TXN,2008-05-27,20.48,20.55,20.02,20.02,24848586,32.34,32.44,31.61,31.62,15736900,2026-02-03T03:46:19Z
TXN,2008-05-28,20.58,20.68,20.39,20.6,27796895,32.49,32.65,32.19,32.52,17604100,2026-02-03T03:46:19Z
TXN,2008-05-29,20.71,20.9,20.47,20.49,28415540,32.7,33,32.32,32.36,17995900,2026-02-03T03:46:19Z
TXN,2008-05-30,20.57,20.87,20.54,20.74,28512430,32.48,32.96,32.43,32.75,18057200,2026-02-03T03:46:19Z
TXN,2008-06-02,20.34,20.65,20.11,20.5,27608642,32.12,32.6,31.76,32.37,17484900,2026-02-03T03:46:19Z
TXN,2008-06-03,19.99,20.41,19.87,20.34,33929348,31.57,32.23,31.37,32.11,21487800,2026-02-03T03:46:19Z
TXN,2008-06-04,20.25,20.39,19.89,19.98,22356262,31.97,32.2,31.41,31.54,14158500,2026-02-03T03:46:19Z
TXN,2008-06-05,20.29,20.39,19.99,20.29,32674071,32.03,32.19,31.57,32.03,20692900,2026-02-03T03:46:19Z
TXN,2008-06-06,19.78,20.56,19.77,20.14,29411194,31.24,32.47,31.22,31.8,18626400,2026-02-03T03:46:19Z
TXN,2008-06-09,19.84,20.01,19.42,19.89,28790325,31.33,31.59,30.66,31.4,18233200,2026-02-03T03:46:19Z
TXN,2008-06-10,19.27,19.6,19.25,19.54,29455858,30.42,30.95,30.39,30.86,18654700,2026-02-03T03:46:19Z
TXN,2008-06-11,18.85,19.28,18.84,19.25,25051404,29.76,30.45,29.74,30.39,15865300,2026-02-03T03:46:19Z
TXN,2008-06-12,18.71,19.04,18.35,18.91,28878922,29.55,30.07,28.97,29.86,18289300,2026-02-03T03:46:19Z
TXN,2008-06-13,19.11,19.24,18.71,18.73,20552611,30.17,30.38,29.55,29.57,13016200,2026-02-03T03:46:19Z
TXN,2008-06-16,19.11,19.38,18.89,19.04,17175944,30.18,30.6,29.82,30.07,10877700,2026-02-03T03:46:19Z
TXN,2008-06-17,18.96,19.22,18.92,19.1,15707949,29.94,30.34,29.87,30.16,9948000,2026-02-03T03:46:19Z
TXN,2008-06-18,18.61,18.93,18.47,18.9,19760566,29.38,29.89,29.16,29.85,12514600,2026-02-03T03:46:19Z
TXN,2008-06-19,18.99,19.42,18.42,18.59,26570669,29.99,30.66,29.09,29.36,16827500,2026-02-03T03:46:19Z
TXN,2008-06-20,18.62,18.99,18.44,18.89,20743567,29.4,29.99,29.11,29.82,13137100,2026-02-03T03:46:19Z
TXN,2008-06-23,18.38,18.84,18.25,18.66,16553308,29.02,29.75,28.81,29.47,10483400,2026-02-03T03:46:19Z
TXN,2008-06-24,18.39,18.81,18.32,18.33,22547869,29.03,29.7,28.93,28.94,14279800,2026-02-03T03:46:19Z
TXN,2008-06-25,18.8,19.1,18.53,18.61,21636767,29.69,30.16,29.26,29.38,13702800,2026-02-03T03:46:19Z
TXN,2008-06-26,18.18,18.56,18.02,18.47,25801323,28.71,29.3,28.46,29.17,16340300,2026-02-03T03:46:19Z
TXN,2008-06-27,18.06,18.18,17.77,17.95,22249886,28.51,28.7,28.06,28.34,14091100,2026-02-03T03:46:19Z
TXN,2008-06-30,17.83,18.05,17.74,18.04,26011920,28.16,28.5,28.01,28.49,16473600,2026-02-03T03:46:19Z
TXN,2008-07-01,17.5,17.68,17.04,17.67,58318162,27.64,27.91,26.9,27.9,36933500,2026-02-03T03:46:19Z
TXN,2008-07-02,17.23,17.7,17.18,17.6,28810893,27.2,27.95,27.12,27.79,18246300,2026-02-03T03:46:19Z
TXN,2008-07-03,17.38,17.49,16.93,17.39,15910309,27.44,27.62,26.73,27.46,10076200,2026-02-03T03:46:19Z
TXN,2008-07-07,17.37,17.85,17.15,17.42,21374200,27.43,28.18,27.08,27.51,13536500,2026-02-03T03:46:19Z
TXN,2008-07-08,17.49,17.55,17.1,17.24,25451246,27.62,27.71,27,27.22,16118600,2026-02-03T03:46:19Z
TXN,2008-07-09,16.93,17.57,16.9,17.54,34115064,26.74,27.74,26.69,27.69,21605400,2026-02-03T03:46:19Z
TXN,2008-07-10,17.29,17.38,16.91,16.93,25754156,27.3,27.45,26.7,26.73,16310400,2026-02-03T03:46:19Z
TXN,2008-07-11,17.42,17.71,17.02,17.06,26135271,27.5,27.97,26.88,26.94,16551800,2026-02-03T03:46:19Z
TXN,2008-07-14,17.18,17.71,17.07,17.66,19540789,27.12,27.97,26.95,27.89,12375400,2026-02-03T03:46:19Z
TXN,2008-07-15,17.15,17.45,16.77,17.04,34485348,27.08,27.55,26.48,26.9,21840000,2026-02-03T03:46:19Z
TXN,2008-07-16,17.77,17.97,17.14,17.28,32050300,28.06,28.37,27.06,27.29,20297800,2026-02-03T03:46:19Z
TXN,2008-07-17,18.45,18.56,17.75,18.21,37000202,29.13,29.3,28.03,28.75,23432700,2026-02-03T03:46:19Z
TXN,2008-07-18,18.25,18.45,17.71,18.33,23547384,28.82,29.14,27.97,28.94,14912800,2026-02-03T03:46:19Z
TXN,2008-07-21,18.06,18.3,17.88,18.24,25030554,28.52,28.9,28.23,28.8,15852100,2026-02-03T03:46:19Z
TXN,2008-07-22,15.42,16.26,14.74,15.76,116984570,24.35,25.68,23.28,24.89,74087504,2026-02-03T03:46:19Z
TXN,2008-07-23,15.85,15.86,15.42,15.52,55113983,25.02,25.05,24.35,24.51,34904200,2026-02-03T03:46:19Z
TXN,2008-07-24,15.12,15.79,15.1,15.59,54976501,23.88,24.93,23.84,24.62,34817300,2026-02-03T03:46:19Z
TXN,2008-07-25,15.2,15.34,15.15,15.22,50333444,24,24.22,23.92,24.03,31876800,2026-02-03T03:46:19Z
TXN,2008-07-28,15.18,15.3,15.08,15.19,33763742,23.97,24.16,23.81,23.99,21383000,2026-02-03T03:46:19Z
TXN,2008-07-29,15.45,15.57,15.17,15.32,24619578,24.29,24.48,23.86,24.09,15657200,2026-02-03T03:46:19Z
TXN,2008-07-30,15.58,15.77,15.38,15.54,25340928,24.5,24.8,24.18,24.44,16115900,2026-02-03T03:46:19Z
TXN,2008-07-31,15.5,15.82,15.36,15.53,21549020,24.38,24.88,24.15,24.42,13704400,2026-02-03T03:46:19Z
TXN,2008-08-01,15.35,15.79,15.24,15.55,24552758,24.14,24.82,23.97,24.45,15614700,2026-02-03T03:46:19Z
TXN,2008-08-04,15.36,15.53,15.28,15.35,17905765,24.15,24.42,24.03,24.14,11387400,2026-02-03T03:46:19Z
TXN,2008-08-05,15.86,15.9,15.43,15.43,19731077,24.94,25,24.26,24.26,12548300,2026-02-03T03:46:19Z
TXN,2008-08-06,15.91,15.98,15.44,15.84,25418827,25.01,25.12,24.27,24.91,16165500,2026-02-03T03:46:19Z
TXN,2008-08-07,15.96,16.45,15.65,15.77,26986269,25.1,25.86,24.6,24.8,17162300,2026-02-03T03:46:19Z
TXN,2008-08-08,16.37,16.5,15.9,16.02,20201317,25.74,25.94,25,25.19,12847300,2026-02-03T03:46:19Z
TXN,2008-08-11,16.62,16.8,16.31,16.33,22402839,26.14,26.42,25.65,25.67,14247400,2026-02-03T03:46:19Z
TXN,2008-08-12,16.79,16.98,16.57,16.57,22208265,26.4,26.7,26.06,26.06,14123700,2026-02-03T03:46:19Z
TXN,2008-08-13,16.63,17.11,16.47,16.82,16016903,26.15,26.9,25.9,26.45,10186200,2026-02-03T03:46:19Z
TXN,2008-08-14,16.39,16.76,16.24,16.51,26535453,25.77,26.36,25.54,25.96,16875600,2026-02-03T03:46:19Z
TXN,2008-08-15,16.23,16.44,15.78,16.4,29095834,25.52,25.85,24.81,25.79,18503900,2026-02-03T03:46:19Z
TXN,2008-08-18,16.05,16.39,15.93,16.24,18684112,25.24,25.77,25.05,25.53,11882400,2026-02-03T03:46:19Z
TXN,2008-08-19,15.78,16.02,15.72,15.98,14809139,24.81,25.19,24.71,25.12,9418100,2026-02-03T03:46:19Z
TXN,2008-08-20,15.52,15.82,15.41,15.79,27071538,24.4,24.88,24.23,24.83,17216500,2026-02-03T03:46:19Z
TXN,2008-08-21,15.51,15.65,15.36,15.36,16557814,24.39,24.6,24.15,24.15,10530200,2026-02-03T03:46:19Z
TXN,2008-08-22,15.68,15.7,15.52,15.56,10090830,24.65,24.69,24.41,24.46,6417400,2026-02-03T03:46:19Z
TXN,2008-08-25,15.47,15.72,15.44,15.58,12944868,24.32,24.72,24.27,24.5,8232500,2026-02-03T03:46:19Z
TXN,2008-08-26,15.42,15.51,15.28,15.39,19267790,24.25,24.39,24.03,24.2,12253600,2026-02-03T03:46:19Z
TXN,2008-08-27,15.49,15.58,15.3,15.41,12957829,24.35,24.49,24.06,24.23,8240700,2026-02-03T03:46:19Z
TXN,2008-08-28,15.7,15.74,15.44,15.57,12446420,24.69,24.75,24.28,24.48,7915500,2026-02-03T03:46:19Z
TXN,2008-08-29,15.59,15.7,15.47,15.65,19595264,24.51,24.69,24.33,24.6,12461900,2026-02-03T03:46:19Z
TXN,2008-09-02,15.54,16,15.18,16,31139499,24.43,25.16,23.87,25.16,19803600,2026-02-03T03:46:19Z
TXN,2008-09-03,14.94,15.61,14.79,15.47,35107949,23.49,24.54,23.25,24.33,22327400,2026-02-03T03:46:19Z
TXN,2008-09-04,14.25,14.99,14.21,14.77,31311978,22.4,23.57,22.34,23.22,19913300,2026-02-03T03:46:19Z
TXN,2008-09-05,14.4,14.53,13.87,13.9,36569428,22.64,22.84,21.81,21.86,23256800,2026-02-03T03:46:19Z
TXN,2008-09-08,14.23,14.75,13.97,14.61,29385571,22.38,23.2,21.97,22.98,18688200,2026-02-03T03:46:19Z
TXN,2008-09-09,13.81,14.14,13.67,13.92,35182751,21.71,22.23,21.49,21.88,22375000,2026-02-03T03:46:19Z
TXN,2008-09-10,13.9,14.46,13.84,14.44,33491237,21.85,22.74,21.76,22.7,21299200,2026-02-03T03:46:19Z
TXN,2008-09-11,14.11,14.13,13.71,13.78,24903980,22.19,22.22,21.55,21.66,15838100,2026-02-03T03:46:19Z
TXN,2008-09-12,14.09,14.17,13.77,14.04,18265659,22.15,22.28,21.65,22.07,11616300,2026-02-03T03:46:19Z
TXN,2008-09-15,13.93,14.21,13.75,13.76,27716919,21.91,22.35,21.62,21.64,17627000,2026-02-03T03:46:19Z
TXN,2008-09-16,14.37,14.51,13.72,13.79,47444914,22.59,22.82,21.57,21.69,30173200,2026-02-03T03:46:19Z
TXN,2008-09-17,14.05,14.47,14.02,14.3,40317690,22.09,22.75,22.05,22.49,25640700,2026-02-03T03:46:19Z
TXN,2008-09-18,14.47,14.75,13.61,14.28,41108563,22.75,23.2,21.4,22.46,26143600,2026-02-03T03:46:19Z
TXN,2008-09-19,15.01,16.09,14.61,15.1,36765798,23.6,25.3,22.98,23.74,23381800,2026-02-03T03:46:19Z
TXN,2008-09-22,14.44,15.01,14.23,14.95,26113166,22.71,23.6,22.38,23.51,16607100,2026-02-03T03:46:19Z
TXN,2008-09-23,14.01,14.61,13.95,14.44,24918527,22.03,22.97,21.93,22.71,15847300,2026-02-03T03:46:19Z
TXN,2008-09-24,14.06,14.23,13.95,14.06,18207116,22.11,22.38,21.94,22.1,11579100,2026-02-03T03:46:19Z
TXN,2008-09-25,14.43,14.61,14,14,25548500,22.69,22.97,22.01,22.01,16247900,2026-02-03T03:46:19Z
TXN,2008-09-26,14.79,14.81,14.09,14.09,24415571,23.26,23.29,22.16,22.16,15527400,2026-02-03T03:46:19Z
TXN,2008-09-29,13.68,14.62,13.55,14.44,34989681,21.51,22.99,21.3,22.71,22252200,2026-02-03T03:46:19Z
TXN,2008-09-30,13.67,13.99,13.59,13.99,32463693,21.5,22,21.37,22,20645700,2026-02-03T03:46:19Z
TXN,2008-10-01,13.76,13.84,13.41,13.57,28258279,21.64,21.76,21.09,21.34,17971300,2026-02-03T03:46:19Z
TXN,2008-10-02,13.14,13.64,13.09,13.64,35144799,20.66,21.45,20.58,21.45,22350800,2026-02-03T03:46:19Z
TXN,2008-10-03,13.39,13.74,13.13,13.32,33738861,21.06,21.61,20.64,20.94,21456700,2026-02-03T03:46:19Z
TXN,2008-10-06,13.13,13.41,12.5,13.11,47979590,20.64,21.09,19.65,20.61,30513300,2026-02-03T03:46:19Z
TXN,2008-10-07,12.4,13.44,12.38,13.3,41918558,19.5,21.13,19.47,20.91,26658700,2026-02-03T03:46:19Z
TXN,2008-10-08,12.3,12.93,12.03,12.16,54506297,19.34,20.33,18.92,19.12,34664200,2026-02-03T03:46:19Z
TXN,2008-10-09,11.78,12.75,11.78,12.5,39793131,18.52,20.04,18.52,19.65,25307100,2026-02-03T03:46:19Z
TXN,2008-10-10,12.19,12.82,10.96,11.24,65690349,19.16,20.15,17.23,17.68,41776800,2026-02-03T03:46:19Z
TXN,2008-10-13,12.85,12.97,12.12,12.54,34700005,20.2,20.4,19.05,19.72,22068000,2026-02-03T03:46:19Z
TXN,2008-10-14,11.99,13.27,11.65,13.27,42877819,18.85,20.86,18.32,20.86,27268700,2026-02-03T03:46:19Z
TXN,2008-10-15,11.03,11.99,10.96,11.72,33824636,17.35,18.86,17.23,18.43,21511300,2026-02-03T03:46:19Z
TXN,2008-10-16,11.21,11.27,10.33,11.04,45088964,17.63,17.72,16.25,17.36,28675100,2026-02-03T03:46:19Z
TXN,2008-10-17,11.22,11.64,10.85,11.09,28850439,17.65,18.3,17.06,17.43,18347900,2026-02-03T03:46:19Z
TXN,2008-10-20,11.43,11.47,11.17,11.26,32686220,17.98,18.03,17.56,17.7,20787200,2026-02-03T03:46:19Z
TXN,2008-10-21,10.72,10.98,10.08,10.21,57634988,16.85,17.26,15.85,16.05,36653800,2026-02-03T03:46:19Z
TXN,2008-10-22,10.35,10.99,10.18,10.68,40618629,16.28,17.28,16,16.79,25832000,2026-02-03T03:46:19Z
TXN,2008-10-23,10.86,10.98,10.28,10.35,48947895,17.08,17.27,16.16,16.27,31129200,2026-02-03T03:46:19Z
TXN,2008-10-24,10.78,11.15,9.92,10.11,39227028,16.95,17.53,15.6,15.89,24947000,2026-02-03T03:46:19Z
TXN,2008-10-27,11.23,11.47,10.54,10.62,45381282,17.66,18.03,16.58,16.7,28860800,2026-02-03T03:46:19Z
TXN,2008-10-28,12.39,12.39,11.06,11.49,42491639,19.48,19.48,17.39,18.06,27023200,2026-02-03T03:46:19Z
TXN,2008-10-29,11.61,12.28,11.56,12.22,39346080,18.15,19.2,18.08,19.11,25164800,2026-02-03T03:46:19Z
TXN,2008-10-30,12.24,12.34,11.77,11.97,36073552,19.13,19.29,18.4,18.72,23071800,2026-02-03T03:46:19Z
TXN,2008-10-31,12.51,12.7,11.99,12.07,26895643,19.56,19.86,18.75,18.87,17201800,2026-02-03T03:46:19Z
TXN,2008-11-03,12.09,12.65,11.99,12.47,22546621,18.91,19.78,18.75,19.5,14420300,2026-02-03T03:46:19Z
TXN,2008-11-04,12.21,12.41,12.05,12.4,26796203,19.09,19.41,18.84,19.38,17138200,2026-02-03T03:46:19Z
TXN,2008-11-05,11.69,12.13,11.67,12.02,25444621,18.28,18.97,18.24,18.8,16273700,2026-02-03T03:46:19Z
TXN,2008-11-06,10.96,11.96,10.88,11.62,32389520,17.14,18.7,17.01,18.17,20715500,2026-02-03T03:46:19Z
TXN,2008-11-07,11.01,11.23,10.78,11.07,35190963,17.22,17.55,16.86,17.31,22507300,2026-02-03T03:46:19Z
TXN,2008-11-10,10.82,11.23,10.71,11.1,19322690,16.92,17.56,16.75,17.35,12358300,2026-02-03T03:46:19Z
TXN,2008-11-11,10.8,11.12,10.63,10.71,26701379,16.89,17.38,16.62,16.75,17077500,2026-02-03T03:46:19Z
TXN,2008-11-12,10.46,10.84,10.44,10.64,22846619,16.36,16.95,16.33,16.63,14612200,2026-02-03T03:46:19Z
TXN,2008-11-13,11.12,11.16,10.1,10.44,32720035,17.39,17.45,15.79,16.33,20926900,2026-02-03T03:46:19Z
TXN,2008-11-14,10.3,10.96,10.28,10.94,26156471,16.11,17.14,16.07,17.11,16729100,2026-02-03T03:46:19Z
TXN,2008-11-17,10.18,10.48,10.12,10.21,22309053,15.91,16.39,15.82,15.96,14268400,2026-02-03T03:46:19Z
TXN,2008-11-18,10.12,10.41,9.8,10.32,26148541,15.83,16.27,15.32,16.14,16724000,2026-02-03T03:46:19Z
TXN,2008-11-19,9.36,10.28,9.36,10.2,25621339,14.63,16.08,14.63,15.94,16386800,2026-02-03T03:46:19Z
TXN,2008-11-20,8.97,9.78,8.94,9.32,35885943,14.02,15.29,13.97,14.57,22951900,2026-02-03T03:46:19Z
TXN,2008-11-21,9.38,9.39,8.72,9.01,36473772,14.67,14.68,13.63,14.09,23327800,2026-02-03T03:46:19Z
TXN,2008-11-24,9.76,9.92,9.26,9.38,27563032,15.26,15.51,14.48,14.67,17628600,2026-02-03T03:46:19Z
TXN,2008-11-25,9.32,9.98,9.2,9.91,29683471,14.58,15.6,14.38,15.49,18984800,2026-02-03T03:46:19Z
TXN,2008-11-26,9.93,9.97,9.04,9.15,23498582,15.52,15.58,14.14,14.31,15029100,2026-02-03T03:46:19Z
TXN,2008-11-28,9.96,10.16,9.82,9.98,8347247,15.57,15.89,15.35,15.61,5338700,2026-02-03T03:46:19Z
TXN,2008-12-01,8.96,9.77,8.96,9.73,23951073,14.01,15.28,14.01,15.22,15318600,2026-02-03T03:46:19Z
TXN,2008-12-02,9.36,9.4,8.85,9.15,27353255,14.64,14.69,13.84,14.3,17494500,2026-02-03T03:46:19Z
TXN,2008-12-03,9.76,9.78,9.08,9.08,27326781,15.26,15.29,14.2,14.2,17477500,2026-02-03T03:46:19Z
TXN,2008-12-04,9.25,9.74,9.16,9.6,26183654,14.47,15.23,14.33,15.01,16746500,2026-02-03T03:46:19Z
TXN,2008-12-05,9.31,9.37,8.56,8.96,31003129,14.56,14.65,13.38,14.01,19828800,2026-02-03T03:46:19Z
TXN,2008-12-08,9.48,9.75,9.34,9.52,28559437,14.82,15.24,14.6,14.89,18265900,2026-02-03T03:46:19Z
TXN,2008-12-09,9.95,10.32,9.15,9.2,54038337,15.55,16.14,14.3,14.38,34561600,2026-02-03T03:46:19Z
TXN,2008-12-10,10.06,10.47,9.72,9.84,27563187,15.73,16.37,15.2,15.38,17628700,2026-02-03T03:46:19Z
TXN,2008-12-11,9.68,10.12,9.54,10.01,24917396,15.14,15.82,14.91,15.65,15936600,2026-02-03T03:46:19Z
TXN,2008-12-12,9.97,10.03,9.31,9.47,26087725,15.59,15.68,14.56,14.81,16685100,2026-02-03T03:46:19Z
TXN,2008-12-15,9.89,10.18,9.63,9.97,17831417,15.47,15.91,15.06,15.59,11404500,2026-02-03T03:46:19Z
TXN,2008-12-16,10.42,10.48,9.82,10,28049189,16.29,16.38,15.36,15.63,17939600,2026-02-03T03:46:19Z
TXN,2008-12-17,10.39,10.55,10,10.2,22106073,16.25,16.5,15.64,15.95,14138500,2026-02-03T03:46:19Z
TXN,2008-12-18,9.63,10.23,9.52,10.18,25940038,15.06,16,14.89,15.91,16590600,2026-02-03T03:46:19Z
TXN,2008-12-19,9.64,9.85,9.56,9.66,26151402,15.08,15.4,14.95,15.11,16725800,2026-02-03T03:46:19Z
TXN,2008-12-22,9.41,9.63,9.19,9.57,12699613,14.71,15.06,14.37,14.96,8122400,2026-02-03T03:46:19Z
TXN,2008-12-23,9.12,9.56,9.05,9.54,14768146,14.26,14.94,14.15,14.92,9445400,2026-02-03T03:46:19Z
TXN,2008-12-24,9.24,9.27,9.1,9.27,5504411,14.45,14.5,14.23,14.5,3520500,2026-02-03T03:46:19Z
TXN,2008-12-26,9.18,9.25,9.09,9.25,5296173,14.35,14.46,14.21,14.46,3387300,2026-02-03T03:46:19Z
TXN,2008-12-29,9.38,9.4,9.11,9.15,16139252,14.67,14.7,14.25,14.31,10322300,2026-02-03T03:46:19Z
TXN,2008-12-30,9.7,9.73,9.32,9.41,22811453,15.16,15.22,14.58,14.71,14589700,2026-02-03T03:46:19Z
TXN,2008-12-31,9.93,10.05,9.62,9.68,21034758,15.52,15.72,15.04,15.14,13453300,2026-02-03T03:46:19Z
TXN,2009-01-02,10.26,10.34,9.85,9.91,23757145,16.04,16.17,15.4,15.5,15194500,2026-02-03T03:46:19Z
TXN,2009-01-05,10.14,10.27,9.97,10.17,18224842,15.86,16.05,15.58,15.9,11656200,2026-02-03T03:46:19Z
TXN,2009-01-06,10.52,10.68,10.15,10.21,22566725,16.45,16.7,15.87,15.96,14433100,2026-02-03T03:46:19Z
TXN,2009-01-07,9.96,10.24,9.84,10.23,21123356,15.58,16.01,15.39,16,13510000,2026-02-03T03:46:19Z
TXN,2009-01-08,9.77,9.98,9.54,9.93,17312131,15.28,15.6,14.91,15.52,11072400,2026-02-03T03:46:19Z
TXN,2009-01-09,9.57,9.84,9.36,9.77,22591115,14.96,15.39,14.63,15.27,14448800,2026-02-03T03:46:19Z
TXN,2009-01-12,9.42,9.65,9.31,9.48,20543355,14.73,15.09,14.56,14.82,13139100,2026-02-03T03:46:19Z
TXN,2009-01-13,9.49,9.72,9.29,9.32,21039895,14.84,15.19,14.52,14.57,13456600,2026-02-03T03:46:19Z
TXN,2009-01-14,9.02,9.39,8.93,9.37,24987552,14.1,14.68,13.96,14.65,15981400,2026-02-03T03:46:19Z
TXN,2009-01-15,9.3,9.41,8.89,8.97,27688760,14.54,14.71,13.9,14.03,17709000,2026-02-03T03:46:19Z
TXN,2009-01-16,9.61,9.63,9.16,9.47,33617853,15.02,15.06,14.33,14.8,21501100,2026-02-03T03:46:19Z
TXN,2009-01-20,9.22,9.65,9.17,9.52,39256433,14.41,15.08,14.34,14.88,25107500,2026-02-03T03:46:19Z
TXN,2009-01-21,9.31,9.41,8.9,9.32,22138793,14.56,14.72,13.92,14.57,14159400,2026-02-03T03:46:19Z
TXN,2009-01-22,9.18,9.34,8.9,9.01,25033958,14.36,14.6,13.92,14.08,16011100,2026-02-03T03:46:19Z
TXN,2009-01-23,9.59,9.8,8.9,9.05,29574572,14.99,15.32,13.92,14.15,18915100,2026-02-03T03:46:19Z
TXN,2009-01-26,9.45,9.86,9.24,9.44,31321190,14.77,15.41,14.45,14.76,20032200,2026-02-03T03:46:19Z
TXN,2009-01-27,9.79,10.16,9.68,10.04,42366858,15.31,15.88,15.14,15.7,27096800,2026-02-03T03:46:19Z
TXN,2009-01-28,10.02,10.13,9.77,9.96,23618174,15.56,15.73,15.16,15.46,15214900,2026-02-03T03:46:19Z
TXN,2009-01-29,9.63,9.99,9.54,9.99,18852780,14.95,15.51,14.81,15.51,12145100,2026-02-03T03:46:19Z
TXN,2009-01-30,9.63,9.82,9.35,9.8,34843748,14.95,15.25,14.51,15.21,22446600,2026-02-03T03:46:19Z
TXN,2009-02-02,10.11,10.24,9.44,9.55,39538871,15.69,15.9,14.66,14.82,25471200,2026-02-03T03:46:19Z
TXN,2009-02-03,10.32,10.47,9.96,10.21,29547635,16.02,16.25,15.46,15.85,19034800,2026-02-03T03:46:19Z
TXN,2009-02-04,10.6,11.03,10.26,10.26,39053614,16.45,17.12,15.92,15.92,25158600,2026-02-03T03:46:19Z
TXN,2009-02-05,10.85,11.04,10.38,10.44,37283981,16.84,17.13,16.11,16.2,24018500,2026-02-03T03:46:19Z
TXN,2009-02-06,11.2,11.3,10.78,10.85,30041942,17.38,17.54,16.73,16.84,19353200,2026-02-03T03:46:19Z
TXN,2009-02-09,11.14,11.28,10.98,11.18,28695021,17.3,17.51,17.04,17.35,18485400,2026-02-03T03:46:19Z
TXN,2009-02-10,10.64,11.27,10.55,11.02,33232952,16.52,17.49,16.37,17.1,21408900,2026-02-03T03:46:19Z
TXN,2009-02-11,10.46,10.82,10.22,10.67,30857239,16.23,16.79,15.86,16.56,19878300,2026-02-03T03:46:19Z
TXN,2009-02-12,10.56,10.67,10.14,10.28,35966256,16.39,16.56,15.74,15.96,23169600,2026-02-03T03:46:19Z
TXN,2009-02-13,10.92,11.16,10.62,10.63,43969288,16.95,17.32,16.49,16.5,28325300,2026-02-03T03:46:19Z
TXN,2009-02-17,10.16,10.63,10.13,10.57,34183420,15.77,16.5,15.72,16.4,22021100,2026-02-03T03:46:19Z
TXN,2009-02-18,10.21,10.4,9.97,10.24,24982541,15.85,16.15,15.47,15.9,16093800,2026-02-03T03:46:19Z
TXN,2009-02-19,9.64,10.3,9.53,10.28,34845768,14.96,15.99,14.8,15.95,22447800,2026-02-03T03:46:19Z
TXN,2009-02-20,9.69,9.88,9.34,9.48,35944309,15.04,15.34,14.5,14.72,23155400,2026-02-03T03:46:19Z
TXN,2009-02-23,9.46,9.84,9.4,9.8,27375519,14.69,15.28,14.6,15.21,17635500,2026-02-03T03:46:19Z
TXN,2009-02-24,9.85,9.95,9.5,9.51,27369997,15.29,15.44,14.74,14.76,17631900,2026-02-03T03:46:19Z
TXN,2009-02-25,9.9,10.13,9.57,9.79,30030777,15.36,15.72,14.86,15.19,19346000,2026-02-03T03:46:19Z
TXN,2009-02-26,9.43,10.24,9.36,9.97,41310903,14.64,15.9,14.53,15.47,26612800,2026-02-03T03:46:19Z
TXN,2009-02-27,9.24,9.5,9.13,9.34,28700933,14.35,14.74,14.17,14.49,18489200,2026-02-03T03:46:19Z
TXN,2009-03-02,8.87,9.37,8.83,9.08,26599616,13.77,14.54,13.7,14.1,17135600,2026-02-03T03:46:19Z
TXN,2009-03-03,9.15,9.39,8.86,8.96,42246847,14.2,14.58,13.75,13.91,27215600,2026-02-03T03:46:19Z
TXN,2009-03-04,9.57,9.74,9.21,9.28,40025333,14.85,15.12,14.3,14.4,25784400,2026-02-03T03:46:19Z
TXN,2009-03-05,9.6,9.87,9.28,9.34,37906936,14.9,15.32,14.41,14.5,24419700,2026-02-03T03:46:19Z
TXN,2009-03-06,9.48,9.87,9.12,9.69,40062326,14.71,15.32,14.16,15.04,25808200,2026-02-03T03:46:19Z
TXN,2009-03-09,9.46,9.78,9.37,9.38,30792589,14.69,15.18,14.54,14.56,19836800,2026-02-03T03:46:19Z
TXN,2009-03-10,10.09,10.17,9.55,9.66,39202469,15.66,15.79,14.82,15,25254300,2026-02-03T03:46:19Z
TXN,2009-03-11,10.12,10.24,9.9,10.13,28181603,15.71,15.9,15.36,15.73,18154800,2026-02-03T03:46:19Z
TXN,2009-03-12,10.27,10.29,9.88,10.1,25717811,15.94,15.98,15.34,15.68,16567500,2026-02-03T03:46:19Z
TXN,2009-03-13,10.44,10.5,10.19,10.32,27555570,16.21,16.3,15.82,16.02,17751500,2026-02-03T03:46:19Z
TXN,2009-03-16,10.12,10.62,10.07,10.5,21605616,15.71,16.48,15.64,16.3,13918500,2026-02-03T03:46:19Z
TXN,2009-03-17,10.6,10.6,10.03,10.15,25406133,16.45,16.46,15.57,15.76,16366800,2026-02-03T03:46:19Z
TXN,2009-03-18,10.87,11.02,10.49,10.55,32084292,16.88,17.1,16.28,16.38,20668900,2026-02-03T03:46:19Z
TXN,2009-03-19,10.69,11.06,10.58,10.96,21050914,16.6,17.17,16.42,17.01,13561100,2026-02-03T03:46:19Z
TXN,2009-03-20,10.17,10.74,10.07,10.69,33395916,15.78,16.67,15.64,16.6,21513700,2026-02-03T03:46:19Z
TXN,2009-03-23,10.96,10.96,10.24,10.5,29440700,17.01,17.01,15.9,16.3,18965800,2026-02-03T03:46:19Z
TXN,2009-03-24,10.73,11.01,10.63,10.88,19264077,16.65,17.09,16.5,16.89,12410000,2026-02-03T03:46:19Z
TXN,2009-03-25,10.58,11.05,10.39,10.78,22723641,16.43,17.15,16.12,16.73,14638700,2026-02-03T03:46:19Z
TXN,2009-03-26,11.18,11.22,10.64,10.74,28582202,17.36,17.41,16.51,16.67,18412800,2026-02-03T03:46:19Z
TXN,2009-03-27,11.03,11.36,10.95,11.07,21626481,17.12,17.63,16.99,17.18,13931900,2026-02-03T03:46:19Z
TXN,2009-03-30,10.58,10.9,10.48,10.79,14691815,16.42,16.92,16.27,16.75,9464500,2026-02-03T03:46:19Z
TXN,2009-03-31,10.64,10.83,10.54,10.72,20836272,16.51,16.81,16.36,16.64,13422800,2026-02-03T03:46:19Z
TXN,2009-04-01,10.47,10.66,10.31,10.46,39689504,16.25,16.54,16,16.23,25568100,2026-02-03T03:46:19Z
TXN,2009-04-02,10.61,10.88,10.35,10.38,42937957,16.47,16.89,16.06,16.11,27660700,2026-02-03T03:46:19Z
TXN,2009-04-03,10.93,10.94,10.47,10.64,33582680,16.96,16.98,16.25,16.52,21634100,2026-02-03T03:46:19Z
TXN,2009-04-06,10.64,10.81,10.46,10.8,29809212,16.51,16.78,16.23,16.77,19203200,2026-02-03T03:46:19Z
TXN,2009-04-07,10.54,10.81,10.37,10.51,18971434,16.36,16.78,16.1,16.31,12221500,2026-02-03T03:46:19Z
TXN,2009-04-08,10.82,10.95,10.47,10.75,29268017,16.79,16.99,16.25,16.69,18854600,2026-02-03T03:46:19Z
TXN,2009-04-09,11.11,11.2,10.92,11.02,25849212,17.24,17.38,16.95,17.1,16652200,2026-02-03T03:46:19Z
TXN,2009-04-13,11.06,11.13,10.79,11.04,17976731,17.17,17.28,16.75,17.14,11580700,2026-02-03T03:46:19Z
TXN,2009-04-14,11.16,11.34,10.91,10.93,27304750,17.33,17.6,16.94,16.97,17589900,2026-02-03T03:46:19Z
TXN,2009-04-15,10.96,11.07,10.68,10.8,25315916,17.01,17.19,16.57,16.77,16308600,2026-02-03T03:46:19Z
TXN,2009-04-16,11.47,11.51,11.11,11.21,31200916,17.8,17.87,17.25,17.4,20099700,2026-02-03T03:46:19Z
TXN,2009-04-17,11.58,11.67,11.25,11.47,29413060,17.97,18.12,17.46,17.8,18948100,2026-02-03T03:46:19Z
TXN,2009-04-20,11.16,11.46,11,11.43,41256076,17.32,17.79,17.08,17.74,26577300,2026-02-03T03:46:19Z
TXN,2009-04-21,11.02,11.5,10.7,11.37,68440779,17.11,17.85,16.61,17.65,44089700,2026-02-03T03:46:19Z
TXN,2009-04-22,11.37,11.77,10.78,10.91,48107744,17.65,18.27,16.73,16.93,30991200,2026-02-03T03:46:19Z
TXN,2009-04-23,11.17,11.46,10.82,11.46,31642298,17.34,17.79,16.8,17.79,20384100,2026-02-03T03:46:19Z
TXN,2009-04-24,11.52,11.6,11.07,11.27,25886600,17.88,18,17.19,17.49,16676300,2026-02-03T03:46:19Z
TXN,2009-04-27,11.25,11.61,11.09,11.36,29940518,17.47,18.02,17.21,17.63,19287900,2026-02-03T03:46:19Z
TXN,2009-04-28,11.02,11.31,11,11.13,18998803,17,17.45,16.96,17.16,12316700,2026-02-03T03:46:19Z
TXN,2009-04-29,11.27,11.46,11.03,11.12,18207720,17.38,17.68,17.01,17.15,11803800,2026-02-03T03:46:19Z
TXN,2009-04-30,11.71,12.04,11.35,11.38,29181270,18.06,18.57,17.5,17.56,18917900,2026-02-03T03:46:19Z
TXN,2009-05-01,11.64,11.75,11.38,11.72,25182323,17.95,18.12,17.55,18.08,16325300,2026-02-03T03:46:19Z
TXN,2009-05-04,11.9,12.1,11.65,11.71,25157172,18.36,18.66,17.97,18.06,16309000,2026-02-03T03:46:19Z
TXN,2009-05-05,11.58,11.88,11.5,11.88,26888413,17.86,18.33,17.74,18.33,17431400,2026-02-03T03:46:19Z
TXN,2009-05-06,11.87,12.08,11.44,11.64,36441066,18.31,18.63,17.65,17.95,23624200,2026-02-03T03:46:19Z
TXN,2009-05-07,11.4,12.05,11.22,12.05,32847137,17.58,18.59,17.3,18.59,21294400,2026-02-03T03:46:19Z
TXN,2009-05-08,11.22,11.53,10.91,11.44,30323357,17.3,17.78,16.83,17.65,19658300,2026-02-03T03:46:19Z
TXN,2009-05-11,11.19,11.36,10.91,11.14,23411307,17.26,17.52,16.83,17.18,15177200,2026-02-03T03:46:19Z
TXN,2009-05-12,10.91,11.27,10.74,10.87,23860818,16.83,17.39,16.57,16.77,15468700,2026-02-03T03:46:19Z
TXN,2009-05-13,11.07,11.17,10.85,10.86,29211136,17.07,17.23,16.73,16.75,18937100,2026-02-03T03:46:19Z
TXN,2009-05-14,11.37,11.44,11.05,11.12,30198190,17.54,17.64,17.05,17.15,19577000,2026-02-03T03:46:19Z
TXN,2009-05-15,11.43,11.54,11.22,11.36,31613618,17.63,17.8,17.3,17.53,20494700,2026-02-03T03:46:19Z
TXN,2009-05-18,11.6,11.62,11.36,11.53,18916529,17.9,17.93,17.52,17.78,12263300,2026-02-03T03:46:19Z
TXN,2009-05-19,11.72,11.87,11.42,11.53,23098313,18.08,18.31,17.62,17.79,14974300,2026-02-03T03:46:19Z
TXN,2009-05-20,11.93,12.25,11.88,12.02,32509622,18.4,18.9,18.32,18.54,21075600,2026-02-03T03:46:19Z
TXN,2009-05-21,11.64,11.89,11.36,11.8,22809870,17.96,18.34,17.53,18.2,14787300,2026-02-03T03:46:19Z
TXN,2009-05-22,11.99,12.16,11.64,11.67,27415500,18.5,18.76,17.96,18,17773100,2026-02-03T03:46:19Z
TXN,2009-05-26,12.32,12.32,11.81,11.9,30429710,19,19,18.22,18.35,19727100,2026-02-03T03:46:19Z
TXN,2009-05-27,12.3,12.64,11.86,11.86,26874180,18.98,19.5,18.3,18.3,17422200,2026-02-03T03:46:19Z
TXN,2009-05-28,12.49,12.51,12.05,12.34,20860806,19.27,19.3,18.59,19.04,13523800,2026-02-03T03:46:19Z
TXN,2009-05-29,12.58,12.63,12.23,12.51,27167835,19.4,19.48,18.87,19.3,17612600,2026-02-03T03:46:19Z
TXN,2009-06-01,13.2,13.32,12.64,12.65,33611410,20.36,20.55,19.5,19.51,21789800,2026-02-03T03:46:19Z
TXN,2009-06-02,13.02,13.3,12.88,13.07,24858408,20.09,20.51,19.87,20.16,16115400,2026-02-03T03:46:19Z
TXN,2009-06-03,13,13.01,12.69,12.74,24346878,20.05,20.07,19.57,19.65,15783700,2026-02-03T03:46:19Z
TXN,2009-06-04,13.02,13.23,12.8,13.04,24911501,20.08,20.4,19.75,20.11,16149800,2026-02-03T03:46:19Z
TXN,2009-06-05,12.76,13.25,12.67,13.1,33283067,19.68,20.43,19.55,20.21,21577000,2026-02-03T03:46:19Z
TXN,2009-06-08,12.82,12.96,12.6,12.78,21712202,19.77,19.99,19.43,19.72,14075700,2026-02-03T03:46:19Z
TXN,2009-06-09,13.63,13.79,13.34,13.72,70797775,21.02,21.27,20.58,21.16,45897300,2026-02-03T03:46:19Z
TXN,2009-06-10,13.59,13.74,13.29,13.7,33206266,20.96,21.2,20.5,21.13,21527200,2026-02-03T03:46:19Z
TXN,2009-06-11,13.51,13.81,13.42,13.56,27340671,20.84,21.3,20.7,20.91,17724600,2026-02-03T03:46:19Z
TXN,2009-06-12,13.48,13.49,13.1,13.47,24255285,20.79,20.81,20.2,20.77,15724400,2026-02-03T03:46:19Z
TXN,2009-06-15,13.7,13.76,13.32,13.42,34658886,21.13,21.23,20.55,20.7,22468900,2026-02-03T03:46:19Z
TXN,2009-06-16,13.44,13.79,13.4,13.79,29274818,20.73,21.27,20.67,21.27,18978500,2026-02-03T03:46:19Z
TXN,2009-06-17,13.88,14.08,13.5,13.71,49056292,21.41,21.72,20.83,21.14,31802500,2026-02-03T03:46:19Z
TXN,2009-06-18,13.83,13.95,13.67,13.87,31855323,21.33,21.52,21.08,21.4,20651300,2026-02-03T03:46:19Z
TXN,2009-06-19,14.04,14.09,13.72,13.97,30610663,21.66,21.74,21.17,21.55,19844500,2026-02-03T03:46:19Z
TXN,2009-06-22,13.59,14.17,13.52,13.89,26785932,20.97,21.85,20.85,21.43,17365000,2026-02-03T03:46:19Z
TXN,2009-06-23,13.36,13.65,13.3,13.48,50049266,20.61,21.05,20.51,20.8,32446300,2026-02-03T03:46:19Z
TXN,2009-06-24,13.6,13.8,13.42,13.47,30320966,20.98,21.29,20.7,20.77,19656600,2026-02-03T03:46:19Z
TXN,2009-06-25,13.84,13.9,13.54,13.59,24187790,21.35,21.44,20.89,20.96,15680600,2026-02-03T03:46:19Z
TXN,2009-06-26,13.91,14.11,13.71,13.71,22719043,21.45,21.76,21.14,21.15,14728400,2026-02-03T03:46:19Z
TXN,2009-06-29,13.81,14.04,13.75,13.85,27063501,21.3,21.65,21.21,21.37,17544900,2026-02-03T03:46:19Z
TXN,2009-06-30,13.81,14.09,13.1,13.83,24951471,21.3,21.73,20.2,21.33,16175700,2026-02-03T03:46:19Z
TXN,2009-07-01,14,14.2,13.85,13.85,20390197,21.6,21.9,21.37,21.37,13218700,2026-02-03T03:46:19Z
TXN,2009-07-02,13.81,13.95,13.76,13.83,17575102,21.3,21.52,21.22,21.33,11393700,2026-02-03T03:46:19Z
TXN,2009-07-06,13.87,13.98,13.61,13.77,18944753,21.4,21.56,20.99,21.24,12281600,2026-02-03T03:46:19Z
TXN,2009-07-07,13.46,14.09,13.39,13.8,22754619,20.77,21.73,20.66,21.29,14751500,2026-02-03T03:46:19Z
TXN,2009-07-08,13.24,13.5,13.04,13.46,32077662,20.42,20.83,20.11,20.76,20795500,2026-02-03T03:46:19Z
TXN,2009-07-09,13.25,13.52,13.22,13.28,28389864,20.44,20.86,20.39,20.49,18404800,2026-02-03T03:46:19Z
TXN,2009-07-10,13.26,13.48,13.19,13.22,21271703,20.45,20.8,20.34,20.39,13790200,2026-02-03T03:46:19Z
TXN,2009-07-13,13.52,13.55,13.08,13.34,23649064,20.85,20.9,20.18,20.57,15331400,2026-02-03T03:46:19Z
TXN,2009-07-14,13.68,13.72,13.47,13.59,19384086,21.1,21.17,20.77,20.96,12566400,2026-02-03T03:46:19Z
TXN,2009-07-15,14.19,14.22,13.95,14.02,23318380,21.89,21.94,21.51,21.62,15117000,2026-02-03T03:46:19Z
TXN,2009-07-16,14.48,14.55,14.04,14.04,31914945,22.34,22.45,21.65,21.65,20690000,2026-02-03T03:46:19Z
TXN,2009-07-17,14.92,14.95,14.33,14.54,35255953,23.01,23.06,22.1,22.43,22856000,2026-02-03T03:46:19Z
TXN,2009-07-20,15.31,15.32,14.89,15.03,54501524,23.61,23.63,22.97,23.19,35332500,2026-02-03T03:46:19Z
TXN,2009-07-21,14.96,15.09,14.59,15.01,50417265,23.07,23.28,22.51,23.16,32684900,2026-02-03T03:46:19Z
TXN,2009-07-22,15.11,15.24,14.83,14.97,23382497,23.31,23.5,22.88,23.09,15158600,2026-02-03T03:46:19Z
TXN,2009-07-23,15.44,15.51,14.9,15.11,28363973,23.82,23.93,22.99,23.3,18388000,2026-02-03T03:46:19Z
TXN,2009-07-24,15.62,15.64,15.16,15.25,23264284,24.09,24.13,23.38,23.53,15081900,2026-02-03T03:46:19Z
TXN,2009-07-27,15.57,15.67,15.35,15.61,24511320,24.01,24.17,23.67,24.08,15890400,2026-02-03T03:46:19Z
TXN,2009-07-28,15.68,15.71,15.34,15.48,25796703,24.19,24.24,23.66,23.87,16723600,2026-02-03T03:46:19Z
TXN,2009-07-29,15.72,15.78,15.38,15.6,37582213,24.14,24.23,23.62,23.95,24475300,2026-02-03T03:46:19Z
TXN,2009-07-30,15.73,16.16,15.7,15.88,32851775,24.15,24.82,24.1,24.38,21394600,2026-02-03T03:46:19Z
TXN,2009-07-31,15.66,15.93,15.59,15.71,22874870,24.05,24.46,23.94,24.12,14897200,2026-02-03T03:46:19Z
TXN,2009-08-03,15.87,15.88,15.62,15.84,21843156,24.37,24.39,23.99,24.32,14225300,2026-02-03T03:46:19Z
TXN,2009-08-04,16.02,16.11,15.72,15.75,20233614,24.6,24.74,24.14,24.18,13177100,2026-02-03T03:46:19Z
TXN,2009-08-05,15.88,16.12,15.75,16.01,16627026,24.38,24.75,24.19,24.59,10828300,2026-02-03T03:46:19Z
TXN,2009-08-06,15.83,16.11,15.72,15.92,20947659,24.3,24.74,24.14,24.45,13642100,2026-02-03T03:46:19Z
TXN,2009-08-07,15.7,16.12,15.69,16,19516038,24.1,24.75,24.09,24.56,12709800,2026-02-03T03:46:19Z
TXN,2009-08-10,15.4,15.73,15.3,15.61,18604450,23.65,24.15,23.49,23.97,12116100,2026-02-03T03:46:19Z
TXN,2009-08-11,15.4,15.56,15.27,15.38,17894415,23.64,23.89,23.44,23.61,11653700,2026-02-03T03:46:19Z
TXN,2009-08-12,15.55,15.68,15.32,15.36,19374802,23.88,24.07,23.52,23.59,12617800,2026-02-03T03:46:19Z
TXN,2009-08-13,15.98,16,15.6,15.75,16953630,24.54,24.56,23.95,24.18,11041000,2026-02-03T03:46:19Z
TXN,2009-08-14,15.6,15.92,15.42,15.84,17791995,23.96,24.45,23.68,24.32,11587000,2026-02-03T03:46:19Z
TXN,2009-08-17,15.2,15.42,15.16,15.3,14637922,23.34,23.67,23.27,23.5,9532900,2026-02-03T03:46:19Z
TXN,2009-08-18,15.53,15.58,15.21,15.25,13461737,23.84,23.93,23.35,23.42,8766900,2026-02-03T03:46:19Z
TXN,2009-08-19,15.62,15.67,15.25,15.31,12769810,23.98,24.06,23.42,23.51,8316300,2026-02-03T03:46:19Z
TXN,2009-08-20,15.7,15.74,15.53,15.61,14970016,24.11,24.17,23.84,23.97,9749200,2026-02-03T03:46:19Z
TXN,2009-08-21,15.98,16.01,15.57,15.74,16379962,24.54,24.59,23.9,24.17,10667400,2026-02-03T03:46:19Z
TXN,2009-08-24,15.76,16.2,15.73,16.04,16576483,24.2,24.88,24.15,24.63,10795400,2026-02-03T03:46:19Z
TXN,2009-08-25,15.88,15.96,15.69,15.79,15220493,24.38,24.51,24.09,24.25,9912300,2026-02-03T03:46:19Z
TXN,2009-08-26,15.93,16.02,15.8,15.92,15158459,24.46,24.6,24.26,24.44,9871900,2026-02-03T03:46:19Z
TXN,2009-08-27,15.97,16,15.67,15.95,12570327,24.52,24.56,24.06,24.49,8186400,2026-02-03T03:46:19Z
TXN,2009-08-28,16.26,16.5,16.14,16.18,18470494,24.97,25.33,24.79,24.85,12028900,2026-02-03T03:46:19Z
TXN,2009-08-31,16.01,16.22,15.86,16.16,15046484,24.59,24.9,24.36,24.82,9799000,2026-02-03T03:46:19Z
TXN,2009-09-01,15.83,16.38,15.77,16,23595369,24.31,25.15,24.21,24.56,15366400,2026-02-03T03:46:19Z
TXN,2009-09-02,15.69,15.9,15.66,15.77,17074102,24.09,24.42,24.05,24.21,11119500,2026-02-03T03:46:19Z
TXN,2009-09-03,15.84,15.86,15.64,15.75,15385279,24.32,24.36,24.01,24.19,10019600,2026-02-03T03:46:19Z
TXN,2009-09-04,16.19,16.21,15.84,15.84,15162450,24.86,24.89,24.32,24.32,9874500,2026-02-03T03:46:19Z
TXN,2009-09-08,16.32,16.35,16.03,16.2,21530475,25.06,25.11,24.62,24.87,14021700,2026-02-03T03:46:19Z
TXN,2009-09-09,16.37,16.46,16.13,16.3,19687553,25.14,25.28,24.76,25.03,12821500,2026-02-03T03:46:19Z
TXN,2009-09-10,16.28,16.51,16.18,16.38,31013683,25,25.35,24.85,25.15,20197600,2026-02-03T03:46:19Z
TXN,2009-09-11,15.88,16.27,15.83,16.25,32237566,24.39,24.98,24.3,24.95,20994600,2026-02-03T03:46:19Z
TXN,2009-09-14,16.12,16.2,15.79,15.79,21110544,24.76,24.87,24.24,24.24,13748200,2026-02-03T03:46:19Z
TXN,2009-09-15,16.17,16.28,16.05,16.21,18410331,24.83,25,24.64,24.89,11989700,2026-02-03T03:46:19Z
TXN,2009-09-16,15.71,16.2,15.63,16.2,24875030,24.13,24.88,24,24.88,16199800,2026-02-03T03:46:19Z
TXN,2009-09-17,15.37,15.76,15.37,15.7,29911093,23.6,24.2,23.6,24.1,19479600,2026-02-03T03:46:19Z
TXN,2009-09-18,15.67,15.77,15.38,15.49,27890497,24.06,24.21,23.62,23.79,18163600,2026-02-03T03:46:19Z
TXN,2009-09-21,15.61,15.78,15.51,15.6,17203138,23.97,24.23,23.81,23.96,11203500,2026-02-03T03:46:19Z
TXN,2009-09-22,15.47,15.76,15.35,15.76,24761924,23.76,24.2,23.57,24.2,16126100,2026-02-03T03:46:19Z
TXN,2009-09-23,15.66,15.99,15.54,15.56,25911348,24.05,24.55,23.86,23.89,16874700,2026-02-03T03:46:19Z
TXN,2009-09-24,15.35,15.73,15.28,15.68,20899738,23.57,24.15,23.46,24.08,13610900,2026-02-03T03:46:19Z
TXN,2009-09-25,15.21,15.47,15.08,15.25,20874899,23.35,23.76,23.15,23.42,13594700,2026-02-03T03:46:19Z
TXN,2009-09-28,15.57,15.75,15.25,15.3,17548812,23.91,24.18,23.42,23.5,11428600,2026-02-03T03:46:19Z
TXN,2009-09-29,15.34,15.87,15.32,15.6,23534798,23.55,24.37,23.52,23.96,15327000,2026-02-03T03:46:19Z
TXN,2009-09-30,15.43,15.71,15.29,15.42,28632346,23.69,24.12,23.47,23.67,18646800,2026-02-03T03:46:19Z
TXN,2009-10-01,14.75,15.46,14.72,15.32,34088013,22.65,23.74,22.6,23.52,22199800,2026-02-03T03:46:19Z
TXN,2009-10-02,14.65,14.83,14.5,14.62,31360179,22.49,22.77,22.26,22.45,20423300,2026-02-03T03:46:19Z
TXN,2009-10-05,14.72,14.93,14.65,14.71,28453534,22.6,22.93,22.49,22.59,18530300,2026-02-03T03:46:19Z
TXN,2009-10-06,15.04,15.14,14.84,14.88,26067385,23.1,23.24,22.79,22.85,16976300,2026-02-03T03:46:19Z
TXN,2009-10-07,14.86,15.05,14.76,14.97,21516964,22.82,23.11,22.67,22.99,14012900,2026-02-03T03:46:19Z
TXN,2009-10-08,14.67,14.93,14.5,14.93,33607668,22.53,22.93,22.26,22.93,21886900,2026-02-03T03:46:19Z
TXN,2009-10-09,15.4,15.4,14.64,14.64,31711119,23.64,23.65,22.48,22.48,20651800,2026-02-03T03:46:19Z
TXN,2009-10-12,15.5,15.83,15.36,15.44,27575520,23.8,24.31,23.59,23.71,17958500,2026-02-03T03:46:19Z
TXN,2009-10-13,15.38,15.64,15.28,15.57,22902304,23.62,24.02,23.46,23.91,14915100,2026-02-03T03:46:19Z
TXN,2009-10-14,15.38,15.68,15.21,15.64,34600287,23.62,24.07,23.35,24.02,22533400,2026-02-03T03:46:19Z
TXN,2009-10-15,15.14,15.28,15.06,15.23,25588128,23.25,23.46,23.13,23.39,16664200,2026-02-03T03:46:19Z
TXN,2009-10-16,14.82,15.06,14.68,15.06,36724084,22.75,23.12,22.54,23.12,23916500,2026-02-03T03:46:19Z
TXN,2009-10-19,15.32,15.34,14.91,14.98,55331746,23.52,23.55,22.89,23,36034800,2026-02-03T03:46:19Z
TXN,2009-10-20,15.41,15.7,15.31,15.7,46698115,23.66,24.11,23.51,24.11,30412000,2026-02-03T03:46:19Z
TXN,2009-10-21,14.98,15.49,14.88,15.4,42573962,23,23.78,22.85,23.64,27726200,2026-02-03T03:46:19Z
TXN,2009-10-22,15.55,15.58,14.89,14.89,50048990,23.88,23.92,22.87,22.87,32594300,2026-02-03T03:46:19Z
TXN,2009-10-23,15.3,15.63,15.23,15.63,32780504,23.5,24,23.38,24,21348200,2026-02-03T03:46:19Z
TXN,2009-10-26,15.43,15.6,15.18,15.23,30330952,23.7,23.96,23.31,23.38,19753000,2026-02-03T03:46:19Z
TXN,2009-10-27,15.5,15.86,15.43,15.65,45048127,23.8,24.35,23.69,24.03,29337500,2026-02-03T03:46:19Z
TXN,2009-10-28,15.34,16.08,15.32,15.66,44210369,23.44,24.56,23.41,23.93,28937800,2026-02-03T03:46:19Z
TXN,2009-10-29,15.66,15.66,15.32,15.45,27904883,23.92,23.93,23.41,23.6,18265100,2026-02-03T03:46:19Z
TXN,2009-10-30,15.35,15.83,15.3,15.77,35846453,23.45,24.18,23.38,24.09,23463300,2026-02-03T03:46:19Z
TXN,2009-11-02,15.35,15.45,15.08,15.3,28313188,23.45,23.61,23.04,23.38,18532400,2026-02-03T03:46:19Z
TXN,2009-11-03,15.36,15.47,15.06,15.2,27541216,23.47,23.64,23.01,23.22,18027000,2026-02-03T03:46:19Z
TXN,2009-11-04,15.43,15.71,15.4,15.57,20757373,23.57,24,23.53,23.79,13586700,2026-02-03T03:46:19Z
TXN,2009-11-05,15.83,15.91,15.48,15.58,20088483,24.18,24.31,23.65,23.8,13148900,2026-02-03T03:46:19Z
TXN,2009-11-06,15.74,16.02,15.66,15.75,17961289,24.04,24.48,23.93,24.06,11756500,2026-02-03T03:46:19Z
TXN,2009-11-09,16.12,16.17,15.73,15.81,16215175,24.63,24.71,24.03,24.15,10613600,2026-02-03T03:46:19Z
TXN,2009-11-10,16.4,16.54,16.09,16.1,29659598,25.05,25.27,24.58,24.6,19413600,2026-02-03T03:46:19Z
TXN,2009-11-11,16.58,16.82,16.45,16.46,22436857,25.33,25.69,25.13,25.15,14686000,2026-02-03T03:46:19Z
TXN,2009-11-12,16.61,16.92,16.49,16.53,20359067,25.37,25.85,25.19,25.26,13326000,2026-02-03T03:46:19Z
TXN,2009-11-13,16.65,16.81,16.52,16.65,15791815,25.44,25.68,25.24,25.44,10336500,2026-02-03T03:46:19Z
TXN,2009-11-16,16.99,17.07,16.7,16.74,18919948,25.95,26.08,25.52,25.57,12384000,2026-02-03T03:46:19Z
TXN,2009-11-17,16.93,17,16.74,16.9,16714239,25.87,25.97,25.57,25.82,10940300,2026-02-03T03:46:19Z
TXN,2009-11-18,16.85,16.98,16.68,16.91,16434404,25.75,25.94,25.48,25.83,10757100,2026-02-03T03:46:19Z
TXN,2009-11-19,16.29,16.34,16,16.23,29998325,24.88,24.96,24.45,24.8,19635400,2026-02-03T03:46:19Z
TXN,2009-11-20,16.19,16.36,16.14,16.2,20247275,24.74,25,24.65,24.75,13252800,2026-02-03T03:46:19Z
TXN,2009-11-23,16.46,16.62,16.29,16.32,13780685,25.14,25.39,24.89,24.93,9020100,2026-02-03T03:46:19Z
TXN,2009-11-24,16.55,16.72,16.45,16.48,17250807,25.28,25.54,25.14,25.18,11291500,2026-02-03T03:46:19Z
TXN,2009-11-25,16.64,16.66,16.48,16.59,12652709,25.42,25.45,25.18,25.34,8281800,2026-02-03T03:46:19Z
TXN,2009-11-27,16.53,16.63,16.08,16.23,11119759,25.25,25.4,24.56,24.8,7278400,2026-02-03T03:46:19Z
