ticker,tradeDate,clsPx,hiPx,loPx,open,stockVolume,unadjClsPx,unadjHiPx,unadjLoPx,unadjOpen,unadjStockVolume,updatedAt
UNH,2006-01-03,47.63,48.3,46.75,48.3,10460592,61.73,62.6,60.6,62.6,8070500,2026-03-13T02:47:14Z
UNH,2006-01-04,47.74,47.99,47.53,47.75,7241474,61.88,62.2,61.6,61.89,5586900,2026-03-13T02:47:14Z
UNH,2006-01-05,47.59,48.51,47.44,48.01,7291636,61.69,62.88,61.49,62.23,5625600,2026-03-13T02:47:14Z
UNH,2006-01-06,48.53,48.55,47.86,48.41,7229685,62.9,62.93,62.03,62.75,5577800,2026-03-13T02:47:14Z
UNH,2006-01-09,47.37,48.53,47.26,48.53,11445019,61.4,62.9,61.26,62.9,8830000,2026-03-13T02:47:14Z
UNH,2006-01-10,48.3,48.43,47.4,47.41,8085529,62.61,62.77,61.44,61.45,6238100,2026-03-13T02:47:14Z
UNH,2006-01-11,47.72,48.37,47.54,48.3,7153587,61.85,62.7,61.62,62.6,5519100,2026-03-13T02:47:14Z
UNH,2006-01-12,48.24,48.54,47.63,47.76,6965520,62.53,62.91,61.74,61.9,5374000,2026-03-13T02:47:14Z
UNH,2006-01-13,47.02,47.33,46.07,47.33,14265056,60.94,61.34,59.71,61.34,11005700,2026-03-13T02:47:14Z
UNH,2006-01-17,47.06,47.06,46.28,46.45,8208138,61,61,59.98,60.2,6332700,2026-03-13T02:47:14Z
UNH,2006-01-18,47.11,47.65,46.74,47.06,9244539,61.06,61.76,60.58,61,7132300,2026-03-13T02:47:14Z
UNH,2006-01-19,47.43,47.91,45.74,47.3,17355603,61.47,62.1,59.29,61.31,13390100,2026-03-13T02:47:14Z
UNH,2006-01-20,45.89,47.37,45.82,47.37,13080629,59.48,61.4,59.39,61.4,10091900,2026-03-13T02:47:14Z
UNH,2006-01-23,44.74,46.16,44.53,45.91,12457453,57.99,59.83,57.72,59.51,9611100,2026-03-13T02:47:14Z
UNH,2006-01-24,44.99,45.29,44.79,44.79,10694163,58.31,58.7,58.05,58.05,8250700,2026-03-13T02:47:14Z
UNH,2006-01-25,44.73,45.43,44.32,45.31,8463874,57.98,58.88,57.45,58.73,6530000,2026-03-13T02:47:14Z
UNH,2006-01-26,44.66,45.15,44.07,44.74,12900982,57.89,58.52,57.12,57.99,9953300,2026-03-13T02:47:14Z
UNH,2006-01-27,45.16,45.35,44.76,44.93,8320528,58.54,58.78,58.01,58.24,6419400,2026-03-13T02:47:14Z
UNH,2006-01-30,44.57,45.29,44.48,45.06,8735543,57.77,58.7,57.65,58.4,6739600,2026-03-13T02:47:14Z
UNH,2006-01-31,45.84,46.25,44.76,44.88,13809588,59.42,59.95,58.01,58.17,10654300,2026-03-13T02:47:14Z
UNH,2006-02-01,45.91,46.1,45.56,45.75,9750823,59.5,59.75,59.05,59.3,7522900,2026-03-13T02:47:14Z
UNH,2006-02-02,45.8,46.09,45.33,46.08,8081766,59.36,59.74,58.75,59.73,6235200,2026-03-13T02:47:14Z
UNH,2006-02-03,46,46.21,45.59,45.8,6989368,59.62,59.89,59.09,59.36,5392400,2026-03-13T02:47:14Z
UNH,2006-02-06,45.16,45.98,44.94,45.78,6340395,58.54,59.6,58.25,59.34,4891700,2026-03-13T02:47:14Z
UNH,2006-02-07,44.54,45.58,44.52,45.13,6708497,57.73,59.08,57.7,58.5,5175700,2026-03-13T02:47:14Z
UNH,2006-02-08,44.43,44.81,42.63,44.38,9487836,57.59,58.08,55.25,57.52,7320000,2026-03-13T02:47:14Z
UNH,2006-02-09,44.81,45.67,44.78,45.13,7450032,58.08,59.19,58.04,58.5,5747800,2026-03-13T02:47:14Z
UNH,2006-02-10,45.21,45.35,44.29,44.86,5474951,58.6,58.78,57.4,58.15,4224000,2026-03-13T02:47:14Z
UNH,2006-02-13,45.2,45.35,44.88,45.13,4351833,58.59,58.78,58.17,58.5,3357500,2026-03-13T02:47:14Z
UNH,2006-02-14,45.87,45.88,45.13,45.13,6185112,59.45,59.47,58.5,58.5,4771900,2026-03-13T02:47:14Z
UNH,2006-02-15,45.52,46.1,45.3,45.83,5619344,59,59.75,58.72,59.4,4335400,2026-03-13T02:47:14Z
UNH,2006-02-16,45.13,45.73,44.85,45.71,6594302,58.5,59.27,58.13,59.24,5087600,2026-03-13T02:47:14Z
UNH,2006-02-17,44.75,45.06,44.62,44.94,9157710,58,58.4,57.83,58.25,7065300,2026-03-13T02:47:14Z
UNH,2006-02-21,44.88,45.55,44.7,45.37,6077396,58.17,59.04,57.94,58.8,4688800,2026-03-13T02:47:14Z
UNH,2006-02-22,45.94,46.14,45.01,45.01,6865842,59.54,59.8,58.34,58.34,5297100,2026-03-13T02:47:14Z
UNH,2006-02-23,45.87,46.2,45.81,46.2,6185889,59.45,59.88,59.37,59.88,4772500,2026-03-13T02:47:14Z
UNH,2006-02-24,45.43,45.87,45.14,45.6,6931818,58.89,59.46,58.51,59.1,5348000,2026-03-13T02:47:14Z
UNH,2006-02-27,45.47,45.64,45.38,45.52,4208611,58.94,59.16,58.82,59,3247000,2026-03-13T02:47:14Z
UNH,2006-02-28,44.93,45.54,44.65,45.47,6871158,58.23,59.02,57.87,58.93,5301200,2026-03-13T02:47:14Z
UNH,2006-03-01,45.08,45.1,44.62,44.79,6856382,58.43,58.46,57.84,58.05,5289800,2026-03-13T02:47:14Z
UNH,2006-03-02,44.42,44.92,44.15,44.75,7730769,57.58,58.22,57.22,58,5964400,2026-03-13T02:47:14Z
UNH,2006-03-03,43.67,44.49,43.58,44.25,8465431,56.6,57.67,56.49,57.35,6531200,2026-03-13T02:47:14Z
UNH,2006-03-06,43.74,43.81,43.39,43.44,7519491,56.7,56.78,56.24,56.3,5801400,2026-03-13T02:47:14Z
UNH,2006-03-07,43.53,44.22,43.28,43.37,8177301,56.42,57.32,56.1,56.22,6308900,2026-03-13T02:47:14Z
UNH,2006-03-08,44.13,44.25,43.45,43.54,7858963,57.2,57.35,56.32,56.43,6063300,2026-03-13T02:47:14Z
UNH,2006-03-09,43.47,44.64,43.42,44.36,6847704,56.34,57.86,56.28,57.5,5283100,2026-03-13T02:47:14Z
UNH,2006-03-10,43.34,43.81,43.32,43.51,9052448,56.17,56.79,56.15,56.39,6984100,2026-03-13T02:47:14Z
UNH,2006-03-13,43,43.28,41.55,43.25,16075136,55.73,56.1,53.85,56.06,12402200,2026-03-13T02:47:14Z
UNH,2006-03-14,43.89,43.93,42.78,42.78,9907669,56.89,56.94,55.45,55.45,7643900,2026-03-13T02:47:14Z
UNH,2006-03-15,44.24,44.38,43.63,43.9,8565109,57.34,57.52,56.55,56.9,6608100,2026-03-13T02:47:14Z
UNH,2006-03-16,43.64,44.24,43.56,44.2,7869452,56.57,57.34,56.46,57.29,6071400,2026-03-13T02:47:14Z
UNH,2006-03-17,43.74,43.91,43.32,43.9,8613977,56.69,56.91,56.15,56.9,6645800,2026-03-13T02:47:14Z
UNH,2006-03-20,43.61,43.91,43.32,43.65,5680257,56.53,56.91,56.15,56.58,4382400,2026-03-13T02:47:14Z
UNH,2006-03-21,43.37,43.91,42.87,43.78,7683853,56.21,56.91,55.56,56.74,5928200,2026-03-13T02:47:14Z
UNH,2006-03-22,43.7,43.91,42.43,42.43,5747912,56.64,56.91,55,55,4434600,2026-03-13T02:47:14Z
UNH,2006-03-23,43.49,43.63,43.09,43.4,7229541,56.37,56.55,55.85,56.25,5577700,2026-03-13T02:47:14Z
UNH,2006-03-24,43.04,43.81,42.78,43.34,6425410,55.78,56.78,55.45,56.18,4957300,2026-03-13T02:47:14Z
UNH,2006-03-27,42.38,43.01,42.3,42.79,14419427,54.93,55.75,54.83,55.46,11124800,2026-03-13T02:47:14Z
UNH,2006-03-28,41.91,42.31,41.05,42.09,15817966,54.32,54.84,53.2,54.56,12203800,2026-03-13T02:47:14Z
UNH,2006-03-29,43.19,43.63,42.67,42.92,12323159,55.98,56.55,55.3,55.63,9507500,2026-03-13T02:47:14Z
UNH,2006-03-30,43.43,43.98,43.01,43.04,10481928,56.26,56.97,55.72,55.75,8091300,2026-03-13T02:47:14Z
UNH,2006-03-31,43.12,43.73,42.84,43.43,12659082,55.86,56.65,55.5,56.26,9771900,2026-03-13T02:47:14Z
UNH,2006-04-03,42.82,43.69,42.72,43.69,9850152,55.47,56.6,55.34,56.6,7603600,2026-03-13T02:47:14Z
UNH,2006-04-04,42.69,43,42.46,42.77,8993329,55.3,55.7,55,55.4,6942200,2026-03-13T02:47:14Z
UNH,2006-04-05,42.69,43.02,42.5,42.59,7301979,55.3,55.73,55.05,55.17,5636600,2026-03-13T02:47:14Z
UNH,2006-04-06,42.08,42.74,41.47,42.73,15631766,54.51,55.37,53.72,55.35,12066600,2026-03-13T02:47:14Z
UNH,2006-04-07,41.44,42.63,41.41,42.19,10460823,53.69,55.23,53.65,54.65,8075000,2026-03-13T02:47:14Z
UNH,2006-04-10,40.47,41.4,39.7,41.38,24688044,52.43,53.63,51.43,53.6,19057400,2026-03-13T02:47:14Z
UNH,2006-04-11,39.79,40.77,39.28,40.64,18850716,51.55,52.81,50.88,52.65,14551400,2026-03-13T02:47:14Z
UNH,2006-04-12,41.27,41.35,39.79,39.79,15675673,53.46,53.57,51.55,51.55,12100500,2026-03-13T02:47:14Z
UNH,2006-04-13,41.3,41.53,40.96,41.27,9956250,53.5,53.8,53.06,53.46,7685500,2026-03-13T02:47:14Z
UNH,2006-04-17,39.89,40.94,39.72,40.94,13472505,51.67,53.03,51.45,53.03,10399800,2026-03-13T02:47:14Z
UNH,2006-04-18,38.34,40.86,38.22,40.68,53893700,49.67,52.93,49.51,52.7,41602100,2026-03-13T02:47:14Z
UNH,2006-04-19,37.96,38.6,36.62,38.34,54343174,49.18,50,47.44,49.67,41949000,2026-03-13T02:47:14Z
UNH,2006-04-20,38.69,39.2,37.86,38.1,25040178,50.12,50.78,49.05,49.35,19329200,2026-03-13T02:47:14Z
UNH,2006-04-21,38.26,39.17,38.2,38.99,11586823,49.57,50.75,49.48,50.51,8944200,2026-03-13T02:47:14Z
UNH,2006-04-24,38.72,38.93,37.9,38.2,15174476,50.16,50.43,49.1,49.48,11713600,2026-03-13T02:47:14Z
UNH,2006-04-25,38.1,39.02,37.97,38.75,11122917,49.36,50.55,49.19,50.2,8586100,2026-03-13T02:47:14Z
UNH,2006-04-26,37.8,38.6,37.67,38.28,16025853,48.97,50,48.8,49.59,12370800,2026-03-13T02:47:14Z
UNH,2006-04-27,36.86,37.43,35.94,37.43,38686211,47.75,48.49,46.56,48.49,29863000,2026-03-13T02:47:14Z
UNH,2006-04-28,38.4,38.52,36.99,37.05,19709092,49.74,49.9,47.92,48,15214000,2026-03-13T02:47:14Z
UNH,2006-05-01,38.44,38.77,38.06,38.06,14239027,49.8,50.22,49.3,49.3,10991500,2026-03-13T02:47:14Z
UNH,2006-05-02,37.5,38.6,37.4,38.06,15013820,48.58,50,48.45,49.3,11589600,2026-03-13T02:47:14Z
UNH,2006-05-03,35.98,37.3,35.76,37.29,30804397,46.61,48.32,46.32,48.31,23778800,2026-03-13T02:47:14Z
UNH,2006-05-04,35.92,36.4,35.57,35.97,15039359,46.53,47.15,46.08,46.6,11609300,2026-03-13T02:47:14Z
UNH,2006-05-05,35.81,36.19,35.45,36.04,16696134,46.39,46.88,45.92,46.69,12888200,2026-03-13T02:47:14Z
UNH,2006-05-08,34.8,36.01,34.64,35.62,25078386,45.08,46.65,44.88,46.15,19358700,2026-03-13T02:47:14Z
UNH,2006-05-09,33.81,34.58,33.43,34.49,40051201,43.8,44.8,43.31,44.68,30916600,2026-03-13T02:47:14Z
UNH,2006-05-10,35.64,35.84,34.2,34.58,38244643,46.17,46.43,44.31,44.79,29522100,2026-03-13T02:47:14Z
UNH,2006-05-11,34.25,35,33.91,34.81,39119762,44.37,45.34,43.93,45.1,30197600,2026-03-13T02:47:14Z
UNH,2006-05-12,35.39,35.64,33.66,33.91,22094145,45.84,46.17,43.6,43.93,17055100,2026-03-13T02:47:14Z
UNH,2006-05-15,36.05,36.27,35.2,35.39,15081215,46.7,46.99,45.6,45.85,11641600,2026-03-13T02:47:14Z
UNH,2006-05-16,36.29,36.98,36.2,36.34,14182813,47.01,47.9,46.89,47.07,10948100,2026-03-13T02:47:14Z
UNH,2006-05-17,36.2,36.81,35.66,36.11,11181613,46.89,47.68,46.2,46.78,8631400,2026-03-13T02:47:14Z
UNH,2006-05-18,34.97,35.66,34.47,35.59,22923277,45.3,46.2,44.66,46.1,17695100,2026-03-13T02:47:14Z
UNH,2006-05-19,34.29,35.05,34.12,34.97,20089720,44.42,45.4,44.2,45.3,15507800,2026-03-13T02:47:14Z
UNH,2006-05-22,33.59,34.41,33.49,34.3,15567517,43.52,44.57,43.38,44.43,12017000,2026-03-13T02:47:14Z
UNH,2006-05-23,33.05,34.07,33,33.97,15728388,42.82,44.14,42.75,44,12141200,2026-03-13T02:47:14Z
UNH,2006-05-24,32.49,33.02,31.99,33.02,26124369,42.09,42.77,41.44,42.77,20166100,2026-03-13T02:47:14Z
UNH,2006-05-25,32.75,32.95,32.5,32.5,16756865,42.42,42.68,42.1,42.1,12935100,2026-03-13T02:47:14Z
UNH,2006-05-26,33.29,33.51,32.77,32.81,11158565,43.12,43.41,42.45,42.5,8613600,2026-03-13T02:47:14Z
UNH,2006-05-30,33.45,33.82,33.04,33.05,11235517,43.33,43.81,42.8,42.81,8673000,2026-03-13T02:47:14Z
UNH,2006-05-31,33.93,34.08,33.55,33.77,11989444,43.96,44.15,43.46,43.75,9255000,2026-03-13T02:47:14Z
UNH,2006-06-01,35.29,35.43,34.03,34.07,15213746,45.72,45.9,44.08,44.14,11743900,2026-03-13T02:47:14Z
UNH,2006-06-02,36.27,36.57,35.73,35.73,16351643,46.98,47.37,46.28,46.28,12622300,2026-03-13T02:47:14Z
UNH,2006-06-05,35.68,36.37,35.54,36.05,9152540,46.22,47.11,46.04,46.7,7065100,2026-03-13T02:47:14Z
UNH,2006-06-06,35.65,36.07,35.2,35.74,8870007,46.18,46.72,45.6,46.3,6847000,2026-03-13T02:47:14Z
UNH,2006-06-07,35.72,36.19,35.66,35.89,6846757,46.28,46.88,46.19,46.49,5285200,2026-03-13T02:47:14Z
UNH,2006-06-08,35.7,36.24,35.35,36.07,7901766,46.25,46.95,45.79,46.72,6099600,2026-03-13T02:47:14Z
UNH,2006-06-09,35.33,35.74,35.22,35.51,7375826,45.77,46.3,45.62,46,5693600,2026-03-13T02:47:14Z
UNH,2006-06-12,34.86,35.62,34.78,35.33,5864401,45.16,46.15,45.05,45.77,4526900,2026-03-13T02:47:14Z
UNH,2006-06-13,35.07,35.24,34.54,34.6,8135989,45.43,45.65,44.75,44.82,6280400,2026-03-13T02:47:14Z
UNH,2006-06-14,34.72,34.95,34.39,34.55,7714195,44.98,45.27,44.55,44.76,5954800,2026-03-13T02:47:14Z
UNH,2006-06-15,34.54,34.85,34.12,34.74,10075415,44.75,45.15,44.2,45,7777500,2026-03-13T02:47:14Z
UNH,2006-06-16,34.19,34.73,34.12,34.66,9411755,44.29,44.99,44.2,44.9,7265200,2026-03-13T02:47:14Z
UNH,2006-06-19,33.58,34.35,33.43,34.34,8736428,43.5,44.5,43.31,44.49,6743900,2026-03-13T02:47:14Z
UNH,2006-06-20,33.74,34.1,33.58,33.85,6850891,43.71,44.17,43.5,43.85,5288400,2026-03-13T02:47:14Z
UNH,2006-06-21,34.02,34.43,33.58,33.58,7392780,44.07,44.6,43.5,43.5,5706700,2026-03-13T02:47:14Z
UNH,2006-06-22,34.3,34.89,34.12,34.12,7948789,44.43,45.2,44.2,44.2,6135900,2026-03-13T02:47:14Z
UNH,2006-06-23,34.91,35.26,34.04,34.07,7973283,45.23,45.68,44.1,44.14,6154800,2026-03-13T02:47:14Z
UNH,2006-06-26,34.69,35.28,34.47,34.82,5688620,44.94,45.7,44.65,45.11,4391200,2026-03-13T02:47:14Z
UNH,2006-06-27,34.13,34.71,34.1,34.52,5691067,44.22,44.97,44.17,44.72,4393100,2026-03-13T02:47:14Z
UNH,2006-06-28,34.3,34.43,33.12,34.34,9418614,44.43,44.6,42.9,44.49,7270500,2026-03-13T02:47:14Z
UNH,2006-06-29,34.74,35.37,34.3,34.3,6998187,45.01,45.82,44.43,44.43,5402100,2026-03-13T02:47:14Z
UNH,2006-06-30,34.57,34.97,34.18,34.75,9782658,44.78,45.3,44.28,45.02,7551500,2026-03-13T02:47:14Z
UNH,2006-07-03,34.74,34.79,34.27,34.62,2818654,45.01,45.07,44.4,44.85,2175800,2026-03-13T02:47:14Z
UNH,2006-07-05,34.82,34.92,34.19,34.74,6531562,45.11,45.24,44.29,45,5041900,2026-03-13T02:47:14Z
UNH,2006-07-06,34.61,35.22,34.37,34.6,6895986,44.83,45.63,44.53,44.83,5323200,2026-03-13T02:47:14Z
UNH,2006-07-07,35.04,35.19,34.74,34.75,5918688,45.39,45.59,45.01,45.02,4568800,2026-03-13T02:47:14Z
UNH,2006-07-10,36.14,36.24,35.08,35.08,9033347,46.82,46.95,45.45,45.45,6973100,2026-03-13T02:47:14Z
UNH,2006-07-11,37.12,37.79,36.2,36.23,19555847,48.09,48.95,46.9,46.94,15095700,2026-03-13T02:47:14Z
UNH,2006-07-12,37.1,37.78,36.88,37.35,8518920,48.06,48.94,47.78,48.39,6576000,2026-03-13T02:47:14Z
UNH,2006-07-13,37.06,37.62,36.91,37.11,7020725,48.01,48.74,47.81,48.07,5419500,2026-03-13T02:47:14Z
UNH,2006-07-14,36.71,36.98,36.26,36.94,6534802,47.55,47.91,46.97,47.86,5044400,2026-03-13T02:47:14Z
UNH,2006-07-17,36.78,37.36,36.49,36.53,6144350,47.65,48.4,47.27,47.32,4743000,2026-03-13T02:47:14Z
UNH,2006-07-18,37.36,37.68,36.57,36.78,11881164,48.4,48.81,47.38,47.64,9171400,2026-03-13T02:47:14Z
UNH,2006-07-19,39.31,39.48,38.33,38.53,22867801,50.93,51.14,49.65,49.91,17652300,2026-03-13T02:47:14Z
UNH,2006-07-20,38.76,40.09,38.19,39.48,13653088,50.21,51.94,49.47,51.15,10539200,2026-03-13T02:47:14Z
UNH,2006-07-21,38.6,38.91,38.1,38.91,10090837,50,50.4,49.35,50.4,7789400,2026-03-13T02:47:14Z
UNH,2006-07-24,39.21,39.28,38.54,38.67,9348938,50.8,50.88,49.93,50.1,7216700,2026-03-13T02:47:14Z
UNH,2006-07-25,39.75,39.89,38.97,39.22,7467789,51.49,51.67,50.48,50.81,5764600,2026-03-13T02:47:14Z
UNH,2006-07-26,39.01,39.69,38.81,39.56,7121652,50.53,51.42,50.28,51.25,5497400,2026-03-13T02:47:14Z
UNH,2006-07-27,38.18,38.25,36.59,37.59,19935256,49.46,49.55,47.4,48.7,15388600,2026-03-13T02:47:14Z
UNH,2006-07-28,36.94,39.01,36.64,38.27,13790943,47.85,50.54,47.47,49.58,10645600,2026-03-13T02:47:14Z
UNH,2006-07-31,36.92,37.55,36.49,37.28,8237041,47.83,48.65,47.27,48.3,6358400,2026-03-13T02:47:14Z
UNH,2006-08-01,36.91,37.05,36.64,36.67,5185456,47.82,48,47.46,47.5,4002800,2026-03-13T02:47:14Z
UNH,2006-08-02,37.49,38.29,37.39,37.83,10104451,48.57,49.6,48.44,49,7799900,2026-03-13T02:47:14Z
UNH,2006-08-03,36.88,37.65,36.77,37.55,6574447,47.77,48.77,47.63,48.64,5075000,2026-03-13T02:47:14Z
UNH,2006-08-04,37.48,37.9,36.98,37.28,6806209,48.56,49.1,47.91,48.29,5253900,2026-03-13T02:47:14Z
UNH,2006-08-07,37.43,37.78,37.16,37.16,3863053,48.49,48.94,48.14,48.14,2982000,2026-03-13T02:47:14Z
UNH,2006-08-08,38.15,38.37,37.66,37.69,6328695,49.42,49.71,48.78,48.83,4885300,2026-03-13T02:47:14Z
UNH,2006-08-09,37.81,38.57,37.75,38.5,4578151,48.98,49.97,48.9,49.87,3534000,2026-03-13T02:47:14Z
UNH,2006-08-10,36.59,36.94,35.9,36.6,13973837,47.4,47.85,46.5,47.41,10786800,2026-03-13T02:47:14Z
UNH,2006-08-11,36.72,36.85,36.27,36.34,4849677,47.57,47.74,46.98,47.08,3743600,2026-03-13T02:47:14Z
UNH,2006-08-14,36.79,37.16,36.67,37.05,5469679,47.66,48.14,47.51,47.99,4222200,2026-03-13T02:47:14Z
UNH,2006-08-15,37.15,37.28,36.86,37.28,3982235,48.13,48.29,47.75,48.29,3074000,2026-03-13T02:47:14Z
UNH,2006-08-16,37.16,37.44,36.93,37.28,5309046,48.14,48.5,47.84,48.29,4098200,2026-03-13T02:47:14Z
UNH,2006-08-17,37.86,38.12,37.15,37.16,6773049,49.04,49.38,48.12,48.14,5228300,2026-03-13T02:47:14Z
UNH,2006-08-18,38.21,38.24,37.45,37.79,6516028,49.5,49.54,48.52,48.95,5029900,2026-03-13T02:47:14Z
UNH,2006-08-21,38.26,38.54,37.84,37.84,4005819,49.56,49.93,49.02,49.02,3092200,2026-03-13T02:47:14Z
UNH,2006-08-22,38.32,38.74,38.17,38.21,5059410,49.64,50.18,49.45,49.5,3905500,2026-03-13T02:47:14Z
UNH,2006-08-23,38.32,38.56,38.17,38.33,2871122,49.64,49.95,49.45,49.65,2216300,2026-03-13T02:47:14Z
UNH,2006-08-24,39.49,39.6,38.32,38.36,6920859,51.16,51.3,49.64,49.69,5342400,2026-03-13T02:47:14Z
UNH,2006-08-25,39.28,39.42,38.71,39.17,3767449,50.88,51.07,50.15,50.75,2908200,2026-03-13T02:47:14Z
UNH,2006-08-28,39.62,39.95,38.96,39.01,5301525,51.33,51.75,50.47,50.54,4092400,2026-03-13T02:47:14Z
UNH,2006-08-29,39.39,39.82,39.06,39.17,5098919,51.03,51.59,50.6,50.75,3936000,2026-03-13T02:47:14Z
UNH,2006-08-30,39.95,40.2,39.35,39.58,5850023,51.75,52.08,50.98,51.28,4515800,2026-03-13T02:47:14Z
UNH,2006-08-31,40.1,40.16,39.56,39.95,5603107,51.95,52.03,51.25,51.75,4325200,2026-03-13T02:47:14Z
UNH,2006-09-01,39.99,40.16,39.62,40.1,5586786,51.8,52.02,51.33,51.95,4312600,2026-03-13T02:47:14Z
UNH,2006-09-05,39.14,40.13,39.1,40.06,5854051,50.7,51.98,50.65,51.9,4518900,2026-03-13T02:47:14Z
UNH,2006-09-06,38.92,39.45,38.37,38.99,5896017,50.42,51.1,49.71,50.51,4551300,2026-03-13T02:47:14Z
UNH,2006-09-07,38.76,39.23,38.57,38.98,3122182,50.21,50.82,49.97,50.5,2410100,2026-03-13T02:47:14Z
UNH,2006-09-08,39.29,39.47,38.86,39.06,4314136,50.9,51.13,50.34,50.6,3330200,2026-03-13T02:47:14Z
UNH,2006-09-11,39.83,39.95,38.76,38.77,4921441,51.6,51.75,50.21,50.23,3799000,2026-03-13T02:47:14Z
UNH,2006-09-12,40.55,40.66,39.86,39.86,6721348,52.53,52.67,51.64,51.64,5188400,2026-03-13T02:47:14Z
UNH,2006-09-13,40.18,40.74,40.09,40.35,4884658,52.05,52.78,51.93,52.27,3770600,2026-03-13T02:47:14Z
UNH,2006-09-14,39.99,40.3,39.75,40.18,4329159,51.81,52.2,51.5,52.05,3341800,2026-03-13T02:47:14Z
UNH,2006-09-15,40.3,40.43,40.06,40.17,7623631,52.21,52.38,51.9,52.04,5884900,2026-03-13T02:47:14Z
UNH,2006-09-18,40.21,40.79,40.09,40.26,7336958,52.09,52.84,51.93,52.15,5663600,2026-03-13T02:47:14Z
UNH,2006-09-19,40.04,40.26,39.46,39.99,5498570,51.87,52.15,51.12,51.8,4244500,2026-03-13T02:47:14Z
UNH,2006-09-20,39.78,40.13,39.72,39.94,3629876,51.53,51.99,51.46,51.74,2802000,2026-03-13T02:47:14Z
UNH,2006-09-21,38.82,40.06,38.61,39.66,6389190,50.29,51.9,50.02,51.38,4932000,2026-03-13T02:47:14Z
UNH,2006-09-22,37.8,38.83,37.75,38.83,10044075,48.97,50.3,48.9,50.3,7753300,2026-03-13T02:47:14Z
UNH,2006-09-25,37.69,38.23,37.28,38.15,7628307,48.82,49.53,48.3,49.42,5888500,2026-03-13T02:47:14Z
UNH,2006-09-26,37.53,38.18,37.48,38.18,7280478,48.62,49.46,48.55,49.46,5620000,2026-03-13T02:47:14Z
UNH,2006-09-27,37.89,38.07,36.98,37.53,8433564,49.08,49.32,47.91,48.62,6510100,2026-03-13T02:47:14Z
UNH,2006-09-28,38.18,38.22,37.83,37.98,4683721,49.46,49.51,49,49.2,3615500,2026-03-13T02:47:14Z
UNH,2006-09-29,37.98,38.4,37.76,38.06,7611582,49.2,49.75,48.91,49.3,5875600,2026-03-13T02:47:14Z
UNH,2006-10-02,38.16,38.27,37.45,37.91,6378315,49.43,49.58,48.52,49.11,4923600,2026-03-13T02:47:14Z
UNH,2006-10-03,38.27,38.43,37.79,38.16,6236978,49.58,49.78,48.95,49.43,4814500,2026-03-13T02:47:14Z
UNH,2006-10-04,38.26,38.37,37.84,38.09,6815152,49.56,49.7,49.02,49.34,5260800,2026-03-13T02:47:14Z
UNH,2006-10-05,39.11,39.16,37.9,37.99,7699809,50.67,50.73,49.1,49.22,5943700,2026-03-13T02:47:14Z
UNH,2006-10-06,39.75,40.61,39.03,39.06,12699886,51.5,52.61,50.56,50.6,9803400,2026-03-13T02:47:14Z
UNH,2006-10-09,39.15,39.75,39.08,39.75,4881412,50.72,51.5,50.62,51.49,3768100,2026-03-13T02:47:14Z
UNH,2006-10-10,38.33,39.35,38.26,39.33,6898964,49.65,50.98,49.56,50.95,5325500,2026-03-13T02:47:14Z
UNH,2006-10-11,38.67,38.88,38.06,38.3,6022451,50.1,50.37,49.3,49.62,4648900,2026-03-13T02:47:14Z
UNH,2006-10-12,38.3,38.6,37.89,38.6,6487516,49.62,50,49.08,50,5007900,2026-03-13T02:47:14Z
UNH,2006-10-13,37.63,38.13,37.45,38.02,9984477,48.75,49.4,48.52,49.25,7707300,2026-03-13T02:47:14Z
UNH,2006-10-16,36.7,38.87,36.4,36.4,41696198,47.54,50.36,47.15,47.15,32186500,2026-03-13T02:47:14Z
UNH,2006-10-17,36.07,36.79,35.98,36.49,19568531,46.73,47.66,46.61,47.27,15105500,2026-03-13T02:47:14Z
UNH,2006-10-18,37.05,37.08,36.01,36.29,12747706,48,48.03,46.65,47.01,9840300,2026-03-13T02:47:14Z
UNH,2006-10-19,39.1,39.39,37.66,37.98,27589269,50.65,51.03,48.79,49.2,21296900,2026-03-13T02:47:14Z
UNH,2006-10-20,39.14,39.72,39.04,39.25,15643578,50.7,51.45,50.58,50.85,12075700,2026-03-13T02:47:14Z
UNH,2006-10-23,39.09,39.51,38.85,39.19,8855626,50.64,51.18,50.33,50.77,6835900,2026-03-13T02:47:14Z
UNH,2006-10-24,38.47,39.21,38.47,38.98,10314560,49.84,50.79,49.83,50.5,7962100,2026-03-13T02:47:14Z
UNH,2006-10-25,37.54,38.52,37.39,38.48,16880183,48.63,49.9,48.44,49.85,13030300,2026-03-13T02:47:14Z
UNH,2006-10-26,38.11,38.33,37.75,38.06,10301474,49.37,49.65,48.9,49.3,7952000,2026-03-13T02:47:14Z
UNH,2006-10-27,38.14,38.53,37.77,38.02,7012823,49.41,49.91,48.93,49.25,5413400,2026-03-13T02:47:14Z
UNH,2006-10-30,37.85,38.43,37.62,38.32,6882512,49.03,49.79,48.74,49.64,5312800,2026-03-13T02:47:14Z
UNH,2006-10-31,37.65,38.05,37.48,37.9,8230571,48.78,49.29,48.55,49.1,6353400,2026-03-13T02:47:14Z
UNH,2006-11-01,37.28,38.24,36.94,38.09,7158573,48.3,49.54,47.86,49.34,5525900,2026-03-13T02:47:14Z
UNH,2006-11-02,37.53,37.98,37.12,37.13,7321803,48.62,49.2,48.09,48.1,5651900,2026-03-13T02:47:14Z
UNH,2006-11-03,36.92,37.63,36.64,37.63,8650163,47.83,48.75,47.47,48.75,6677300,2026-03-13T02:47:14Z
UNH,2006-11-06,37.37,37.61,36.92,36.93,8055680,48.41,48.72,47.83,47.84,6218400,2026-03-13T02:47:14Z
UNH,2006-11-07,38.26,38.6,37.32,37.64,12169389,49.57,50,48.35,48.76,9393900,2026-03-13T02:47:14Z
UNH,2006-11-08,37.05,37.58,36.57,37.39,20317203,48,48.68,47.37,48.44,15683400,2026-03-13T02:47:14Z
UNH,2006-11-09,34.95,37.05,34.83,37.05,27783663,45.27,48,45.12,48,21447000,2026-03-13T02:47:14Z
UNH,2006-11-10,35.59,35.9,34.95,35.08,13752188,46.11,46.5,45.28,45.45,10615700,2026-03-13T02:47:14Z
UNH,2006-11-13,36.09,36.17,35.35,35.69,11811863,46.75,46.86,45.8,46.24,9117900,2026-03-13T02:47:14Z
UNH,2006-11-14,36.62,36.68,36.17,36.3,11515699,47.44,47.52,46.86,47.02,8889300,2026-03-13T02:47:14Z
UNH,2006-11-15,37.02,37.11,36.55,36.58,9975531,47.96,48.08,47.35,47.39,7700400,2026-03-13T02:47:14Z
UNH,2006-11-16,36.76,37.28,36.67,37.21,6829006,47.62,48.29,47.5,48.2,5271500,2026-03-13T02:47:14Z
UNH,2006-11-17,36.47,36.81,36.19,36.74,7403280,47.25,47.68,46.88,47.6,5714800,2026-03-13T02:47:14Z
UNH,2006-11-20,36.13,36.95,36.07,36.84,7796204,46.81,47.87,46.73,47.72,6018100,2026-03-13T02:47:14Z
UNH,2006-11-21,35.76,36.28,35.66,36.28,7943880,46.33,47,46.19,47,6132100,2026-03-13T02:47:14Z
UNH,2006-11-22,35.94,36.03,35.68,35.69,6289829,46.56,46.68,46.22,46.23,4855300,2026-03-13T02:47:14Z
UNH,2006-11-24,36.06,36.28,35.66,35.82,2386754,46.71,47,46.19,46.4,1842400,2026-03-13T02:47:14Z
UNH,2006-11-27,35.65,36.2,35.65,36.05,7276592,46.18,46.89,46.18,46.7,5617000,2026-03-13T02:47:14Z
UNH,2006-11-28,36.54,37.05,35.7,35.7,12643268,47.34,48,46.25,46.25,9759700,2026-03-13T02:47:14Z
UNH,2006-11-29,36.71,36.75,36.23,36.64,10652417,47.56,47.61,46.94,47.46,8222900,2026-03-13T02:47:14Z
UNH,2006-11-30,37.89,38.2,36.98,37.01,14814215,49.08,49.48,47.9,47.95,11435500,2026-03-13T02:47:14Z
UNH,2006-12-01,37.69,38.47,37.43,38.16,9930860,48.83,49.84,48.49,49.44,7665900,2026-03-13T02:47:14Z
UNH,2006-12-04,37.76,38.23,37.53,37.71,10165195,48.91,49.53,48.62,48.85,7846800,2026-03-13T02:47:14Z
UNH,2006-12-05,37.73,37.96,37.58,37.9,5960665,48.88,49.17,48.68,49.1,4601200,2026-03-13T02:47:14Z
UNH,2006-12-06,37.83,37.93,37.61,37.85,12695481,49.01,49.14,48.72,49.03,9800000,2026-03-13T02:47:14Z
UNH,2006-12-07,38.2,38.79,37.83,37.89,13095915,49.49,50.25,49,49.08,10109100,2026-03-13T02:47:14Z
UNH,2006-12-08,38.53,38.56,38.04,38.11,7955280,49.91,49.95,49.28,49.37,6140900,2026-03-13T02:47:14Z
UNH,2006-12-11,38.67,38.84,38.1,38.52,5797557,50.09,50.31,49.35,49.9,4475300,2026-03-13T02:47:14Z
UNH,2006-12-12,38.63,38.88,38.41,38.53,9264847,50.04,50.37,49.76,49.91,7151800,2026-03-13T02:47:14Z
UNH,2006-12-13,38.37,39.03,38.32,38.93,8493805,49.71,50.56,49.64,50.43,6556600,2026-03-13T02:47:14Z
UNH,2006-12-14,38.36,38.76,38.28,38.6,9745863,49.7,50.21,49.59,50,7523100,2026-03-13T02:47:14Z
UNH,2006-12-15,38.67,38.71,37.93,38.34,9619931,50.09,50.15,49.14,49.67,7425900,2026-03-13T02:47:14Z
UNH,2006-12-18,38.91,39.01,38.58,38.75,6992486,50.4,50.53,49.98,50.2,5397700,2026-03-13T02:47:14Z
UNH,2006-12-19,40.4,40.55,38.98,38.98,16937327,52.33,52.53,50.49,50.5,13074400,2026-03-13T02:47:14Z
UNH,2006-12-20,41.34,41.45,40.4,40.57,13297730,53.56,53.7,52.34,52.56,10264900,2026-03-13T02:47:14Z
UNH,2006-12-21,41.63,42.04,41.4,41.6,10586084,53.93,54.46,53.63,53.89,8171700,2026-03-13T02:47:14Z
UNH,2006-12-22,41.26,41.62,40.84,41.5,5919083,53.45,53.91,52.91,53.76,4569100,2026-03-13T02:47:14Z
UNH,2006-12-26,41.09,41.55,40.9,41.44,3001188,53.23,53.83,52.99,53.68,2316700,2026-03-13T02:47:14Z
UNH,2006-12-27,41.21,41.38,40.18,40.4,6367435,53.38,53.6,52.05,52.34,4915200,2026-03-13T02:47:14Z
UNH,2006-12-28,41.42,41.49,40.81,40.81,4697983,53.66,53.75,52.87,52.87,3626500,2026-03-13T02:47:14Z
UNH,2006-12-29,41.48,41.72,41.22,41.22,5713484,53.73,54.04,53.4,53.4,4410400,2026-03-13T02:47:14Z
UNH,2007-01-03,40.58,41.95,40.39,41.93,10831724,52.57,54.34,52.32,54.32,8361300,2026-03-13T02:47:14Z
UNH,2007-01-04,40.84,40.91,40.18,40.53,6677567,52.91,53,52.05,52.5,5154600,2026-03-13T02:47:14Z
UNH,2007-01-05,40.56,40.95,40.09,40.76,8052179,52.55,53.05,51.93,52.8,6215700,2026-03-13T02:47:14Z
UNH,2007-01-08,41.16,41.29,40.31,40.49,5627597,53.32,53.49,52.22,52.45,4344100,2026-03-13T02:47:14Z
UNH,2007-01-09,40.67,41.18,40.47,41.18,7104283,52.68,53.35,52.43,53.35,5484000,2026-03-13T02:47:14Z
UNH,2007-01-10,40.78,41.11,40.3,40.77,6573534,52.83,53.25,52.2,52.82,5074300,2026-03-13T02:47:14Z
UNH,2007-01-11,42.03,42.07,40.87,41,7113224,54.45,54.5,52.95,53.11,5490900,2026-03-13T02:47:14Z
UNH,2007-01-12,42.53,42.72,41.88,41.99,10812415,55.1,55.34,54.25,54.4,8346400,2026-03-13T02:47:14Z
UNH,2007-01-16,43.04,43.19,42.24,42.53,10330235,55.75,55.95,54.72,55.1,7974200,2026-03-13T02:47:14Z
UNH,2007-01-17,42.96,43.45,42.86,43.19,8638369,55.65,56.29,55.52,55.95,6668200,2026-03-13T02:47:14Z
UNH,2007-01-18,41.53,42.15,41.19,42.15,17031521,53.8,54.6,53.36,54.6,13147100,2026-03-13T02:47:14Z
UNH,2007-01-19,41.07,41.53,40.97,41.53,10533616,53.2,53.8,53.08,53.8,8131200,2026-03-13T02:47:14Z
UNH,2007-01-22,40.29,41.11,40.18,41.07,11394462,52.19,53.25,52.05,53.2,8795700,2026-03-13T02:47:14Z
UNH,2007-01-23,39.73,40.49,39.68,40.3,9896916,51.47,52.45,51.4,52.2,7639700,2026-03-13T02:47:14Z
UNH,2007-01-24,39.99,40.38,39.18,39.65,10568076,51.8,52.31,50.76,51.37,8157800,2026-03-13T02:47:14Z
UNH,2007-01-25,40.22,40.45,39.99,39.99,6447241,52.1,52.4,51.8,51.8,4976800,2026-03-13T02:47:14Z
UNH,2007-01-26,39.79,40.25,39.58,40.19,5308263,51.54,52.14,51.28,52.06,4097600,2026-03-13T02:47:14Z
UNH,2007-01-29,39.93,40.15,39.64,39.64,6511493,51.73,52.01,51.35,51.35,5026400,2026-03-13T02:47:14Z
UNH,2007-01-30,40.3,40.55,39.99,40.16,7618837,52.21,52.53,51.81,52.02,5881200,2026-03-13T02:47:14Z
UNH,2007-01-31,40.34,40.53,39.71,40.53,5525911,52.26,52.5,51.44,52.5,4265600,2026-03-13T02:47:14Z
UNH,2007-02-01,40.76,41.08,39.97,40.35,6081525,52.8,53.22,51.78,52.27,4694500,2026-03-13T02:47:14Z
UNH,2007-02-02,40.84,41.26,40.72,40.8,6424823,52.91,53.45,52.75,52.85,4959500,2026-03-13T02:47:14Z
UNH,2007-02-05,40.4,40.78,40.03,40.1,8385495,52.33,52.83,51.86,51.95,6473000,2026-03-13T02:47:14Z
UNH,2007-02-06,39.36,40.06,38.99,39.99,14210396,50.99,51.89,50.51,51.8,10969400,2026-03-13T02:47:14Z
UNH,2007-02-07,39.56,39.67,39.36,39.67,6700108,51.25,51.39,50.99,51.39,5172000,2026-03-13T02:47:14Z
UNH,2007-02-08,39.55,39.88,39.5,39.58,5318759,51.24,51.66,51.17,51.28,4105700,2026-03-13T02:47:14Z
UNH,2007-02-09,39.28,39.77,39.17,39.58,5750147,50.88,51.52,50.75,51.28,4438700,2026-03-13T02:47:14Z
UNH,2007-02-12,39.85,40.13,39.66,39.72,7138234,51.62,51.99,51.38,51.45,5510200,2026-03-13T02:47:14Z
UNH,2007-02-13,39.84,40.3,39.72,40.09,7882471,51.61,52.2,51.46,51.94,6084700,2026-03-13T02:47:14Z
UNH,2007-02-14,39.86,40.09,39.61,39.92,6639472,51.64,51.93,51.31,51.71,5125200,2026-03-13T02:47:14Z
UNH,2007-02-15,41.38,41.8,40.13,40.22,10868361,53.61,54.15,51.98,52.1,8389600,2026-03-13T02:47:14Z
UNH,2007-02-16,41.65,41.9,41.24,41.31,8130813,53.95,54.28,53.43,53.51,6276400,2026-03-13T02:47:14Z
UNH,2007-02-20,41.55,42.42,41.38,42.11,8079761,53.82,54.95,53.61,54.55,6237000,2026-03-13T02:47:14Z
UNH,2007-02-21,41.32,41.79,41.07,41.55,6207833,53.53,54.13,53.21,53.83,4792000,2026-03-13T02:47:14Z
UNH,2007-02-22,41.47,41.68,41.26,41.55,5045804,53.72,54,53.45,53.82,3895000,2026-03-13T02:47:14Z
UNH,2007-02-23,40.94,41.91,40.82,41.75,5943177,53.03,54.29,52.88,54.08,4587700,2026-03-13T02:47:14Z
UNH,2007-02-26,41.07,41.18,40.66,40.78,6089426,53.21,53.35,52.67,52.83,4700600,2026-03-13T02:47:14Z
UNH,2007-02-27,39.92,41.44,39.32,41.08,11176559,51.71,53.68,50.94,53.22,8627500,2026-03-13T02:47:14Z
UNH,2007-02-28,40.28,40.7,39.92,40.16,9088024,52.18,52.72,51.71,52.02,7015300,2026-03-13T02:47:14Z
UNH,2007-03-01,40.71,41.07,39.55,40.19,11268534,52.74,53.2,51.24,52.06,8698500,2026-03-13T02:47:14Z
UNH,2007-03-02,41.82,42.52,40.91,41.68,17068544,54.18,55.08,53,53.99,13175700,2026-03-13T02:47:14Z
UNH,2007-03-05,40.88,42.34,40.86,41.61,12124059,52.96,54.85,52.93,53.9,9358900,2026-03-13T02:47:14Z
UNH,2007-03-06,41.67,42.07,41.33,42,17205348,53.98,54.5,53.54,54.41,13281300,2026-03-13T02:47:14Z
UNH,2007-03-07,41.53,41.68,41,41.54,8529945,53.8,54,53.11,53.81,6584500,2026-03-13T02:47:14Z
UNH,2007-03-08,41.17,41.88,41,41.82,7822365,53.33,54.25,53.11,54.17,6038300,2026-03-13T02:47:14Z
UNH,2007-03-09,40.91,41.53,40.79,41.3,6200186,53,53.8,52.84,53.5,4786100,2026-03-13T02:47:14Z
UNH,2007-03-12,41.12,41.38,40.66,41.22,8932958,53.27,53.61,52.67,53.4,6895600,2026-03-13T02:47:14Z
UNH,2007-03-13,40.91,41.7,40.89,41.12,13342948,53,54.02,52.97,53.27,10299800,2026-03-13T02:47:14Z
UNH,2007-03-14,41.2,41.65,40.7,40.84,11139768,53.37,53.95,52.73,52.9,8599100,2026-03-13T02:47:14Z
UNH,2007-03-15,41.72,41.86,41.05,41.2,8431098,54.05,54.23,53.18,53.37,6508200,2026-03-13T02:47:14Z
UNH,2007-03-16,41.01,42.17,40.83,41.92,16100608,53.13,54.63,52.89,54.31,12428500,2026-03-13T02:47:14Z
UNH,2007-03-19,41.92,42.09,41.17,41.33,10013755,54.3,54.52,53.33,53.54,7729900,2026-03-13T02:47:14Z
UNH,2007-03-20,41.76,42.39,41.59,41.92,11767938,54.1,54.91,53.88,54.3,9084000,2026-03-13T02:47:14Z
UNH,2007-03-21,42.48,42.56,41.14,41.72,16960907,55.03,55.14,53.3,54.05,13092600,2026-03-13T02:47:14Z
UNH,2007-03-22,42.99,43.41,42.19,42.19,17003775,55.69,56.23,54.65,54.65,13125700,2026-03-13T02:47:14Z
UNH,2007-03-23,43.62,43.8,42.66,42.81,11236941,56.51,56.74,55.27,55.46,8674100,2026-03-13T02:47:14Z
UNH,2007-03-26,43.91,44.08,43.38,43.59,12551549,56.88,57.1,56.2,56.47,9688900,2026-03-13T02:47:14Z
UNH,2007-03-27,43.11,43.7,42.38,43.23,19649230,55.85,56.61,54.9,56,15167800,2026-03-13T02:47:14Z
UNH,2007-03-28,42.31,43.8,42.14,43.21,16136340,54.81,56.74,54.59,55.98,12456100,2026-03-13T02:47:14Z
UNH,2007-03-29,40.81,41.51,40.43,41.51,34210114,52.84,53.74,52.35,53.74,26422200,2026-03-13T02:47:14Z
UNH,2007-03-30,40.91,41.11,40.56,40.81,11272345,52.97,53.23,52.52,52.84,8706200,2026-03-13T02:47:14Z
UNH,2007-04-02,41.5,41.67,41.04,41.24,11455158,53.73,53.95,53.13,53.4,8847400,2026-03-13T02:47:14Z
UNH,2007-04-03,42.18,42.36,41.71,41.77,11688593,54.61,54.85,54,54.08,9027700,2026-03-13T02:47:14Z
UNH,2007-04-04,42.53,42.79,42.02,42.18,11271053,55.06,55.4,54.4,54.61,8705200,2026-03-13T02:47:14Z
UNH,2007-04-05,42.73,43.17,42.26,42.34,11709308,55.33,55.9,54.72,54.82,9043700,2026-03-13T02:47:14Z
UNH,2007-04-09,42.39,42.77,42.33,42.6,10486170,54.88,55.38,54.81,55.15,8099000,2026-03-13T02:47:14Z
UNH,2007-04-10,41.89,42.55,41.64,42.36,10765447,54.24,55.09,53.91,54.85,8314700,2026-03-13T02:47:14Z
UNH,2007-04-11,41.04,41.87,40.86,41.61,13283607,53.14,54.21,52.9,53.87,10259600,2026-03-13T02:47:14Z
UNH,2007-04-12,41.03,41.21,40.75,40.87,6753273,53.12,53.36,52.76,52.91,5215900,2026-03-13T02:47:14Z
UNH,2007-04-13,40.9,41.21,40.32,41.21,8994482,52.95,53.35,52.2,53.35,6946900,2026-03-13T02:47:14Z
UNH,2007-04-16,41.59,41.59,40.74,40.9,8378445,53.85,53.85,52.75,52.96,6471100,2026-03-13T02:47:14Z
UNH,2007-04-17,42.19,42.6,41.78,42.33,16135284,54.62,55.15,54.09,54.8,12462100,2026-03-13T02:47:14Z
UNH,2007-04-18,41.87,42.44,41.61,41.88,9551238,54.21,54.95,53.87,54.22,7376900,2026-03-13T02:47:14Z
UNH,2007-04-19,40.2,40.54,39.58,39.78,25817838,52.05,52.49,51.25,51.5,19940400,2026-03-13T02:47:14Z
UNH,2007-04-20,41.09,41.59,40.25,40.54,17752021,53.2,53.85,52.11,52.49,13710800,2026-03-13T02:47:14Z
UNH,2007-04-23,41.67,41.73,40.94,41.09,10183590,53.95,54.03,53,53.2,7865300,2026-03-13T02:47:14Z
UNH,2007-04-24,41.88,41.99,41.21,41.63,12173478,54.23,54.37,53.35,53.9,9402200,2026-03-13T02:47:14Z
UNH,2007-04-25,40.89,41.63,40.42,41.13,18678323,52.94,53.9,52.34,53.25,14426200,2026-03-13T02:47:14Z
UNH,2007-04-26,40.71,41.41,40.3,41.01,18744595,52.71,53.62,52.18,53.1,14477400,2026-03-13T02:47:14Z
UNH,2007-04-27,41.05,41.13,40.72,40.72,8196673,53.15,53.25,52.72,52.72,6330700,2026-03-13T02:47:14Z
UNH,2007-04-30,40.98,41.37,40.73,41.37,9573248,53.06,53.56,52.74,53.56,7393900,2026-03-13T02:47:14Z
UNH,2007-05-01,40.74,40.94,40.5,40.87,11824550,52.75,53,52.44,52.92,9132700,2026-03-13T02:47:14Z
UNH,2007-05-02,41.54,41.67,40.72,41.01,9618438,53.79,53.95,52.72,53.1,7428800,2026-03-13T02:47:14Z
UNH,2007-05-03,41.08,41.71,40.93,41.67,9875056,53.19,54,52.99,53.95,7627000,2026-03-13T02:47:14Z
UNH,2007-05-04,41.37,41.58,40.94,41.05,7768367,53.57,53.84,53,53.15,5999900,2026-03-13T02:47:14Z
UNH,2007-05-07,41.13,41.65,41.06,41.51,10465964,53.25,53.92,53.16,53.74,8083400,2026-03-13T02:47:14Z
UNH,2007-05-08,41.02,41.13,40.77,40.94,11154789,53.11,53.25,52.78,53,8615400,2026-03-13T02:47:14Z
UNH,2007-05-09,41,41.32,40.73,40.8,8987367,53.09,53.5,52.74,52.83,6941400,2026-03-13T02:47:14Z
UNH,2007-05-10,40.95,41.38,40.16,40.75,6189809,53.02,53.58,52,52.76,4780700,2026-03-13T02:47:14Z
UNH,2007-05-11,41.39,41.55,40.83,40.96,9634347,53.59,53.8,52.86,53.03,7441100,2026-03-13T02:47:14Z
UNH,2007-05-14,40.8,41.31,40.77,41.29,7618039,52.83,53.49,52.78,53.46,5883800,2026-03-13T02:47:14Z
UNH,2007-05-15,40.69,41.04,40.56,40.95,8586780,52.68,53.14,52.52,53.02,6632000,2026-03-13T02:47:14Z
UNH,2007-05-16,41.55,41.57,40.62,40.82,8865912,53.8,53.82,52.59,52.85,6847600,2026-03-13T02:47:14Z
UNH,2007-05-17,41.44,41.71,41.12,41.38,6502359,53.65,54,53.24,53.57,5022100,2026-03-13T02:47:14Z
UNH,2007-05-18,41.3,41.55,41.04,41.5,7668147,53.47,53.8,53.14,53.73,5922500,2026-03-13T02:47:14Z
UNH,2007-05-21,41.32,41.9,41.03,41.27,8866171,53.5,54.25,53.12,53.44,6847800,2026-03-13T02:47:14Z
UNH,2007-05-22,41.62,41.98,41.21,41.38,8617323,53.89,54.35,53.35,53.58,6655600,2026-03-13T02:47:14Z
UNH,2007-05-23,41.65,41.9,41.41,41.62,8701870,53.93,54.25,53.61,53.89,6720900,2026-03-13T02:47:14Z
UNH,2007-05-24,41.87,42.04,41.45,41.55,11054960,54.21,54.43,53.67,53.79,8538300,2026-03-13T02:47:14Z
UNH,2007-05-25,42.02,42.18,41.73,42.17,6356827,54.41,54.61,54.03,54.6,4909700,2026-03-13T02:47:14Z
UNH,2007-05-29,42.15,42.32,42.02,42.02,6641538,54.57,54.79,54.4,54.4,5129600,2026-03-13T02:47:14Z
UNH,2007-05-30,42.15,42.4,41.89,42.01,5524430,54.57,54.9,54.23,54.39,4266800,2026-03-13T02:47:14Z
UNH,2007-05-31,42.3,42.73,42.1,42.29,9459055,54.77,55.32,54.51,54.75,7305700,2026-03-13T02:47:14Z
UNH,2007-06-01,42.64,42.84,42.34,42.56,7963477,55.21,55.47,54.82,55.11,6150600,2026-03-13T02:47:14Z
UNH,2007-06-04,42.63,42.83,42.4,42.4,5930331,55.2,55.45,54.9,54.9,4580300,2026-03-13T02:47:14Z
UNH,2007-06-05,42.25,42.58,41.96,42.44,7364915,54.7,55.13,54.33,54.95,5688300,2026-03-13T02:47:14Z
UNH,2007-06-06,41.68,42.19,41.57,41.95,6030934,53.97,54.63,53.82,54.31,4658000,2026-03-13T02:47:14Z
UNH,2007-06-07,41.21,41.89,40.99,40.99,8123518,53.36,54.24,53.07,53.07,6274200,2026-03-13T02:47:14Z
UNH,2007-06-08,41.45,41.58,40.94,41.35,7563914,53.67,53.84,53.01,53.54,5842000,2026-03-13T02:47:14Z
UNH,2007-06-11,41.08,41.48,40.97,41.48,5718391,53.19,53.7,53.05,53.7,4416600,2026-03-13T02:47:14Z
UNH,2007-06-12,40.93,41.17,40.76,41.17,8559575,52.99,53.3,52.77,53.3,6611000,2026-03-13T02:47:14Z
UNH,2007-06-13,41.02,41.14,40.43,41.14,9436785,53.11,53.26,52.35,53.26,7288500,2026-03-13T02:47:14Z
UNH,2007-06-14,40.9,41.09,40.78,41.09,5406995,52.95,53.2,52.8,53.2,4176100,2026-03-13T02:47:14Z
UNH,2007-06-15,40.86,41.13,40.77,41.03,9807580,52.9,53.25,52.78,53.12,7574900,2026-03-13T02:47:14Z
UNH,2007-06-18,40.83,41.08,40.67,40.79,5618299,52.87,53.19,52.66,52.81,4339300,2026-03-13T02:47:14Z
UNH,2007-06-19,40.73,40.88,40.63,40.7,7336559,52.74,52.93,52.6,52.69,5666400,2026-03-13T02:47:14Z
UNH,2007-06-20,39.78,40.77,39.69,40.77,16483945,51.5,52.79,51.39,52.79,12731400,2026-03-13T02:47:14Z
UNH,2007-06-21,39.98,39.99,39.49,39.85,9262113,51.77,51.78,51.13,51.6,7153600,2026-03-13T02:47:14Z
UNH,2007-06-22,39.62,40.09,39.41,39.92,10310209,51.3,51.9,51.03,51.68,7963100,2026-03-13T02:47:14Z
UNH,2007-06-25,39.78,39.99,39.55,39.82,7777677,51.5,51.78,51.21,51.55,6007100,2026-03-13T02:47:14Z
UNH,2007-06-26,40,40.2,39.67,40,6694504,51.79,52.05,51.36,51.79,5170500,2026-03-13T02:47:14Z
UNH,2007-06-27,39.97,39.98,39.43,39.5,6266202,51.75,51.76,51.05,51.14,4839700,2026-03-13T02:47:14Z
UNH,2007-06-28,40.24,40.43,39.74,39.8,8488625,52.1,52.35,51.45,51.53,6556200,2026-03-13T02:47:14Z
UNH,2007-06-29,39.5,40.94,39.16,40.55,13113218,51.14,53,50.7,52.5,10128000,2026-03-13T02:47:14Z
UNH,2007-07-02,40.33,40.33,39.76,39.85,8866946,52.22,52.22,51.48,51.59,6848400,2026-03-13T02:47:14Z
UNH,2007-07-03,40.27,40.5,39.97,40.33,3563015,52.14,52.44,51.75,52.22,2751900,2026-03-13T02:47:14Z
UNH,2007-07-05,40.51,40.59,39.93,40.27,8889613,52.45,52.55,51.7,52.14,6865900,2026-03-13T02:47:14Z
UNH,2007-07-06,40.95,41.07,40.25,40.57,6248073,53.02,53.18,52.11,52.53,4825700,2026-03-13T02:47:14Z
UNH,2007-07-09,40.14,40.99,40.12,40.94,9532837,51.97,53.07,51.94,53,7362700,2026-03-13T02:47:14Z
UNH,2007-07-10,39.81,40.53,39.75,39.97,9065177,51.55,52.48,51.47,51.75,7001500,2026-03-13T02:47:14Z
UNH,2007-07-11,39.71,40.09,39.51,39.72,16783329,51.41,51.9,51.15,51.43,12962600,2026-03-13T02:47:14Z
UNH,2007-07-12,41,41.01,39.49,39.68,15586700,53.09,53.1,51.13,51.38,12038400,2026-03-13T02:47:14Z
UNH,2007-07-13,40.92,41,40.45,40.94,5795559,52.98,53.08,52.37,53,4476200,2026-03-13T02:47:14Z
UNH,2007-07-16,40.9,41.63,40.83,41.63,7986262,52.95,53.9,52.87,53.9,6168200,2026-03-13T02:47:14Z
UNH,2007-07-17,40.93,41.26,40.62,40.67,7368541,53,53.42,52.59,52.66,5691100,2026-03-13T02:47:14Z
UNH,2007-07-18,41.38,41.78,41.04,41.72,11648479,53.58,54.1,53.14,54.01,8996700,2026-03-13T02:47:14Z
UNH,2007-07-19,40.08,40.39,39.62,40.12,22863823,51.89,52.3,51.3,51.95,17658900,2026-03-13T02:47:14Z
UNH,2007-07-20,39.64,40.09,39.22,39.91,12363566,51.32,51.9,50.78,51.67,9549000,2026-03-13T02:47:14Z
UNH,2007-07-23,39.52,39.9,39.44,39.78,8820083,51.17,51.66,51.06,51.5,6812200,2026-03-13T02:47:14Z
UNH,2007-07-24,39.39,39.82,39.36,39.52,11237378,51,51.56,50.96,51.17,8679200,2026-03-13T02:47:14Z
UNH,2007-07-25,39.55,39.71,39.16,39.38,11067116,51.21,51.42,50.7,50.99,8547700,2026-03-13T02:47:14Z
UNH,2007-07-26,38.78,39.48,38.46,39.01,11278174,50.21,51.12,49.8,50.51,8710700,2026-03-13T02:47:14Z
UNH,2007-07-27,37.95,38.92,37.92,38.55,13661925,49.13,50.39,49.1,49.91,10551800,2026-03-13T02:47:14Z
UNH,2007-07-30,37.8,38.81,37.65,38.15,10218296,48.94,50.25,48.75,49.4,7892100,2026-03-13T02:47:14Z
UNH,2007-07-31,37.4,38.02,37.17,37.97,13510459,48.43,49.23,48.13,49.16,10434800,2026-03-13T02:47:14Z
UNH,2007-08-01,37.07,37.74,36.58,37.26,15006916,47.99,48.87,47.36,48.24,11590600,2026-03-13T02:47:14Z
UNH,2007-08-02,37.35,37.69,36.69,36.69,13514709,48.36,48.8,47.5,47.5,10438100,2026-03-13T02:47:14Z
UNH,2007-08-03,36.69,38.04,36.61,38.04,14203505,47.5,49.25,47.4,49.25,10970100,2026-03-13T02:47:14Z
UNH,2007-08-06,37.46,37.5,36.69,36.88,12491607,48.5,48.55,47.51,47.75,9647900,2026-03-13T02:47:14Z
UNH,2007-08-07,37.07,37.9,35.39,37.35,12293641,47.99,49.07,45.82,48.36,9495000,2026-03-13T02:47:14Z
UNH,2007-08-08,36.74,37.3,36.26,37.3,13264189,47.57,48.3,46.95,48.3,10244600,2026-03-13T02:47:14Z
UNH,2007-08-09,35.78,37.04,35.55,36.91,18822023,46.33,47.96,46.03,47.79,14537200,2026-03-13T02:47:14Z
UNH,2007-08-10,36.67,37.13,35.57,35.84,15380581,47.48,48.07,46.05,46.4,11879200,2026-03-13T02:47:14Z
UNH,2007-08-13,37.88,38.61,36.92,36.96,15726784,49.04,49.99,47.8,47.85,12146600,2026-03-13T02:47:14Z
UNH,2007-08-14,37.44,38.14,37.2,38.07,8030022,48.48,49.38,48.17,49.29,6202000,2026-03-13T02:47:14Z
UNH,2007-08-15,37.94,38.7,37.65,37.73,13244748,49.12,50.1,48.75,48.85,10229600,2026-03-13T02:47:14Z
UNH,2007-08-16,37.74,37.95,37.05,37.54,12501301,48.86,49.13,47.97,48.6,9655400,2026-03-13T02:47:14Z
UNH,2007-08-17,38.46,38.52,37.77,38.19,12320169,49.8,49.87,48.9,49.44,9515500,2026-03-13T02:47:14Z
UNH,2007-08-20,38.27,38.98,38.02,38.71,9170569,49.55,50.47,49.22,50.12,7082900,2026-03-13T02:47:14Z
UNH,2007-08-21,38.28,38.56,38.05,38.27,7516275,49.56,49.92,49.27,49.55,5805200,2026-03-13T02:47:14Z
UNH,2007-08-22,37.57,38.02,37.15,37.85,13359461,48.65,49.22,48.1,49,10318200,2026-03-13T02:47:14Z
UNH,2007-08-23,37.55,37.85,37.34,37.77,7660378,48.62,49,48.34,48.9,5916500,2026-03-13T02:47:14Z
UNH,2007-08-24,38.32,38.46,37.2,37.7,8053340,49.61,49.79,48.17,48.81,6220000,2026-03-13T02:47:14Z
UNH,2007-08-27,37.99,38.57,37.99,38.17,5465396,49.19,49.94,49.19,49.42,4221200,2026-03-13T02:47:14Z
UNH,2007-08-28,37.56,38.34,37.54,38.12,6819961,48.63,49.64,48.61,49.36,5267400,2026-03-13T02:47:14Z
UNH,2007-08-29,37.61,37.85,37.28,37.7,8085954,48.69,49,48.27,48.81,6245200,2026-03-13T02:47:14Z
UNH,2007-08-30,37.88,38.22,37.33,37.61,8484876,49.05,49.49,48.33,48.69,6553300,2026-03-13T02:47:14Z
UNH,2007-08-31,38.63,38.85,37.85,38.08,11926434,50.01,50.3,49.01,49.3,9211400,2026-03-13T02:47:14Z
UNH,2007-09-04,38.76,39.2,38.61,38.7,10257511,50.19,50.75,49.99,50.11,7922400,2026-03-13T02:47:14Z
UNH,2007-09-05,38.07,38.62,37.95,38.51,8006977,49.29,50,49.14,49.86,6184200,2026-03-13T02:47:14Z
UNH,2007-09-06,38.31,38.4,37.87,37.87,5397676,49.6,49.72,49.03,49.03,4168900,2026-03-13T02:47:14Z
UNH,2007-09-07,37.99,38.23,37.83,37.96,5438077,49.19,49.5,48.98,49.15,4200100,2026-03-13T02:47:14Z
UNH,2007-09-10,37.94,38.22,37.82,38.11,7931751,49.12,49.48,48.97,49.34,6126100,2026-03-13T02:47:14Z
UNH,2007-09-11,38.29,38.41,37.67,38.17,7481191,49.57,49.73,48.78,49.42,5778100,2026-03-13T02:47:14Z
UNH,2007-09-12,38.21,38.42,38.12,38.26,8571104,49.47,49.74,49.35,49.53,6619900,2026-03-13T02:47:14Z
UNH,2007-09-13,38.27,38.51,38.15,38.35,6534333,49.55,49.86,49.39,49.65,5046800,2026-03-13T02:47:14Z
UNH,2007-09-14,38.55,38.74,37.98,38.06,9194921,49.91,50.16,49.18,49.28,7101700,2026-03-13T02:47:14Z
UNH,2007-09-17,38.58,38.7,38.28,38.41,8136592,49.95,50.11,49.57,49.73,6284300,2026-03-13T02:47:14Z
UNH,2007-09-18,38.69,38.99,38.26,38.7,12073520,50.1,50.48,49.53,50.11,9325000,2026-03-13T02:47:14Z
UNH,2007-09-19,38.49,38.96,38.31,38.81,9696491,49.84,50.44,49.6,50.25,7489100,2026-03-13T02:47:14Z
UNH,2007-09-20,38.47,38.63,38.27,38.46,6975715,49.81,50.01,49.55,49.8,5387700,2026-03-13T02:47:14Z
UNH,2007-09-21,38.55,38.75,38.45,38.75,12450569,49.91,50.17,49.78,50.17,9616200,2026-03-13T02:47:14Z
UNH,2007-09-24,38.28,38.7,38.18,38.62,16306583,49.56,50.1,49.43,50,12594400,2026-03-13T02:47:14Z
UNH,2007-09-25,38.22,38.55,38.18,38.26,10187732,49.48,49.91,49.43,49.53,7868500,2026-03-13T02:47:14Z
UNH,2007-09-26,38.08,38.26,37.95,38.25,10403827,49.31,49.54,49.13,49.52,8035400,2026-03-13T02:47:14Z
UNH,2007-09-27,38.05,38.22,38.03,38.19,9273117,49.26,49.48,49.24,49.45,7162100,2026-03-13T02:47:14Z
UNH,2007-09-28,37.4,37.86,37.07,37.86,16753807,48.43,49.02,48,49.02,12939800,2026-03-13T02:47:14Z
UNH,2007-10-01,37.18,37.83,37,37.74,9646903,48.14,48.98,47.91,48.87,7450800,2026-03-13T02:47:14Z
UNH,2007-10-02,36.99,37.39,36.63,37.23,11105827,47.89,48.41,47.42,48.2,8577600,2026-03-13T02:47:14Z
UNH,2007-10-03,36.34,36.92,35.98,36.92,17353256,47.05,47.8,46.59,47.8,13402800,2026-03-13T02:47:14Z
UNH,2007-10-04,36.59,36.8,36.42,36.63,10389055,47.38,47.64,47.15,47.42,8024000,2026-03-13T02:47:14Z
UNH,2007-10-05,36.84,37.09,36.59,36.64,9965170,47.7,48.02,47.38,47.44,7696600,2026-03-13T02:47:14Z
UNH,2007-10-08,36.93,37.04,36.83,36.84,4989700,47.81,47.96,47.68,47.7,3853800,2026-03-13T02:47:14Z
UNH,2007-10-09,37.45,37.46,36.89,36.91,10346850,48.49,48.5,47.76,47.79,7991400,2026-03-13T02:47:14Z
UNH,2007-10-10,38.1,38.37,37.41,37.44,17045217,49.33,49.68,48.44,48.48,13164900,2026-03-13T02:47:14Z
UNH,2007-10-11,38.11,38.31,38,38.26,13081228,49.34,49.6,49.2,49.54,10103300,2026-03-13T02:47:14Z
UNH,2007-10-12,38.38,38.6,37.96,38.03,11858862,49.69,49.98,49.15,49.24,9159200,2026-03-13T02:47:14Z
UNH,2007-10-15,37.79,38.42,37.65,38.42,10385572,48.93,49.75,48.75,49.75,8021300,2026-03-13T02:47:14Z
UNH,2007-10-16,37.46,37.93,37.35,37.78,8366796,48.5,49.11,48.36,48.91,6462100,2026-03-13T02:47:14Z
UNH,2007-10-17,37.54,38.16,37.27,37.45,7384476,48.6,49.41,48.25,48.49,5703400,2026-03-13T02:47:14Z
UNH,2007-10-18,37.15,37.85,37.01,37.85,26755438,48.1,49,47.92,49,20664600,2026-03-13T02:47:14Z
UNH,2007-10-19,36.65,37.05,36.59,36.87,15020654,47.45,47.97,47.37,47.74,11601200,2026-03-13T02:47:14Z
UNH,2007-10-22,37.17,37.21,36.37,36.49,9821585,48.13,48.18,47.09,47.24,7585700,2026-03-13T02:47:14Z
UNH,2007-10-23,37.72,37.95,37.19,37.21,8501191,48.84,49.14,48.15,48.18,6565900,2026-03-13T02:47:14Z
UNH,2007-10-24,37.44,38.17,37,38.04,9544638,48.47,49.42,47.9,49.25,7371800,2026-03-13T02:47:14Z
UNH,2007-10-25,37.48,37.81,37.21,37.44,8506234,48.53,48.96,48.18,48.47,6569800,2026-03-13T02:47:14Z
UNH,2007-10-26,37.07,37.67,36.3,37.55,7933703,47.99,48.78,47,48.62,6127600,2026-03-13T02:47:14Z
UNH,2007-10-29,37.03,37.45,36.92,37.25,6201460,47.95,48.49,47.8,48.23,4789700,2026-03-13T02:47:14Z
UNH,2007-10-30,37,37.23,36.61,36.9,6618236,47.9,48.2,47.4,47.77,5111600,2026-03-13T02:47:14Z
UNH,2007-10-31,37.96,38.32,37.38,37.5,12245097,49.15,49.62,48.4,48.55,9457500,2026-03-13T02:47:14Z
UNH,2007-11-01,37.5,38.18,37.46,37.71,8710556,48.55,49.43,48.5,48.82,6727600,2026-03-13T02:47:14Z
UNH,2007-11-02,37.8,37.88,37.17,37.3,9701303,48.94,49.04,48.12,48.29,7492800,2026-03-13T02:47:14Z
UNH,2007-11-05,37.94,38.2,37.46,37.61,8569026,49.12,49.46,48.5,48.7,6618300,2026-03-13T02:47:14Z
UNH,2007-11-06,38.3,38.35,37.77,37.96,6152511,49.59,49.65,48.9,49.15,4751900,2026-03-13T02:47:14Z
UNH,2007-11-07,38.5,39.03,38.24,38.42,13615180,49.85,50.54,49.51,49.75,10515700,2026-03-13T02:47:14Z
UNH,2007-11-08,38.84,38.89,38.26,38.62,9502164,50.29,50.35,49.54,50,7339000,2026-03-13T02:47:14Z
UNH,2007-11-09,39.91,40.33,38.53,38.77,21382105,51.67,52.22,49.89,50.2,16514500,2026-03-13T02:47:14Z
UNH,2007-11-12,40.66,40.94,39.76,39.76,17536092,52.64,53,51.48,51.48,13544000,2026-03-13T02:47:14Z
UNH,2007-11-13,41.17,41.17,40.49,40.78,14682704,53.3,53.3,52.43,52.8,11340200,2026-03-13T02:47:14Z
UNH,2007-11-14,40.97,41.45,40.67,41.34,10159758,53.04,53.67,52.66,53.52,7846900,2026-03-13T02:47:14Z
UNH,2007-11-15,40.95,41.55,40.72,40.72,9859648,53.02,53.8,52.72,52.72,7615100,2026-03-13T02:47:14Z
UNH,2007-11-16,41.26,41.5,40.85,41.14,10623017,53.42,53.73,52.89,53.27,8204700,2026-03-13T02:47:14Z
UNH,2007-11-19,41.31,41.47,40.95,41.13,10659805,53.49,53.69,53.02,53.25,8233100,2026-03-13T02:47:14Z
UNH,2007-11-20,41.76,42.05,41.21,41.3,11230778,54.07,54.45,53.35,53.47,8674100,2026-03-13T02:47:14Z
UNH,2007-11-21,41.25,42.02,41.02,41.48,9090958,53.41,54.4,53.11,53.71,7021400,2026-03-13T02:47:14Z
UNH,2007-11-23,41.76,41.82,41.44,41.44,3837117,54.07,54.15,53.65,53.66,2963600,2026-03-13T02:47:14Z
UNH,2007-11-26,41.23,42.34,41.18,41.76,8414308,53.38,54.82,53.32,54.07,6498800,2026-03-13T02:47:14Z
UNH,2007-11-27,41.93,42.03,41.1,41.36,10214923,54.29,54.42,53.21,53.55,7889500,2026-03-13T02:47:14Z
UNH,2007-11-28,42.26,42.33,41.44,42.16,11353917,54.72,54.8,53.66,54.59,8769200,2026-03-13T02:47:14Z
UNH,2007-11-29,42.29,42.46,42.16,42.21,7981482,54.76,54.97,54.58,54.65,6164500,2026-03-13T02:47:14Z
UNH,2007-11-30,42.48,42.48,41.75,42.44,7829342,55,55,54.06,54.95,6047000,2026-03-13T02:47:14Z
UNH,2007-12-03,42.19,42.43,41.73,41.94,9284128,54.63,54.93,54.03,54.3,7170600,2026-03-13T02:47:14Z
UNH,2007-12-04,41.96,42.47,41.63,41.92,12291182,54.33,54.99,53.9,54.27,9493100,2026-03-13T02:47:14Z
UNH,2007-12-05,42.23,42.43,41.89,42.43,14091407,54.68,54.94,54.23,54.94,10883500,2026-03-13T02:47:14Z
UNH,2007-12-06,43.24,43.25,41.82,42.14,8705888,55.98,56,54.15,54.56,6724000,2026-03-13T02:47:14Z
UNH,2007-12-07,43.75,44.02,42.69,43.23,10600876,56.65,56.99,55.27,55.97,8187600,2026-03-13T02:47:14Z
UNH,2007-12-10,44.7,44.76,43.62,43.75,14464553,57.87,57.95,56.48,56.65,11171700,2026-03-13T02:47:14Z
UNH,2007-12-11,44.08,44.91,43.97,44.67,15388977,57.07,58.15,56.93,57.84,11885700,2026-03-13T02:47:14Z
UNH,2007-12-12,44.39,45.06,44.23,44.23,17472759,57.47,58.34,57.26,57.26,13495100,2026-03-13T02:47:14Z
UNH,2007-12-13,44.05,44.56,43.7,44.1,11144150,57.03,57.69,56.58,57.1,8607200,2026-03-13T02:47:14Z
UNH,2007-12-14,43.82,44.36,42.56,43.46,8973764,56.73,57.44,55.11,56.27,6930900,2026-03-13T02:47:14Z
UNH,2007-12-17,43.71,44.18,43.54,43.54,7450635,56.59,57.2,56.37,56.37,5754500,2026-03-13T02:47:14Z
UNH,2007-12-18,44.18,44.39,43.51,43.94,8478265,57.2,57.47,56.34,56.89,6548200,2026-03-13T02:47:14Z
UNH,2007-12-19,44.3,44.53,43.45,44.1,5771217,57.36,57.66,56.25,57.1,4457400,2026-03-13T02:47:14Z
UNH,2007-12-20,44.88,45.04,44.1,44.53,8711974,58.11,58.32,57.1,57.66,6728700,2026-03-13T02:47:14Z
UNH,2007-12-21,45.56,45.83,44.82,44.91,14417404,58.99,59.34,58.03,58.15,11135300,2026-03-13T02:47:14Z
UNH,2007-12-24,45.48,45.92,45.38,45.38,2504432,58.88,59.46,58.76,58.76,1934300,2026-03-13T02:47:14Z
UNH,2007-12-26,45.53,45.71,45.38,45.48,4133094,58.95,59.18,58.75,58.88,3192200,2026-03-13T02:47:14Z
UNH,2007-12-27,45.07,45.91,44.95,44.95,6051523,58.36,59.44,58.2,58.2,4673900,2026-03-13T02:47:14Z
UNH,2007-12-28,45.01,45.57,44.86,44.92,4848703,58.28,59,58.08,58.16,3744900,2026-03-13T02:47:14Z
UNH,2007-12-31,44.95,45.24,44.7,44.8,4395413,58.2,58.57,57.87,58,3394800,2026-03-13T02:47:14Z
UNH,2008-01-02,43.77,44.69,43.61,44.17,9967754,56.67,57.86,56.46,57.19,7698600,2026-03-13T02:47:14Z
UNH,2008-01-03,43.97,44.25,43.65,43.83,6297531,56.93,57.29,56.52,56.75,4863900,2026-03-13T02:47:14Z
UNH,2008-01-04,43.25,43.97,43.21,43.64,9387583,56,56.93,55.94,56.5,7250500,2026-03-13T02:47:14Z
UNH,2008-01-07,43.93,44.11,42.9,42.9,7889033,56.88,57.11,55.54,55.54,6093100,2026-03-13T02:47:14Z
UNH,2008-01-08,43.41,44.4,43.24,44.06,10542628,56.21,57.48,55.98,57.05,8142600,2026-03-13T02:47:14Z
UNH,2008-01-09,43.4,44.4,43.06,43.32,12146679,56.19,57.48,55.75,56.09,9381500,2026-03-13T02:47:14Z
UNH,2008-01-10,43.32,43.47,42.53,43.18,8304009,56.09,56.28,55.07,55.91,6413600,2026-03-13T02:47:14Z
UNH,2008-01-11,43.18,43.71,42.84,43.01,7943676,55.91,56.59,55.47,55.69,6135300,2026-03-13T02:47:14Z
UNH,2008-01-14,42.8,43.64,42.54,43.45,8019538,55.42,56.5,55.08,56.25,6193900,2026-03-13T02:47:14Z
UNH,2008-01-15,42.44,42.79,42.12,42.49,8679730,54.95,55.4,54.53,55.01,6703800,2026-03-13T02:47:14Z
UNH,2008-01-16,42.7,43.46,42.17,42.17,10880431,55.28,56.27,54.6,54.6,8403500,2026-03-13T02:47:14Z
UNH,2008-01-17,41.99,42.9,41.55,42.9,9951822,54.36,55.54,53.79,55.54,7686300,2026-03-13T02:47:14Z
UNH,2008-01-18,42.02,42.39,41.02,42.2,12565658,54.4,54.88,53.11,54.64,9705100,2026-03-13T02:47:14Z
UNH,2008-01-22,39.56,40.92,38.87,39.78,21295250,51.22,52.98,50.32,51.5,16447400,2026-03-13T02:47:14Z
UNH,2008-01-23,38.89,38.95,37.17,38.48,20083470,50.35,50.43,48.12,49.82,15511500,2026-03-13T02:47:14Z
UNH,2008-01-24,38.48,39.03,38.06,38.9,14874464,49.82,50.53,49.28,50.37,11488300,2026-03-13T02:47:14Z
UNH,2008-01-25,38.62,38.77,38.23,38.53,16209619,50,50.2,49.5,49.88,12519500,2026-03-13T02:47:14Z
UNH,2008-01-28,40.16,40.16,38.3,38.54,17222243,52,52,49.59,49.9,13301600,2026-03-13T02:47:14Z
UNH,2008-01-29,39.22,40.33,38.71,40.33,12784854,50.78,52.22,50.12,52.22,9874400,2026-03-13T02:47:14Z
UNH,2008-01-30,38.74,39.62,38.72,39.01,12713010,50.16,51.3,50.13,50.51,9818900,2026-03-13T02:47:14Z
UNH,2008-01-31,39.27,39.48,38.09,38.67,10828244,50.84,51.12,49.32,50.07,8363200,2026-03-13T02:47:14Z
UNH,2008-02-01,38.69,39.41,38.35,39.27,9512121,50.1,51.03,49.65,50.85,7346700,2026-03-13T02:47:14Z
UNH,2008-02-04,38.54,38.76,38.46,38.55,5806559,49.9,50.18,49.79,49.91,4484700,2026-03-13T02:47:14Z
UNH,2008-02-05,38.15,38.8,38.15,38.66,9038905,49.4,50.23,49.4,50.06,6981200,2026-03-13T02:47:14Z
UNH,2008-02-06,38.14,38.47,38.06,38.34,8324969,49.38,49.81,49.28,49.64,6429800,2026-03-13T02:47:14Z
UNH,2008-02-07,37.87,38.32,37.58,37.92,8946183,49.03,49.61,48.66,49.1,6909600,2026-03-13T02:47:14Z
UNH,2008-02-08,37.23,37.74,36.76,37.74,7724600,48.2,48.86,47.59,48.86,5966100,2026-03-13T02:47:14Z
UNH,2008-02-11,37.24,37.36,36.6,37.23,8697744,48.22,48.37,47.39,48.2,6717700,2026-03-13T02:47:14Z
UNH,2008-02-12,37.28,37.58,36.99,37.44,9428611,48.27,48.65,47.89,48.48,7282200,2026-03-13T02:47:14Z
UNH,2008-02-13,36.28,36.8,33.98,36.76,38029109,46.97,47.65,44,47.6,29371800,2026-03-13T02:47:14Z
UNH,2008-02-14,36,36.38,35.68,36.22,10349434,46.61,47.1,46.2,46.89,7993400,2026-03-13T02:47:14Z
UNH,2008-02-15,36.87,36.87,35.79,35.79,11156725,47.74,47.74,46.34,46.34,8616900,2026-03-13T02:47:14Z
UNH,2008-02-19,37.13,37.46,36.9,37.22,7006147,48.08,48.5,47.78,48.19,5411200,2026-03-13T02:47:14Z
UNH,2008-02-20,37.15,37.21,36.69,36.93,6489274,48.1,48.18,47.5,47.81,5012000,2026-03-13T02:47:14Z
UNH,2008-02-21,36.92,37.2,36.84,37.2,6258031,47.8,48.17,47.7,48.17,4833400,2026-03-13T02:47:14Z
UNH,2008-02-22,36.58,37.16,36.11,37.07,7639929,47.36,48.11,46.75,47.99,5900700,2026-03-13T02:47:14Z
UNH,2008-02-25,37.06,37.19,36.53,36.53,8383623,47.98,48.15,47.3,47.3,6475100,2026-03-13T02:47:14Z
UNH,2008-02-26,37.79,37.81,36.69,36.95,9263413,48.93,48.96,47.5,47.84,7154600,2026-03-13T02:47:14Z
UNH,2008-02-27,37.98,38.29,37.69,37.69,9571165,49.17,49.58,48.8,48.8,7392300,2026-03-13T02:47:14Z
UNH,2008-02-28,37.08,37.92,37.03,37.78,7302502,48.01,49.09,47.95,48.91,5640100,2026-03-13T02:47:14Z
UNH,2008-02-29,35.9,36.84,35.78,36.75,13963848,46.48,47.7,46.32,47.58,10785000,2026-03-13T02:47:14Z
UNH,2008-03-03,35.8,35.92,35.18,35.71,10654731,46.35,46.51,45.55,46.23,8229200,2026-03-13T02:47:14Z
UNH,2008-03-04,36.12,36.42,35.54,35.54,10464810,46.76,47.15,46.01,46.01,8082500,2026-03-13T02:47:14Z
UNH,2008-03-05,36.47,36.59,35.93,36.52,7760852,47.22,47.37,46.52,47.28,5994100,2026-03-13T02:47:14Z
UNH,2008-03-06,35.38,36.36,35.34,36.36,8788620,45.81,47.08,45.75,47.08,6787900,2026-03-13T02:47:14Z
UNH,2008-03-07,34.92,35.3,34.86,35.22,9628650,45.21,45.7,45.14,45.6,7436700,2026-03-13T02:47:14Z
UNH,2008-03-10,34.81,35.32,34.73,34.88,7993788,45.07,45.73,44.97,45.16,6174000,2026-03-13T02:47:14Z
UNH,2008-03-11,29.53,31.88,28.82,31.4,48738465,38.24,41.27,37.32,40.65,37643200,2026-03-13T02:47:14Z
UNH,2008-03-12,28.33,29.83,26.78,27.61,45760210,36.68,38.62,34.67,35.75,35342900,2026-03-13T02:47:14Z
UNH,2008-03-13,29.57,30.62,28.66,29.12,39331206,38.28,39.65,37.11,37.7,30377500,2026-03-13T02:47:14Z
UNH,2008-03-14,28.72,30.68,28.29,29.84,16842491,37.19,39.72,36.63,38.64,13008300,2026-03-13T02:47:14Z
UNH,2008-03-17,26.14,28.36,26.05,27.7,27259946,33.84,36.72,33.73,35.86,21054200,2026-03-13T02:47:14Z
UNH,2008-03-18,27.08,27.08,25.93,26.49,25426030,35.06,35.06,33.57,34.3,19637800,2026-03-13T02:47:14Z
UNH,2008-03-19,27.46,28.25,26.66,26.66,19024236,35.55,36.57,34.52,34.52,14693400,2026-03-13T02:47:14Z
UNH,2008-03-20,27.28,27.6,26.91,27.46,16483979,35.32,35.73,34.84,35.55,12731400,2026-03-13T02:47:14Z
UNH,2008-03-24,27.58,27.81,27.27,27.29,9436142,35.71,36,35.31,35.33,7288000,2026-03-13T02:47:14Z
UNH,2008-03-25,27.25,27.4,26.89,27.35,12437887,35.28,35.48,34.81,35.41,9606400,2026-03-13T02:47:14Z
UNH,2008-03-26,26.34,27.23,26.21,27.23,19825547,34.1,35.25,33.94,35.25,15312300,2026-03-13T02:47:14Z
UNH,2008-03-27,26.26,26.58,26.11,26.45,15160744,34,34.41,33.81,34.25,11709400,2026-03-13T02:47:14Z
UNH,2008-03-28,26.57,26.72,26.18,26.45,10420641,34.4,34.6,33.9,34.24,8048400,2026-03-13T02:47:14Z
UNH,2008-03-31,26.56,26.94,26.15,26.59,18245362,34.36,34.85,33.83,34.4,14104100,2026-03-13T02:47:14Z
UNH,2008-04-01,28.02,28.02,26.75,26.94,11497580,36.25,36.25,34.6,34.85,8887900,2026-03-13T02:47:14Z
UNH,2008-04-02,27.8,28.46,27.67,27.67,12142806,35.96,36.81,35.8,35.8,9386700,2026-03-13T02:47:14Z
UNH,2008-04-03,27.94,28.52,27.35,27.35,15203031,36.15,36.89,35.38,35.38,11752300,2026-03-13T02:47:14Z
UNH,2008-04-04,28.22,28.36,27.84,27.95,7381782,36.5,36.68,36.02,36.15,5706300,2026-03-13T02:47:14Z
UNH,2008-04-07,28.35,28.66,28.21,28.4,9155857,36.67,37.07,36.49,36.74,7077700,2026-03-13T02:47:14Z
UNH,2008-04-08,29.44,29.63,28.22,28.36,15841140,38.08,38.33,36.51,36.68,12245600,2026-03-13T02:47:14Z
UNH,2008-04-09,28.82,29.59,28.72,29.59,9218968,37.28,38.28,37.15,38.28,7126500,2026-03-13T02:47:14Z
UNH,2008-04-10,28.29,29.26,28.23,28.59,8789629,36.6,37.85,36.52,36.99,6794600,2026-03-13T02:47:14Z
UNH,2008-04-11,27.73,28.6,27.62,28.22,9134635,35.87,37,35.73,36.5,7061300,2026-03-13T02:47:14Z
UNH,2008-04-14,28.05,28.06,27.47,27.71,5874966,36.29,36.3,35.53,35.85,4541500,2026-03-13T02:47:14Z
UNH,2008-04-15,28.79,29.45,27.89,27.93,11655530,37.24,38.1,36.08,36.13,9010000,2026-03-13T02:47:14Z
UNH,2008-04-16,27.67,28.81,27.64,28.79,15082950,35.8,37.27,35.76,37.24,11659500,2026-03-13T02:47:14Z
UNH,2008-04-17,28.37,28.38,27.61,27.61,9072803,36.7,36.71,35.72,35.72,7013500,2026-03-13T02:47:14Z
UNH,2008-04-18,28.8,28.94,27.87,28.48,11718500,37.25,37.44,36.05,36.84,9058700,2026-03-13T02:47:14Z
UNH,2008-04-21,29.23,29.45,28.63,28.63,10466665,37.81,38.1,37.04,37.04,8091000,2026-03-13T02:47:14Z
UNH,2008-04-22,26.4,27.1,25.88,26.06,37153010,34.15,35.05,33.48,33.71,28720200,2026-03-13T02:47:14Z
UNH,2008-04-23,26.85,27.19,26.11,26.33,23086668,34.73,35.17,33.77,34.06,17846600,2026-03-13T02:47:14Z
UNH,2008-04-24,25.97,27.28,25.83,26.67,13089749,33.59,35.29,33.41,34.5,10118700,2026-03-13T02:47:14Z
UNH,2008-04-25,26.28,26.51,25.95,26.14,13022616,33.99,34.29,33.57,33.81,10066800,2026-03-13T02:47:14Z
UNH,2008-04-28,26,26.4,25.87,26.28,12614837,33.64,34.15,33.46,34,9751600,2026-03-13T02:47:14Z
UNH,2008-04-29,25.82,25.88,25.46,25.87,13688321,33.4,33.48,32.94,33.47,10581400,2026-03-13T02:47:14Z
UNH,2008-04-30,25.22,25.97,25.12,25.97,18491127,32.63,33.6,32.5,33.6,14294100,2026-03-13T02:47:14Z
UNH,2008-05-01,25.43,25.65,24.98,25.29,33961027,32.9,33.18,32.32,32.72,26252700,2026-03-13T02:47:14Z
UNH,2008-05-02,25.87,26.56,25.52,25.53,16710745,33.47,34.36,33.01,33.03,12917800,2026-03-13T02:47:14Z
UNH,2008-05-05,25.56,26.31,25.56,25.94,14679882,33.07,34.03,33.06,33.56,11347900,2026-03-13T02:47:14Z
UNH,2008-05-06,25.36,25.72,25.17,25.56,15440133,32.8,33.27,32.56,33.07,11935600,2026-03-13T02:47:14Z
UNH,2008-05-07,25.25,25.69,25.17,25.31,11090842,32.66,33.23,32.56,32.74,8573500,2026-03-13T02:47:14Z
UNH,2008-05-08,25.51,25.95,25.12,25.32,9266333,33,33.57,32.5,32.75,7163100,2026-03-13T02:47:14Z
UNH,2008-05-09,25.46,25.67,25.22,25.46,6685952,32.94,33.21,32.62,32.94,5168400,2026-03-13T02:47:14Z
UNH,2008-05-12,25.34,25.65,25.17,25.65,6572351,32.78,33.18,32.56,33.18,5080600,2026-03-13T02:47:14Z
UNH,2008-05-13,25.16,25.58,25.12,25.36,7984076,32.55,33.09,32.5,32.81,6171900,2026-03-13T02:47:14Z
UNH,2008-05-14,24.75,25.36,24.75,25.15,13208090,32.02,32.8,32.02,32.54,10210200,2026-03-13T02:47:14Z
UNH,2008-05-15,24.5,24.92,24.34,24.81,20742790,31.7,32.23,31.49,32.1,16034700,2026-03-13T02:47:14Z
UNH,2008-05-16,24.98,25.19,24.63,24.82,22946316,32.32,32.59,31.86,32.11,17738100,2026-03-13T02:47:14Z
UNH,2008-05-19,25.85,25.98,25.09,25.19,17169339,33.44,33.61,32.45,32.58,13272300,2026-03-13T02:47:14Z
UNH,2008-05-20,26.32,26.43,25.87,25.94,25137479,34.05,34.19,33.46,33.56,19431900,2026-03-13T02:47:14Z
UNH,2008-05-21,26.41,26.69,26.14,26.28,16621605,34.16,34.53,33.82,34,12848900,2026-03-13T02:47:14Z
UNH,2008-05-22,27.29,27.65,26.28,26.67,21105902,35.3,35.77,34,34.5,16315400,2026-03-13T02:47:14Z
UNH,2008-05-23,26.86,27.47,26.53,27.44,15609078,34.75,35.54,34.32,35.5,12066200,2026-03-13T02:47:14Z
UNH,2008-05-27,27.07,27.23,26.76,26.82,13386259,35.02,35.23,34.62,34.69,10347900,2026-03-13T02:47:14Z
UNH,2008-05-28,26.46,27.24,26.45,27.09,19905470,34.23,35.24,34.21,35.04,15387400,2026-03-13T02:47:14Z
UNH,2008-05-29,26.67,26.88,26.29,26.36,14672985,34.5,34.77,34.01,34.1,11342600,2026-03-13T02:47:14Z
UNH,2008-05-30,26.45,26.85,26.33,26.73,9887513,34.21,34.73,34.06,34.58,7643300,2026-03-13T02:47:14Z
UNH,2008-06-02,26.28,26.61,26.02,26.45,13382113,33.99,34.42,33.66,34.22,10344700,2026-03-13T02:47:14Z
UNH,2008-06-03,26.24,26.52,25.9,26.31,12538404,33.95,34.3,33.5,34.04,9692500,2026-03-13T02:47:14Z
UNH,2008-06-04,26.14,26.37,26.03,26.22,14499405,33.82,34.11,33.67,33.92,11208400,2026-03-13T02:47:14Z
UNH,2008-06-05,26.24,26.41,25.95,26.18,13750767,33.94,34.16,33.57,33.87,10629700,2026-03-13T02:47:14Z
UNH,2008-06-06,25.53,26.2,25.5,26.07,16080988,33.03,33.89,32.99,33.72,12431000,2026-03-13T02:47:14Z
UNH,2008-06-09,25.46,25.7,25.32,25.54,11655256,32.93,33.25,32.75,33.04,9009800,2026-03-13T02:47:14Z
UNH,2008-06-10,25.2,25.52,25.11,25.26,12030794,32.6,33.01,32.48,32.68,9300100,2026-03-13T02:47:14Z
UNH,2008-06-11,24.7,25.19,24.55,25.19,14961642,31.95,32.59,31.76,32.59,11565700,2026-03-13T02:47:14Z
UNH,2008-06-12,23.97,24.82,23.95,24.77,20478125,31.01,32.11,30.98,32.04,15830100,2026-03-13T02:47:14Z
UNH,2008-06-13,23.76,23.88,23.19,23.42,23619276,30.74,30.89,30,30.3,18258300,2026-03-13T02:47:14Z
UNH,2008-06-16,23.35,23.76,23.13,23.69,14404742,30.2,30.74,29.92,30.65,11135200,2026-03-13T02:47:14Z
UNH,2008-06-17,23.19,23.59,23.16,23.41,9529724,30,30.51,29.96,30.28,7366700,2026-03-13T02:47:14Z
UNH,2008-06-18,23.36,23.5,23.11,23.17,23707528,30.22,30.4,29.89,29.97,18326500,2026-03-13T02:47:14Z
UNH,2008-06-19,21.56,22.19,20.82,20.95,66512106,27.89,28.71,26.93,27.1,51415600,2026-03-13T02:47:14Z
UNH,2008-06-20,20.96,21.61,20.87,21.53,22865797,27.12,27.95,27,27.85,17675800,2026-03-13T02:47:14Z
UNH,2008-06-23,20.4,21.06,20.27,21.05,20072859,26.39,27.24,26.22,27.23,15516800,2026-03-13T02:47:14Z
UNH,2008-06-24,20.43,20.68,20.04,20.22,17975789,26.43,26.75,25.92,26.15,13895700,2026-03-13T02:47:14Z
UNH,2008-06-25,20.71,21.06,20.47,20.47,10980391,26.79,27.24,26.48,26.48,8488100,2026-03-13T02:47:14Z
UNH,2008-06-26,20.08,21.1,20.01,20.47,16096988,25.97,27.3,25.89,26.48,12443400,2026-03-13T02:47:14Z
UNH,2008-06-27,20.11,20.64,20.09,20.33,26002626,26.01,26.7,25.99,26.3,20100700,2026-03-13T02:47:14Z
UNH,2008-06-30,20.29,20.55,19.71,20.14,19805185,26.25,26.58,25.5,26.05,15309900,2026-03-13T02:47:14Z
UNH,2008-07-01,19.81,20.25,19.55,20.19,15466924,25.63,26.2,25.29,26.12,11956300,2026-03-13T02:47:14Z
UNH,2008-07-02,19.42,21.1,19.36,20.89,35447603,25.12,27.3,25.04,27.02,27401900,2026-03-13T02:47:14Z
UNH,2008-07-03,17.75,19.32,17.56,18.92,29481669,22.96,24.99,22.72,24.47,22790000,2026-03-13T02:47:14Z
UNH,2008-07-07,18.02,18.3,17.53,17.56,22320121,23.31,23.67,22.68,22.71,17254000,2026-03-13T02:47:14Z
UNH,2008-07-08,18,18.62,17.4,17.61,30212644,23.28,24.09,22.51,22.78,23355100,2026-03-13T02:47:14Z
UNH,2008-07-09,17.73,18.21,17.59,18.05,21784373,22.93,23.56,22.75,23.35,16839900,2026-03-13T02:47:14Z
UNH,2008-07-10,17.45,17.91,17.15,17.7,16785359,22.58,23.17,22.18,22.9,12975500,2026-03-13T02:47:14Z
UNH,2008-07-11,17.13,17.43,16.65,16.82,18345109,22.16,22.55,21.54,21.76,14181200,2026-03-13T02:47:14Z
UNH,2008-07-14,17.15,17.39,17.03,17.15,13757377,22.18,22.5,22.03,22.18,10634800,2026-03-13T02:47:14Z
UNH,2008-07-15,17.26,17.33,16.39,16.94,20895371,22.33,22.42,21.2,21.91,16152600,2026-03-13T02:47:14Z
UNH,2008-07-16,17.42,17.52,16.98,17.14,24784655,22.53,22.66,21.97,22.17,19159100,2026-03-13T02:47:14Z
UNH,2008-07-17,18.23,18.3,17.39,17.47,20710618,23.58,23.67,22.49,22.6,16009800,2026-03-13T02:47:14Z
UNH,2008-07-18,18.48,18.78,17.97,18.29,20212926,23.9,24.29,23.24,23.66,15625100,2026-03-13T02:47:14Z
UNH,2008-07-21,18.42,18.82,18.37,18.65,17741197,23.83,24.34,23.76,24.13,13714400,2026-03-13T02:47:14Z
UNH,2008-07-22,20.26,20.41,18.67,18.86,33855153,26.21,26.4,24.15,24.4,26170900,2026-03-13T02:47:14Z
UNH,2008-07-23,21.46,21.75,21.09,21.58,34381252,27.76,28.13,27.28,27.92,26577600,2026-03-13T02:47:14Z
UNH,2008-07-24,20.89,21.6,20.73,21.44,14463593,27.02,27.94,26.81,27.74,11180700,2026-03-13T02:47:14Z
UNH,2008-07-25,21.22,21.34,20.79,20.89,14545609,27.45,27.6,26.9,27.02,11244100,2026-03-13T02:47:14Z
UNH,2008-07-28,20.7,21.61,20.7,21.24,11431589,26.78,27.95,26.78,27.47,8836900,2026-03-13T02:47:14Z
UNH,2008-07-29,21.28,21.38,20.58,20.76,9862025,27.53,27.66,26.62,26.85,7623600,2026-03-13T02:47:14Z
UNH,2008-07-30,21.09,21.59,20.63,21.37,13569950,27.28,27.93,26.69,27.65,10489900,2026-03-13T02:47:14Z
UNH,2008-07-31,21.71,22.4,20.96,20.96,22366590,28.08,28.97,27.12,27.12,17289900,2026-03-13T02:47:14Z
UNH,2008-08-01,21.75,21.88,21.21,21.64,13844309,28.13,28.31,27.44,27.99,10702000,2026-03-13T02:47:14Z
UNH,2008-08-04,22.39,22.8,21.26,22.19,14834321,28.96,29.5,27.5,28.7,11467300,2026-03-13T02:47:14Z
UNH,2008-08-05,23.54,23.56,22.39,22.42,16904376,30.45,30.48,28.96,29,13067500,2026-03-13T02:47:14Z
UNH,2008-08-06,23.08,23.51,22.7,23.51,12642684,29.86,30.41,29.36,30.41,9773100,2026-03-13T02:47:14Z
UNH,2008-08-07,22.54,23.15,22.43,23.03,9151194,29.16,29.95,29.01,29.79,7074100,2026-03-13T02:47:14Z
UNH,2008-08-08,23.96,24.11,22.63,22.63,13769397,31,31.19,29.27,29.27,10644100,2026-03-13T02:47:14Z
UNH,2008-08-11,24.16,24.64,23.38,23.71,9595174,31.25,31.87,30.24,30.67,7417300,2026-03-13T02:47:14Z
UNH,2008-08-12,24.33,24.69,24.1,24.27,9675247,31.48,31.94,31.18,31.39,7479200,2026-03-13T02:47:14Z
UNH,2008-08-13,24.44,24.61,23.86,24.34,9339032,31.61,31.83,30.87,31.49,7219300,2026-03-13T02:47:14Z
UNH,2008-08-14,24.65,25.02,24.04,24.51,10008589,31.89,32.36,31.1,31.71,7736900,2026-03-13T02:47:14Z
UNH,2008-08-15,25.52,25.59,24.06,24.29,12739589,33.01,33.1,31.13,31.42,9848000,2026-03-13T02:47:14Z
UNH,2008-08-18,24.84,25.89,24.66,25.7,11049446,32.13,33.49,31.9,33.25,8541500,2026-03-13T02:47:14Z
UNH,2008-08-19,23.94,24.84,23.18,24.7,16253926,30.97,32.13,29.98,31.95,12564700,2026-03-13T02:47:14Z
UNH,2008-08-20,23.38,23.93,23.11,23.93,9152605,30.24,30.96,29.89,30.95,7075200,2026-03-13T02:47:14Z
UNH,2008-08-21,23.42,23.76,23.08,23.27,7681237,30.3,30.73,29.85,30.1,5937800,2026-03-13T02:47:14Z
UNH,2008-08-22,23.66,23.75,23.28,23.55,8623651,30.61,30.72,30.11,30.46,6666300,2026-03-13T02:47:14Z
UNH,2008-08-25,22.66,23.69,22.54,23.6,8492984,29.31,30.65,29.16,30.53,6565300,2026-03-13T02:47:14Z
UNH,2008-08-26,22.77,23.47,22.43,22.65,7884485,29.46,30.36,29.01,29.3,6094900,2026-03-13T02:47:14Z
UNH,2008-08-27,22.75,23.08,22.28,22.77,7300419,29.43,29.86,28.82,29.45,5643400,2026-03-13T02:47:14Z
UNH,2008-08-28,23.24,23.36,22.75,22.84,7700019,30.06,30.22,29.43,29.55,5952300,2026-03-13T02:47:14Z
UNH,2008-08-29,23.54,23.77,23.08,23.22,9232823,30.45,30.75,29.86,30.04,7137200,2026-03-13T02:47:14Z
UNH,2008-09-02,22.63,24.27,22.42,23.57,16622599,29.28,31.39,29,30.49,12849700,2026-03-13T02:47:14Z
UNH,2008-09-03,22.94,23.04,22.4,22.56,6612071,29.68,29.8,28.98,29.18,5111300,2026-03-13T02:47:14Z
UNH,2008-09-04,21.69,22.9,21.43,22.85,17486354,28.06,29.62,27.72,29.56,13517400,2026-03-13T02:47:14Z
UNH,2008-09-05,21.42,21.65,21.05,21.57,14118962,27.71,28.01,27.23,27.9,10914300,2026-03-13T02:47:14Z
UNH,2008-09-08,22.54,22.61,21.82,22.16,11489412,29.16,29.25,28.22,28.66,8881600,2026-03-13T02:47:14Z
UNH,2008-09-09,22.02,23.21,22.02,22.47,16323443,28.48,30.03,28.48,29.07,12618400,2026-03-13T02:47:14Z
UNH,2008-09-10,22.66,22.87,21.97,22.04,10566652,29.31,29.58,28.42,28.51,8168300,2026-03-13T02:47:14Z
UNH,2008-09-11,23.16,23.19,22.05,22.42,12978639,29.96,30,28.52,29,10032800,2026-03-13T02:47:14Z
UNH,2008-09-12,22.89,23.19,22.35,23.19,9307190,29.61,30,28.91,30,7194700,2026-03-13T02:47:14Z
UNH,2008-09-15,21.65,22.58,21.57,22.25,13922725,28.01,29.21,27.9,28.78,10762600,2026-03-13T02:47:14Z
UNH,2008-09-16,20.7,21.49,19.98,21.43,22597210,26.78,27.8,25.84,27.72,17468200,2026-03-13T02:47:14Z
UNH,2008-09-17,19.72,21.26,19.71,20.49,15873458,25.51,27.5,25.5,26.5,12270600,2026-03-13T02:47:14Z
UNH,2008-09-18,20.54,20.66,19.25,19.98,16552482,26.57,26.72,24.9,25.85,12795500,2026-03-13T02:47:14Z
UNH,2008-09-19,20.71,23.19,20.36,23.14,16882152,26.79,30,26.34,29.94,13050300,2026-03-13T02:47:14Z
UNH,2008-09-22,20.5,20.94,20.21,20.79,8689767,26.52,27.09,26.14,26.9,6717400,2026-03-13T02:47:14Z
UNH,2008-09-23,20.1,21.26,19.51,20.31,8372195,26,27.5,25.24,26.27,6471900,2026-03-13T02:47:14Z
UNH,2008-09-24,19.4,20.31,19.31,20.11,6348962,25.1,26.27,24.98,26.01,4907900,2026-03-13T02:47:14Z
UNH,2008-09-25,19.71,20.07,19.4,19.47,7129925,25.5,25.96,25.1,25.19,5511600,2026-03-13T02:47:14Z
UNH,2008-09-26,19.95,20.25,19.33,19.33,5880397,25.81,26.2,25,25,4545700,2026-03-13T02:47:14Z
UNH,2008-09-29,16.23,20.1,16.23,19.53,10971072,21,26,21,25.26,8480900,2026-03-13T02:47:14Z
UNH,2008-09-30,19.63,20.1,18.3,18.31,13775495,25.39,26,23.67,23.68,10648800,2026-03-13T02:47:14Z
UNH,2008-10-01,19.39,20.08,19.14,20.08,9105511,25.08,25.97,24.76,25.97,7038800,2026-03-13T02:47:14Z
UNH,2008-10-02,19.14,19.68,19.09,19.36,13060508,24.76,25.46,24.7,25.05,10096100,2026-03-13T02:47:14Z
UNH,2008-10-03,18.64,19.55,18.55,19.37,9859594,24.11,25.29,23.99,25.06,7621700,2026-03-13T02:47:14Z
UNH,2008-10-06,17.21,18.55,16.74,18.2,16316711,22.26,23.99,21.65,23.54,12613200,2026-03-13T02:47:14Z
UNH,2008-10-07,15.86,17.59,15.86,17.32,14404425,20.52,22.75,20.52,22.41,11135000,2026-03-13T02:47:14Z
UNH,2008-10-08,14.84,16.25,14.84,15.66,16120544,19.2,21.02,19.2,20.26,12461600,2026-03-13T02:47:14Z
UNH,2008-10-09,13.76,15.59,13.56,15.54,23341234,17.8,20.17,17.54,20.1,18043300,2026-03-13T02:47:14Z
UNH,2008-10-10,13.41,14.69,11.22,12.86,29427863,17.35,19,14.51,16.63,22748500,2026-03-13T02:47:14Z
UNH,2008-10-13,18.07,18.18,13.78,13.96,22886225,23.38,23.52,17.83,18.06,17691600,2026-03-13T02:47:14Z
UNH,2008-10-14,17.77,19.52,17.52,18.79,19158032,22.99,25.25,22.66,24.31,14809600,2026-03-13T02:47:14Z
UNH,2008-10-15,16.75,17.81,16.67,17.45,14420535,21.67,23.04,21.57,22.58,11147400,2026-03-13T02:47:14Z
UNH,2008-10-16,17.49,18.55,16,18.26,26009699,22.63,24,20.7,23.62,20106200,2026-03-13T02:47:14Z
UNH,2008-10-17,18.85,19.11,17.44,17.76,22821489,24.39,24.72,22.56,22.98,17641600,2026-03-13T02:47:14Z
UNH,2008-10-20,19.72,19.8,18.71,18.94,12601512,25.51,25.61,24.2,24.5,9741300,2026-03-13T02:47:14Z
UNH,2008-10-21,19.52,20.09,19.33,19.72,17398773,25.25,25.99,25,25.51,13449700,2026-03-13T02:47:14Z
UNH,2008-10-22,18.6,19.19,17.55,18.32,19882129,24.06,24.82,22.7,23.7,15369400,2026-03-13T02:47:14Z
UNH,2008-10-23,18.5,19.16,17.14,18.83,14074308,23.93,24.79,22.17,24.36,10879800,2026-03-13T02:47:14Z
UNH,2008-10-24,17.71,18.13,16.43,17.11,13469424,22.91,23.45,21.26,22.13,10412200,2026-03-13T02:47:14Z
UNH,2008-10-27,15.79,17.73,15.62,17.25,15215420,20.43,22.93,20.2,22.31,11761900,2026-03-13T02:47:14Z
UNH,2008-10-28,17.35,17.38,15.46,16.44,15212584,22.45,22.48,20,21.27,11759700,2026-03-13T02:47:14Z
UNH,2008-10-29,16.48,17.53,16.23,17.16,18707407,21.32,22.68,21,22.2,14461300,2026-03-13T02:47:14Z
UNH,2008-10-30,17.31,17.54,16.33,17.54,12173882,22.39,22.69,21.12,22.69,9410700,2026-03-13T02:47:14Z
UNH,2008-10-31,18.34,18.7,16.47,17.58,19155118,23.73,24.19,21.3,22.74,14807400,2026-03-13T02:47:14Z
UNH,2008-11-03,18.16,18.55,17.97,18.25,7051889,23.49,23.99,23.25,23.61,5451300,2026-03-13T02:47:14Z
UNH,2008-11-04,17.64,18.93,17.43,18.79,13673061,22.82,24.49,22.55,24.3,10569600,2026-03-13T02:47:14Z
UNH,2008-11-05,17.6,18.27,17.38,17.64,14845168,22.77,23.64,22.48,22.82,11475700,2026-03-13T02:47:14Z
UNH,2008-11-06,17.13,17.91,16.98,17.56,14710678,22.16,23.17,21.97,22.71,11371700,2026-03-13T02:47:14Z
UNH,2008-11-07,17.34,17.72,16.88,17.28,9455867,22.43,22.92,21.83,22.35,7309600,2026-03-13T02:47:14Z
UNH,2008-11-10,16.57,17.57,16.3,17.47,9262935,21.44,22.73,21.09,22.6,7160500,2026-03-13T02:47:14Z
UNH,2008-11-11,15.58,16.3,15.14,16.3,12408512,20.16,21.08,19.59,21.08,9592100,2026-03-13T02:47:14Z
UNH,2008-11-12,14.59,15.46,14.56,15.46,10744012,18.87,20,18.83,20,8305400,2026-03-13T02:47:14Z
UNH,2008-11-13,16.11,16.13,13.81,14.77,17854965,20.84,20.87,17.86,19.1,13802300,2026-03-13T02:47:14Z
UNH,2008-11-14,15.48,16.68,15.47,16.04,12739271,20.02,21.58,20.01,20.75,9847800,2026-03-13T02:47:14Z
UNH,2008-11-17,14.6,15.48,14.6,15.3,11580512,18.89,20.03,18.89,19.79,8952000,2026-03-13T02:47:14Z
UNH,2008-11-18,14.71,15.11,14,14.36,15916396,19.03,19.55,18.11,18.58,12303800,2026-03-13T02:47:14Z
UNH,2008-11-19,13.71,15.09,13.68,14.66,11973639,17.73,19.52,17.7,18.97,9255900,2026-03-13T02:47:14Z
UNH,2008-11-20,12.6,14.42,12.31,13.66,16917832,16.3,18.65,15.93,17.67,13077900,2026-03-13T02:47:14Z
UNH,2008-11-21,13.26,13.3,11.74,12.95,22836483,17.15,17.2,15.19,16.75,17653200,2026-03-13T02:47:14Z
UNH,2008-11-24,14.74,15,13.36,13.57,17427104,19.07,19.4,17.28,17.56,13471600,2026-03-13T02:47:14Z
UNH,2008-11-25,16.02,16.23,15.04,15.07,17323123,20.73,20.99,19.45,19.5,13391200,2026-03-13T02:47:14Z
UNH,2008-11-26,16.22,16.36,15.24,15.5,12431136,20.98,21.16,19.72,20.05,9609600,2026-03-13T02:47:14Z
UNH,2008-11-28,16.24,16.53,16.04,16.13,4591976,21.01,21.38,20.75,20.87,3549700,2026-03-13T02:47:14Z
UNH,2008-12-01,15.55,17.35,15.49,16.35,14917593,20.12,22.44,20.04,21.15,11531700,2026-03-13T02:47:14Z
UNH,2008-12-02,15.71,16.4,14.88,15.85,11566743,20.32,21.22,19.25,20.5,8941400,2026-03-13T02:47:14Z
UNH,2008-12-03,15.75,15.87,14.73,15.34,10370460,20.38,20.53,19.05,19.84,8016600,2026-03-13T02:47:14Z
UNH,2008-12-04,15.38,16.13,15.1,15.49,9581060,19.9,20.87,19.53,20.04,7406400,2026-03-13T02:47:14Z
UNH,2008-12-05,16.55,16.67,14.87,15.09,10668066,21.41,21.57,19.23,19.52,8246700,2026-03-13T02:47:14Z
UNH,2008-12-08,16.58,17.08,16.14,16.99,9988931,21.45,22.09,20.88,21.98,7721700,2026-03-13T02:47:14Z
UNH,2008-12-09,16.06,17.15,15.61,16.41,10667545,20.78,22.18,20.19,21.23,8246300,2026-03-13T02:47:14Z
UNH,2008-12-10,16.67,16.86,16.15,16.23,9094816,21.57,21.81,20.89,21,7030500,2026-03-13T02:47:14Z
UNH,2008-12-11,18.16,18.52,16.4,16.47,17880363,23.49,23.96,21.21,21.31,13822000,2026-03-13T02:47:14Z
UNH,2008-12-12,18.2,18.43,17.43,17.64,10749075,23.54,23.84,22.55,22.82,8309300,2026-03-13T02:47:14Z
UNH,2008-12-15,18.38,18.92,18.14,18.28,13884570,23.78,24.48,23.46,23.65,10733100,2026-03-13T02:47:14Z
UNH,2008-12-16,18.82,19.24,17.39,17.83,15366221,24.35,24.89,22.5,23.06,11878500,2026-03-13T02:47:14Z
UNH,2008-12-17,18.48,19.2,18.3,18.52,10603406,23.9,24.84,23.67,23.96,8196700,2026-03-13T02:47:14Z
UNH,2008-12-18,19.26,19.39,18.31,18.68,13128588,24.91,25.08,23.69,24.16,10148700,2026-03-13T02:47:14Z
UNH,2008-12-19,20.48,20.81,19.26,19.34,22506293,26.49,26.92,24.92,25.02,17397900,2026-03-13T02:47:14Z
UNH,2008-12-22,19.9,20.73,19.33,20.46,10556430,25.74,26.82,25,26.47,8160400,2026-03-13T02:47:14Z
UNH,2008-12-23,20.08,20.56,19.88,20.04,7658609,25.98,26.6,25.72,25.93,5920300,2026-03-13T02:47:14Z
UNH,2008-12-24,20.07,20.47,19.7,20.22,2542741,25.96,26.48,25.48,26.16,1965600,2026-03-13T02:47:14Z
UNH,2008-12-26,20.33,20.47,20.09,20.16,2727072,26.3,26.48,25.99,26.08,2108100,2026-03-13T02:47:14Z
UNH,2008-12-29,19.77,20.42,19.39,20.42,7125014,25.57,26.41,25.08,26.41,5507800,2026-03-13T02:47:14Z
UNH,2008-12-30,20.9,20.96,19.91,19.96,7615147,27.04,27.11,25.76,25.82,5886700,2026-03-13T02:47:14Z
UNH,2008-12-31,20.56,21.11,20.25,20.92,7224204,26.6,27.31,26.2,27.06,5584500,2026-03-13T02:47:14Z
UNH,2009-01-02,21.33,21.43,20.52,20.64,6320352,27.59,27.72,26.54,26.7,4885800,2026-03-13T02:47:14Z
UNH,2009-01-05,20.98,21.39,20.53,21.18,11020082,27.14,27.67,26.56,27.4,8518800,2026-03-13T02:47:14Z
UNH,2009-01-06,20.49,21.16,19.95,20.96,9603552,26.5,27.37,25.81,27.11,7423800,2026-03-13T02:47:14Z
UNH,2009-01-07,20.33,20.93,20.13,20.65,10654742,26.3,27.08,26.04,26.71,8236400,2026-03-13T02:47:14Z
UNH,2009-01-08,20.65,20.8,19.91,20.18,7899873,26.71,26.91,25.75,26.1,6106800,2026-03-13T02:47:14Z
UNH,2009-01-09,20.45,20.87,19.94,20.68,7672848,26.45,27,25.8,26.75,5931300,2026-03-13T02:47:14Z
UNH,2009-01-12,19.8,20.71,19.55,20.55,8075418,25.62,26.79,25.29,26.58,6242500,2026-03-13T02:47:14Z
UNH,2009-01-13,19.6,20.32,19.21,19.26,13445499,25.36,26.29,24.85,24.92,10393700,2026-03-13T02:47:14Z
UNH,2009-01-14,18.61,19.3,18.38,19.09,10150535,24.08,24.96,23.77,24.7,7846600,2026-03-13T02:47:14Z
UNH,2009-01-15,19.24,19.43,18.44,18.6,13886996,24.89,25.14,23.86,24.06,10735000,2026-03-13T02:47:14Z
UNH,2009-01-16,19.71,19.81,19.14,19.63,12402986,25.5,25.62,24.76,25.39,9587800,2026-03-13T02:47:14Z
UNH,2009-01-20,18.68,20.11,18.58,19.64,10603528,24.16,26.01,24.03,25.41,8196800,2026-03-13T02:47:14Z
UNH,2009-01-21,19.36,19.42,18.44,18.72,10615814,25.05,25.12,23.86,24.21,8206300,2026-03-13T02:47:14Z
UNH,2009-01-22,21.02,21.21,19.52,19.67,25673877,27.19,27.44,25.25,25.44,19846500,2026-03-13T02:47:14Z
UNH,2009-01-23,21.68,22.09,20.04,21,18362554,28.04,28.57,25.93,27.17,14194700,2026-03-13T02:47:14Z
UNH,2009-01-26,21.76,22.2,21.49,21.77,15509886,28.15,28.72,27.8,28.16,11989500,2026-03-13T02:47:14Z
UNH,2009-01-27,22.48,22.8,21.71,21.85,18793801,29.08,29.5,28.09,28.27,14528100,2026-03-13T02:47:14Z
UNH,2009-01-28,23.18,23.38,22.61,22.89,21798666,29.99,30.25,29.25,29.61,16850900,2026-03-13T02:47:14Z
UNH,2009-01-29,22.18,22.96,22.04,22.94,11439209,28.69,29.7,28.51,29.68,8842800,2026-03-13T02:47:14Z
UNH,2009-01-30,21.9,22.34,21.38,22.23,12062998,28.33,28.9,27.66,28.76,9325000,2026-03-13T02:47:14Z
UNH,2009-02-02,22.53,22.8,21.49,21.65,12050180,29.15,29.5,27.8,28,9315100,2026-03-13T02:47:14Z
UNH,2009-02-03,22.99,23.38,22.18,22.89,15996094,29.74,30.25,28.69,29.61,12365400,2026-03-13T02:47:14Z
UNH,2009-02-04,22.4,23.14,22.22,23.04,16835262,28.98,29.94,28.75,29.8,13014100,2026-03-13T02:47:14Z
UNH,2009-02-05,22.26,22.48,22.05,22.16,17159098,28.8,29.08,28.52,28.66,13264400,2026-03-13T02:47:14Z
UNH,2009-02-06,22.37,22.75,22.03,22.24,19766024,28.94,29.43,28.5,28.77,15279600,2026-03-13T02:47:14Z
UNH,2009-02-09,22.82,22.96,22.35,22.9,16383169,29.52,29.7,28.91,29.62,12664600,2026-03-13T02:47:14Z
UNH,2009-02-10,21.62,22.93,21.52,22.63,16250580,27.97,29.66,27.84,29.27,12562100,2026-03-13T02:47:14Z
UNH,2009-02-11,22.07,22.18,21.37,21.49,18787976,28.55,28.69,27.65,27.8,14523600,2026-03-13T02:47:14Z
UNH,2009-02-12,22.79,22.84,21.26,21.49,21178854,29.48,29.54,27.5,27.8,16371800,2026-03-13T02:47:14Z
UNH,2009-02-13,22.39,22.76,22.15,22.74,11976457,28.96,29.44,28.65,29.42,9258100,2026-03-13T02:47:14Z
UNH,2009-02-17,21.97,22.29,21.06,21.79,17333050,28.42,28.83,27.24,28.19,13398900,2026-03-13T02:47:14Z
UNH,2009-02-18,21.9,21.99,21.49,21.99,14228905,28.33,28.44,27.8,28.44,10999300,2026-03-13T02:47:14Z
UNH,2009-02-19,22.15,22.72,21.86,22.09,13120254,28.65,29.39,28.28,28.58,10142300,2026-03-13T02:47:14Z
UNH,2009-02-20,21.63,22.08,21.29,21.75,18623105,27.98,28.56,27.54,28.13,14396100,2026-03-13T02:47:14Z
UNH,2009-02-23,18.41,20.79,18.05,20.56,37849728,23.82,26.9,23.35,26.6,29258700,2026-03-13T02:47:14Z
UNH,2009-02-24,18.71,19.09,18.24,18.38,18105528,24.21,24.69,23.6,23.77,13996000,2026-03-13T02:47:14Z
UNH,2009-02-25,17.8,18.63,17.44,18.63,18559650,23.03,24.1,22.56,24.1,14347100,2026-03-13T02:47:14Z
UNH,2009-02-26,15.51,18.04,15.08,18.04,44778661,20.07,23.34,19.51,23.34,34615000,2026-03-13T02:47:14Z
UNH,2009-02-27,15.19,15.92,15.01,15.61,25676469,19.65,20.6,19.42,20.19,19848500,2026-03-13T02:47:14Z
UNH,2009-03-02,13.51,14.88,13.14,14.83,39867853,17.48,19.25,17,19.19,30818900,2026-03-13T02:47:14Z
UNH,2009-03-03,13.76,14.5,13.02,13.71,43478422,17.8,18.76,16.84,17.74,33609800,2026-03-13T02:47:14Z
UNH,2009-03-04,13.88,14.31,13.62,14,39506049,17.96,18.51,17.62,18.11,30539100,2026-03-13T02:47:14Z
UNH,2009-03-05,12.64,13.79,12.51,13.54,30224798,16.35,17.84,16.18,17.52,23364600,2026-03-13T02:47:14Z
UNH,2009-03-06,13.84,13.97,12.62,12.81,31990536,17.9,18.07,16.32,16.57,24729400,2026-03-13T02:47:14Z
UNH,2009-03-09,13.75,14.14,13.25,13.66,17790389,17.79,18.29,17.14,17.67,13752400,2026-03-13T02:47:14Z
UNH,2009-03-10,14.93,14.98,13.64,13.64,24272455,19.31,19.38,17.64,17.64,18763200,2026-03-13T02:47:14Z
UNH,2009-03-11,14.78,15.7,14.51,15.01,20424619,19.12,20.31,18.77,19.42,15788700,2026-03-13T02:47:14Z
UNH,2009-03-12,15.78,15.92,14.58,14.71,20013763,20.41,20.6,18.86,19.03,15471100,2026-03-13T02:47:14Z
UNH,2009-03-13,16.51,16.76,15.76,15.86,15155926,21.36,21.68,20.39,20.51,11715900,2026-03-13T02:47:14Z
UNH,2009-03-16,15.99,16.81,15.94,16.72,10460176,20.68,21.75,20.62,21.63,8086000,2026-03-13T02:47:14Z
UNH,2009-03-17,16.65,16.88,15.73,16.32,16402017,21.54,21.84,20.35,21.11,12679200,2026-03-13T02:47:14Z
UNH,2009-03-18,16.97,17.7,16.45,16.48,14750752,21.95,22.89,21.28,21.32,11402700,2026-03-13T02:47:14Z
UNH,2009-03-19,16.47,17.32,16.3,17.23,11601716,21.3,22.4,21.09,22.29,8968400,2026-03-13T02:47:14Z
UNH,2009-03-20,15.95,16.9,15.65,16.78,17204752,20.63,21.86,20.25,21.71,13299700,2026-03-13T02:47:14Z
UNH,2009-03-23,17.05,17.06,15.88,16.39,13390252,22.05,22.07,20.54,21.2,10351000,2026-03-13T02:47:14Z
UNH,2009-03-24,16.33,17.01,16.32,16.76,10806369,21.12,22,21.11,21.68,8353600,2026-03-13T02:47:14Z
UNH,2009-03-25,16.37,16.75,15.93,16.46,18162898,21.18,21.67,20.61,21.29,14040400,2026-03-13T02:47:14Z
UNH,2009-03-26,16.71,16.85,16.13,16.36,16471654,21.62,21.8,20.87,21.17,12733000,2026-03-13T02:47:14Z
UNH,2009-03-27,16.3,16.66,16.16,16.47,8789477,21.08,21.55,20.9,21.3,6794500,2026-03-13T02:47:14Z
UNH,2009-03-30,15.88,16.13,15.58,15.81,11043650,20.54,20.87,20.16,20.45,8537000,2026-03-13T02:47:14Z
UNH,2009-03-31,16.2,16.74,15.95,16.14,12759303,20.93,21.62,20.6,20.85,9877700,2026-03-13T02:47:14Z
UNH,2009-04-01,16.01,16.34,15.37,15.96,16559112,20.68,21.1,19.85,20.61,12819300,2026-03-13T02:47:14Z
UNH,2009-04-02,16.31,16.85,16.13,16.39,19226705,21.07,21.76,20.83,21.17,14884500,2026-03-13T02:47:14Z
UNH,2009-04-03,15.9,16.64,15.59,16.3,12471619,20.54,21.5,20.14,21.05,9655000,2026-03-13T02:47:14Z
UNH,2009-04-06,16.98,17.07,15.68,15.74,16606641,21.93,22.05,20.25,20.33,12856100,2026-03-13T02:47:14Z
UNH,2009-04-07,18.15,18.39,16.02,16.57,27799008,23.45,23.76,20.7,21.4,21520700,2026-03-13T02:47:14Z
UNH,2009-04-08,17.7,18.88,17.46,18.67,20602701,22.86,24.39,22.55,24.12,15949700,2026-03-13T02:47:14Z
UNH,2009-04-09,18.47,18.51,17.81,18.24,11346011,23.86,23.91,23,23.56,8783600,2026-03-13T02:47:14Z
UNH,2009-04-13,18.87,19.03,18.19,18.67,13792943,24.37,24.58,23.5,24.12,10677900,2026-03-13T02:47:14Z
UNH,2009-04-14,18.97,19.25,18.33,18.72,14391302,24.5,24.87,23.68,24.18,11141100,2026-03-13T02:47:14Z
UNH,2009-04-15,19.44,20.01,18.64,18.84,20332526,25.11,25.85,24.08,24.34,15740500,2026-03-13T02:47:14Z
UNH,2009-04-16,18.86,20.21,18.32,19.6,15979242,24.36,26.1,23.67,25.32,12370400,2026-03-13T02:47:14Z
UNH,2009-04-17,18.69,18.89,17.88,18.83,17975082,24.14,24.4,23.1,24.32,13915500,2026-03-13T02:47:14Z
UNH,2009-04-20,18.74,19.25,18.21,18.21,12854138,24.21,24.87,23.52,23.52,9951100,2026-03-13T02:47:14Z
UNH,2009-04-21,17.65,19.9,17.59,19.74,30847756,22.8,25.71,22.72,25.5,23880900,2026-03-13T02:47:14Z
UNH,2009-04-22,17.66,18.29,17.42,17.7,22279744,22.81,23.63,22.5,22.86,17248000,2026-03-13T02:47:14Z
UNH,2009-04-23,17.93,18.23,16.99,17.88,19423404,23.16,23.55,21.95,23.1,15036700,2026-03-13T02:47:14Z
UNH,2009-04-24,17.85,18.28,17.47,18.14,18868716,23.06,23.61,22.56,23.43,14607300,2026-03-13T02:47:14Z
UNH,2009-04-27,17.81,18.24,17.6,17.96,15380260,23.01,23.56,22.73,23.2,11906700,2026-03-13T02:47:14Z
UNH,2009-04-28,18.49,19,17.57,17.57,18163121,23.89,24.54,22.69,22.69,14061100,2026-03-13T02:47:14Z
UNH,2009-04-29,18.48,18.77,18.02,18.62,14659840,23.87,24.25,23.27,24.05,11349000,2026-03-13T02:47:14Z
UNH,2009-04-30,18.21,18.94,18.09,18.89,13862747,23.52,24.46,23.37,24.4,10731900,2026-03-13T02:47:14Z
UNH,2009-05-01,17.78,18.26,17.6,18.24,13376604,22.97,23.58,22.74,23.56,10355600,2026-03-13T02:47:14Z
UNH,2009-05-04,18.36,18.39,17.65,17.79,12390511,23.72,23.76,22.8,22.98,9592200,2026-03-13T02:47:14Z
UNH,2009-05-05,19.79,19.88,18.29,18.29,17841649,25.56,25.68,23.62,23.62,13812200,2026-03-13T02:47:14Z
UNH,2009-05-06,20.07,20.13,19.55,19.93,12497846,25.93,26,25.25,25.74,9675300,2026-03-13T02:47:14Z
UNH,2009-05-07,21.98,22.08,19.97,19.97,22578254,28.39,28.52,25.8,25.8,17479100,2026-03-13T02:47:14Z
UNH,2009-05-08,22.35,22.99,22.09,22.25,21975272,28.87,29.69,28.54,28.74,17012300,2026-03-13T02:47:14Z
UNH,2009-05-11,21.36,22.09,21.21,21.88,12807017,27.59,28.53,27.4,28.26,9914600,2026-03-13T02:47:14Z
UNH,2009-05-12,21.15,21.52,20.42,20.95,12812429,27.32,27.8,26.37,27.06,9918800,2026-03-13T02:47:14Z
UNH,2009-05-13,21.41,21.91,20.52,20.96,12659755,27.66,28.3,26.5,27.07,9800600,2026-03-13T02:47:14Z
UNH,2009-05-14,21.52,21.84,20.92,21.42,7767181,27.8,28.21,27.02,27.67,6013000,2026-03-13T02:47:14Z
UNH,2009-05-15,21.3,22.25,21.03,21.48,11480002,27.51,28.74,27.17,27.74,8887300,2026-03-13T02:47:14Z
UNH,2009-05-18,21.53,21.55,20.59,21.44,13971845,27.81,27.83,26.6,27.69,10816400,2026-03-13T02:47:14Z
UNH,2009-05-19,21.26,21.84,21.1,21.45,8948463,27.46,28.21,27.25,27.71,6927500,2026-03-13T02:47:14Z
UNH,2009-05-20,21.51,21.97,21,21.43,12137377,27.78,28.38,27.13,27.68,9396200,2026-03-13T02:47:14Z
UNH,2009-05-21,20.84,22.04,20.62,21.18,12002995,26.92,28.47,26.64,27.36,9292200,2026-03-13T02:47:14Z
UNH,2009-05-22,20.36,21.17,20.23,20.86,8514305,26.3,27.34,26.13,26.95,6591400,2026-03-13T02:47:14Z
UNH,2009-05-26,21.05,21.22,20.02,20.29,13325997,27.19,27.41,25.86,26.21,10316400,2026-03-13T02:47:14Z
UNH,2009-05-27,21.28,21.56,20.83,20.86,9811997,27.49,27.85,26.91,26.95,7596000,2026-03-13T02:47:14Z
UNH,2009-05-28,21.05,21.96,20.96,21.26,12870791,27.19,28.37,27.07,27.46,9964000,2026-03-13T02:47:14Z
UNH,2009-05-29,20.59,21.2,20.13,21.11,15143625,26.6,27.38,26,27.27,11723500,2026-03-13T02:47:14Z
UNH,2009-06-01,21.29,21.41,20.64,20.83,10759970,27.5,27.66,26.66,26.9,8329900,2026-03-13T02:47:14Z
UNH,2009-06-02,21.75,22.01,21,21.46,12199987,28.1,28.43,27.12,27.72,9444700,2026-03-13T02:47:14Z
UNH,2009-06-03,21.29,21.55,20.59,21.13,15226381,27.5,27.84,26.6,27.29,11787600,2026-03-13T02:47:14Z
UNH,2009-06-04,21.11,21.62,20.92,21.47,8532919,27.27,27.93,27.02,27.73,6605800,2026-03-13T02:47:14Z
UNH,2009-06-05,20.98,21.48,20.37,21.39,11002318,27.1,27.75,26.31,27.63,8517500,2026-03-13T02:47:14Z
UNH,2009-06-08,20.17,20.9,19.86,20.9,13532973,26.05,27,25.66,26.99,10476600,2026-03-13T02:47:14Z
UNH,2009-06-09,20.11,20.49,19.63,20.42,15739441,25.98,26.47,25.36,26.38,12184800,2026-03-13T02:47:14Z
UNH,2009-06-10,19.92,20.35,19.68,20.14,12745902,25.73,26.28,25.42,26.02,9867300,2026-03-13T02:47:14Z
UNH,2009-06-11,18.62,18.84,17.98,18.39,40093707,24.05,24.33,23.23,23.75,31038700,2026-03-13T02:47:14Z
UNH,2009-06-12,18.74,18.91,18.18,18.43,19558477,24.21,24.43,23.48,23.8,15141300,2026-03-13T02:47:14Z
UNH,2009-06-15,18.2,18.7,18.14,18.59,17512756,23.51,24.16,23.43,24.01,13557600,2026-03-13T02:47:14Z
UNH,2009-06-16,18.6,19.27,18.02,18.31,18296081,24.02,24.89,23.27,23.65,14164000,2026-03-13T02:47:14Z
UNH,2009-06-17,18.6,19.08,18.45,18.6,15694663,24.02,24.65,23.83,24.03,12150100,2026-03-13T02:47:14Z
UNH,2009-06-18,19.7,19.88,18.56,18.64,21901109,25.45,25.68,23.97,24.08,16954900,2026-03-13T02:47:14Z
UNH,2009-06-19,19.69,20.5,19.37,20.07,28202954,25.43,26.48,25.02,25.93,21833500,2026-03-13T02:47:14Z
UNH,2009-06-22,19.01,19.49,18.94,19.42,12565277,24.56,25.18,24.47,25.09,9727500,2026-03-13T02:47:14Z
UNH,2009-06-23,19,19.64,18.73,18.96,11692726,24.54,25.37,24.19,24.49,9052000,2026-03-13T02:47:14Z
UNH,2009-06-24,19.21,19.62,18.86,19.04,11815970,24.81,25.34,24.36,24.6,9147400,2026-03-13T02:47:14Z
UNH,2009-06-25,19.35,20.06,19.01,19.08,19084454,24.99,25.91,24.55,24.64,14774300,2026-03-13T02:47:14Z
UNH,2009-06-26,19.18,19.54,19.01,19.3,20106200,24.77,25.24,24.55,24.93,15565300,2026-03-13T02:47:14Z
UNH,2009-06-29,19.45,19.54,18.96,19.2,10303219,25.12,25.24,24.49,24.8,7976300,2026-03-13T02:47:14Z
UNH,2009-06-30,19.34,19.7,19.07,19.36,13146327,24.98,25.45,24.63,25.01,10177300,2026-03-13T02:47:14Z
UNH,2009-07-01,19.48,19.73,19.08,19.42,8880881,25.16,25.48,24.65,25.09,6875200,2026-03-13T02:47:14Z
UNH,2009-07-02,18.51,19.44,18.5,19.3,13433059,23.91,25.11,23.89,24.93,10399300,2026-03-13T02:47:14Z
UNH,2009-07-06,18.65,18.8,18.34,18.51,10215005,24.09,24.28,23.69,23.91,7908000,2026-03-13T02:47:14Z
UNH,2009-07-07,19.49,20.37,18.58,18.62,25695474,25.17,26.31,24,24.05,19892300,2026-03-13T02:47:14Z
UNH,2009-07-08,19.1,19.63,18.51,19.56,15326132,24.67,25.36,23.91,25.26,11864800,2026-03-13T02:47:14Z
UNH,2009-07-09,19.31,19.82,18.75,19.26,11583872,24.94,25.6,24.22,24.88,8967700,2026-03-13T02:47:14Z
UNH,2009-07-10,19.1,19.66,18.88,19.28,7260950,24.67,25.4,24.39,24.9,5621100,2026-03-13T02:47:14Z
UNH,2009-07-13,19.36,19.45,18.79,19.14,7497729,25.01,25.12,24.27,24.72,5804400,2026-03-13T02:47:14Z
UNH,2009-07-14,19.18,19.92,19.05,19.8,12540783,24.77,25.73,24.61,25.57,9708500,2026-03-13T02:47:14Z
UNH,2009-07-15,19.28,19.42,18.7,19.4,16188618,24.91,25.09,24.15,25.06,12532500,2026-03-13T02:47:14Z
UNH,2009-07-16,19.55,19.78,18.83,19.2,15361792,25.25,25.55,24.32,24.8,11892400,2026-03-13T02:47:14Z
UNH,2009-07-17,19.42,19.74,19.19,19.56,11690134,25.09,25.5,24.79,25.26,9050000,2026-03-13T02:47:14Z
UNH,2009-07-20,19.23,19.55,18.86,19.55,10342637,24.84,25.25,24.36,25.25,8006800,2026-03-13T02:47:14Z
UNH,2009-07-21,19.81,20.03,19.32,19.73,16600056,25.59,25.87,24.95,25.48,12851000,2026-03-13T02:47:14Z
UNH,2009-07-22,20.13,20.59,19.64,19.83,14607044,26,26.6,25.37,25.61,11308100,2026-03-13T02:47:14Z
UNH,2009-07-23,20.94,21.17,20.16,20.32,12860726,27.05,27.34,26.04,26.25,9956200,2026-03-13T02:47:14Z
UNH,2009-07-24,21.15,21.31,20.13,21.08,10283348,27.32,27.53,26,27.23,7960900,2026-03-13T02:47:14Z
UNH,2009-07-27,21.38,21.83,20.95,20.97,9082144,27.62,28.2,27.06,27.09,7031000,2026-03-13T02:47:14Z
UNH,2009-07-28,22.51,23,21.26,21.51,22906939,29.08,29.71,27.46,27.78,17733500,2026-03-13T02:47:14Z
UNH,2009-07-29,21.99,22.92,21.83,22.09,21969317,28.41,29.6,28.2,28.53,17007700,2026-03-13T02:47:14Z
UNH,2009-07-30,21.75,22.46,21.48,22.33,17684665,28.1,29.01,27.75,28.84,13690700,2026-03-13T02:47:14Z
UNH,2009-07-31,21.72,21.96,21.48,21.74,10743838,28.06,28.36,27.74,28.08,8317400,2026-03-13T02:47:14Z
UNH,2009-08-03,21.18,21.99,20.96,21.94,15736757,27.36,28.4,27.07,28.34,12182700,2026-03-13T02:47:14Z
UNH,2009-08-04,20.85,21.27,20.52,21.05,10991981,26.93,27.48,26.5,27.19,8509500,2026-03-13T02:47:14Z
UNH,2009-08-05,20.27,20.82,20.16,20.81,10194846,26.18,26.89,26.04,26.88,7892400,2026-03-13T02:47:14Z
UNH,2009-08-06,20.11,20.48,19.68,20.34,14265192,25.98,26.45,25.42,26.27,11043500,2026-03-13T02:47:14Z
UNH,2009-08-07,20.52,20.63,20.12,20.19,10988599,26.51,26.65,25.99,26.08,8506900,2026-03-13T02:47:14Z
UNH,2009-08-10,20.96,21.01,20.27,20.49,9952646,27.07,27.14,26.18,26.47,7704900,2026-03-13T02:47:14Z
UNH,2009-08-11,21.54,21.65,20.75,20.95,15195013,27.82,27.96,26.8,27.06,11763300,2026-03-13T02:47:14Z
UNH,2009-08-12,21.51,21.77,21.29,21.49,8915255,27.79,28.12,27.5,27.76,6901800,2026-03-13T02:47:14Z
UNH,2009-08-13,21.96,22,21.05,21.4,10151187,28.37,28.42,27.19,27.64,7858600,2026-03-13T02:47:14Z
UNH,2009-08-14,21.72,22.06,21.37,21.74,8678231,28.06,28.49,27.61,28.08,6718300,2026-03-13T02:47:14Z
UNH,2009-08-17,22.05,22.97,21.46,21.46,19258964,28.48,29.67,27.72,27.72,14909400,2026-03-13T02:47:14Z
UNH,2009-08-18,21.82,22.05,21.52,21.97,10683383,28.18,28.48,27.8,28.38,8270600,2026-03-13T02:47:14Z
UNH,2009-08-19,21.82,21.9,21.37,21.48,9767805,28.18,28.29,27.61,27.75,7561800,2026-03-13T02:47:14Z
UNH,2009-08-20,21.98,22.4,21.69,21.72,11291257,28.39,28.94,28.02,28.06,8741200,2026-03-13T02:47:14Z
UNH,2009-08-21,22.39,22.49,21.89,22.23,10569958,28.92,29.05,28.27,28.72,8182800,2026-03-13T02:47:14Z
UNH,2009-08-24,22.98,23.01,22.1,22.52,15381779,29.69,29.72,28.55,29.09,11907900,2026-03-13T02:47:14Z
UNH,2009-08-25,23.16,23.23,22.59,23.05,13185741,29.92,30,29.18,29.77,10207800,2026-03-13T02:47:14Z
UNH,2009-08-26,22.4,23.1,22.3,23.09,13103321,28.93,29.84,28.81,29.83,10144000,2026-03-13T02:47:14Z
UNH,2009-08-27,22.4,22.61,22.08,22.31,10054938,28.94,29.21,28.52,28.82,7784100,2026-03-13T02:47:14Z
UNH,2009-08-28,21.82,22.55,21.66,22.53,11721676,28.18,29.13,27.98,29.1,9074400,2026-03-13T02:47:14Z
UNH,2009-08-31,21.68,22.29,21.44,21.65,9822037,28,28.79,27.7,27.97,7603800,2026-03-13T02:47:14Z
UNH,2009-09-01,21.16,22.04,21.11,21.63,13138039,27.33,28.47,27.27,27.94,10170900,2026-03-13T02:47:14Z
UNH,2009-09-02,22.19,22.55,21.18,21.19,18575464,28.66,29.13,27.36,27.37,14380300,2026-03-13T02:47:14Z
UNH,2009-09-03,22.35,22.53,21.7,22.4,13536668,28.87,29.1,28.03,28.94,10479500,2026-03-13T02:47:14Z
UNH,2009-09-04,22.36,22.64,22.1,22.3,7540349,28.88,29.25,28.55,28.8,5837400,2026-03-13T02:47:14Z
UNH,2009-09-08,21.55,22.45,21.36,22.44,17768385,27.84,29,27.59,28.99,13755500,2026-03-13T02:47:14Z
UNH,2009-09-09,21.99,22.02,21.44,21.69,14176619,28.4,28.44,27.7,28.02,10974900,2026-03-13T02:47:14Z
UNH,2009-09-10,22.54,22.59,21.72,21.79,11801746,29.11,29.18,28.05,28.15,9136400,2026-03-13T02:47:14Z
UNH,2009-09-11,22.5,22.77,22.27,22.54,7014741,29.07,29.41,28.77,29.12,5430500,2026-03-13T02:47:14Z
UNH,2009-09-14,22.26,22.58,22.01,22.33,9502101,28.76,29.17,28.43,28.85,7356100,2026-03-13T02:47:14Z
UNH,2009-09-15,21.44,22.32,21.41,22.31,17529948,27.7,28.83,27.66,28.82,13570900,2026-03-13T02:47:14Z
UNH,2009-09-16,22.68,22.71,21.53,21.64,18226712,29.29,29.34,27.81,27.95,14110300,2026-03-13T02:47:14Z
UNH,2009-09-17,22.71,23.13,22.55,22.8,14804792,29.34,29.88,29.13,29.45,11461200,2026-03-13T02:47:14Z
UNH,2009-09-18,22.13,22.65,21.99,22.37,20279484,28.58,29.26,28.41,28.89,15699500,2026-03-13T02:47:14Z
UNH,2009-09-21,22.13,22.4,21.85,22.03,10667497,28.59,28.94,28.22,28.45,8258300,2026-03-13T02:47:14Z
UNH,2009-09-22,21.35,22.28,21.3,22.23,16727782,27.58,28.78,27.51,28.72,12949900,2026-03-13T02:47:14Z
UNH,2009-09-23,20.65,21.56,20.62,21.56,19669017,26.68,27.85,26.63,27.85,15226900,2026-03-13T02:47:14Z
UNH,2009-09-24,20.15,20.93,20.11,20.69,18078768,26.03,27.04,25.98,26.73,13995800,2026-03-13T02:47:14Z
UNH,2009-09-25,19.62,20.27,19.45,20.14,21751444,25.34,26.18,25.13,26.01,16839000,2026-03-13T02:47:14Z
UNH,2009-09-28,19.97,20.2,19.63,19.7,11361418,25.8,26.09,25.36,25.44,8795500,2026-03-13T02:47:14Z
UNH,2009-09-29,19.88,20.47,19.31,20.07,29989083,25.68,26.44,24.94,25.92,23216200,2026-03-13T02:47:14Z
UNH,2009-09-30,19.38,19.82,18.98,19.47,29627571,25.04,25.6,24.52,25.15,22936400,2026-03-13T02:47:14Z
UNH,2009-10-01,19.19,19.85,19.12,19.27,22221909,24.79,25.64,24.7,24.89,17203200,2026-03-13T02:47:14Z
UNH,2009-10-02,18.8,19.28,18.54,19.11,14492564,24.28,24.91,23.95,24.68,11219500,2026-03-13T02:47:14Z
UNH,2009-10-05,18.61,18.97,18.54,18.87,16066796,24.04,24.5,23.95,24.38,12438200,2026-03-13T02:47:14Z
UNH,2009-10-06,18.87,19.04,18.44,18.94,14457439,24.38,24.59,23.82,24.46,11192300,2026-03-13T02:47:14Z
UNH,2009-10-07,19.39,19.62,18.89,18.91,15606163,25.05,25.34,24.4,24.42,12081600,2026-03-13T02:47:14Z
UNH,2009-10-08,18.7,18.91,18.19,18.8,31688202,24.16,24.43,23.5,24.29,24531600,2026-03-13T02:47:14Z
UNH,2009-10-09,19.1,19.39,18.9,18.93,21385127,24.67,25.05,24.41,24.45,16555400,2026-03-13T02:47:14Z
UNH,2009-10-12,19.53,19.76,19.21,19.21,18024583,25.23,25.52,24.81,24.81,13953800,2026-03-13T02:47:14Z
UNH,2009-10-13,18.8,19.49,18.55,19.49,24556486,24.29,25.17,23.96,25.17,19010500,2026-03-13T02:47:14Z
UNH,2009-10-14,19.25,19.3,18.85,19.06,12661441,24.87,24.93,24.35,24.62,9801900,2026-03-13T02:47:14Z
UNH,2009-10-15,19.01,19.28,18.87,19.18,14368572,24.55,24.91,24.38,24.77,11123500,2026-03-13T02:47:14Z
UNH,2009-10-16,18.93,19.32,18.84,19.13,15974699,24.45,24.96,24.33,24.71,12366900,2026-03-13T02:47:14Z
UNH,2009-10-19,19.29,19.35,18.9,19.02,13270817,24.92,24.99,24.41,24.57,10273700,2026-03-13T02:47:14Z
UNH,2009-10-20,20.1,20.53,19.74,19.88,27633950,25.96,26.52,25.5,25.68,21393000,2026-03-13T02:47:14Z
UNH,2009-10-21,19.45,20.18,19.38,20.11,15450244,25.12,26.07,25.03,25.97,11960900,2026-03-13T02:47:14Z
UNH,2009-10-22,19.9,20.13,19.37,19.39,17770494,25.71,26,25.02,25.05,13757100,2026-03-13T02:47:14Z
UNH,2009-10-23,20.01,20.3,19.82,20.21,10712716,25.85,26.22,25.6,26.1,8293300,2026-03-13T02:47:14Z
UNH,2009-10-26,19.59,20.27,19.58,20.07,18533333,25.31,26.19,25.29,25.93,14347700,2026-03-13T02:47:14Z
UNH,2009-10-27,20.52,20.75,19.5,19.59,26462021,26.5,26.8,25.19,25.3,20485700,2026-03-13T02:47:14Z
UNH,2009-10-28,20.04,20.52,19.98,20.35,14862678,25.88,26.51,25.81,26.29,11506000,2026-03-13T02:47:14Z
UNH,2009-10-29,20.49,20.59,20.13,20.17,16849453,26.47,26.59,26,26.06,13044100,2026-03-13T02:47:14Z
UNH,2009-10-30,20.09,20.74,20.05,20.38,15172172,25.95,26.79,25.9,26.32,11745600,2026-03-13T02:47:14Z
UNH,2009-11-02,20.45,20.6,19.85,20.14,10578618,26.42,26.61,25.64,26.02,8189500,2026-03-13T02:47:14Z
UNH,2009-11-03,20.83,20.9,20.33,20.58,14767334,26.91,27,26.26,26.58,11432200,2026-03-13T02:47:14Z
UNH,2009-11-04,21.58,22.42,21.38,21.38,28966678,27.87,28.96,27.62,27.62,22424700,2026-03-13T02:47:14Z
UNH,2009-11-05,21.84,21.97,21.42,21.64,15493804,28.21,28.38,27.67,27.95,11994600,2026-03-13T02:47:14Z
UNH,2009-11-06,22.2,22.25,21.52,21.75,15361281,28.67,28.74,27.8,28.1,11892000,2026-03-13T02:47:14Z
UNH,2009-11-09,22.55,22.64,21.83,21.92,15180187,29.13,29.24,28.2,28.31,11751800,2026-03-13T02:47:14Z
UNH,2009-11-10,22.43,22.59,22.16,22.45,10415471,28.97,29.18,28.62,29,8063200,2026-03-13T02:47:14Z
UNH,2009-11-11,22.74,22.78,22.19,22.44,11359627,29.37,29.43,28.66,28.99,8794100,2026-03-13T02:47:14Z
UNH,2009-11-12,22.26,22.78,22.21,22.78,10887353,28.76,29.43,28.69,29.43,8428500,2026-03-13T02:47:14Z
UNH,2009-11-13,22.51,22.72,22.33,22.36,8107817,29.08,29.35,28.85,28.88,6276700,2026-03-13T02:47:14Z
UNH,2009-11-16,22.57,22.84,22.41,22.63,10697348,29.15,29.5,28.95,29.23,8281400,2026-03-13T02:47:14Z
UNH,2009-11-17,22.43,22.59,22.29,22.42,7883811,28.97,29.18,28.79,28.96,6103300,2026-03-13T02:47:14Z
UNH,2009-11-18,22.35,22.54,22.18,22.43,9465140,28.87,29.11,28.65,28.97,7327500,2026-03-13T02:47:14Z
UNH,2009-11-19,22.16,22.23,21.58,22.19,9030344,28.63,28.72,27.87,28.66,6990900,2026-03-13T02:47:14Z
UNH,2009-11-20,22.11,22.27,21.91,21.91,11637316,28.56,28.77,28.3,28.3,9009100,2026-03-13T02:47:14Z
UNH,2009-11-23,22.51,22.9,22.4,22.4,12432667,29.08,29.58,28.93,28.94,9624800,2026-03-13T02:47:14Z
UNH,2009-11-24,22.88,22.99,22.33,22.71,9353432,29.56,29.69,28.85,29.33,7241000,2026-03-13T02:47:14Z
UNH,2009-11-25,22.87,23.02,22.74,22.9,10413777,29.54,29.74,29.37,29.58,8061900,2026-03-13T02:47:14Z
UNH,2009-11-27,22.79,22.95,22.22,22.44,7048208,29.44,29.64,28.7,28.99,5456400,2026-03-13T02:47:14Z
UNH,2009-11-30,22.2,22.83,22.06,22.79,16324785,28.67,29.49,28.5,29.44,12637900,2026-03-13T02:47:14Z
UNH,2009-12-01,22.22,22.6,22.16,22.45,12537512,28.7,29.19,28.63,29,9706000,2026-03-13T02:47:14Z
UNH,2009-12-02,21.9,22.3,21.8,22.23,14855386,28.29,28.8,28.16,28.72,11500400,2026-03-13T02:47:14Z
UNH,2009-12-03,21.16,22.03,21.13,21.89,19796511,27.33,28.46,27.3,28.27,15325600,2026-03-13T02:47:14Z
UNH,2009-12-04,21.26,21.72,21.13,21.41,15261280,27.46,28.05,27.3,27.65,11814600,2026-03-13T02:47:14Z
UNH,2009-12-07,21.91,22.04,21.31,21.32,14571879,28.3,28.47,27.52,27.54,11280900,2026-03-13T02:47:14Z
UNH,2009-12-08,22.03,22.39,21.73,21.8,20535248,28.46,28.92,28.07,28.16,15897500,2026-03-13T02:47:14Z
UNH,2009-12-09,22.06,22.92,21.78,22.36,24681897,28.5,29.6,28.13,28.88,19107600,2026-03-13T02:47:14Z
UNH,2009-12-10,23.46,23.78,22.09,22.23,35557642,30.31,30.72,28.54,28.72,27527200,2026-03-13T02:47:14Z
UNH,2009-12-11,23.6,24.03,23.53,23.56,24636738,30.48,31.04,30.4,30.43,19072700,2026-03-13T02:47:14Z
