ticker,tradeDate,clsPx,hiPx,loPx,open,stockVolume,unadjClsPx,unadjHiPx,unadjLoPx,unadjOpen,unadjStockVolume,updatedAt
UNP,2006-01-03,13.26,13.32,13.07,13.32,13095382,80.15,80.5,79,80.5,2167200,2026-03-03T03:47:42Z
UNP,2006-01-04,13.25,13.32,13.23,13.24,7567680,80.08,80.49,79.92,80,1252400,2026-03-03T03:47:42Z
UNP,2006-01-05,13.1,13.24,13.06,13.23,8501887,79.16,79.97,78.92,79.95,1407000,2026-03-03T03:47:42Z
UNP,2006-01-06,13,13.12,12.85,13.1,10323127,78.58,79.28,77.62,79.16,1708400,2026-03-03T03:47:42Z
UNP,2006-01-09,13.18,13.2,13.05,13.06,6883689,79.67,79.75,78.85,78.93,1139200,2026-03-03T03:47:42Z
UNP,2006-01-10,13.16,13.22,13.08,13.17,6575501,79.5,79.86,79.05,79.57,1088200,2026-03-03T03:47:42Z
UNP,2006-01-11,13.21,13.21,13.12,13.2,3164494,79.8,79.8,79.26,79.75,523700,2026-03-03T03:47:42Z
UNP,2006-01-12,13.09,13.2,13.06,13.18,4118605,79.12,79.74,78.89,79.65,681600,2026-03-03T03:47:42Z
UNP,2006-01-13,13.03,13.19,13.01,13.13,4472080,78.73,79.7,78.64,79.34,740100,2026-03-03T03:47:42Z
UNP,2006-01-17,13.02,13.07,12.91,12.92,4117998,78.7,78.96,78,78.05,681500,2026-03-03T03:47:42Z
UNP,2006-01-18,13.24,13.25,12.94,13,8187682,80,80.08,78.2,78.53,1355000,2026-03-03T03:47:42Z
UNP,2006-01-19,14.07,14.09,13.07,13.07,29352327,85.02,85.12,79,79,4857600,2026-03-03T03:47:42Z
UNP,2006-01-20,13.87,14,13.77,13.97,17553642,83.82,84.59,83.2,84.4,2905000,2026-03-03T03:47:42Z
UNP,2006-01-23,14.21,14.21,13.87,13.87,15303990,85.84,85.84,83.83,83.83,2532700,2026-03-03T03:47:42Z
UNP,2006-01-24,14.28,14.6,14.16,14.27,19773710,86.3,88.22,85.55,86.25,3272400,2026-03-03T03:47:42Z
UNP,2006-01-25,14.12,14.44,14.08,14.35,13766159,85.33,87.28,85.09,86.7,2278200,2026-03-03T03:47:42Z
UNP,2006-01-26,14.28,14.33,14.15,14.22,10853020,86.29,86.6,85.5,85.9,1796100,2026-03-03T03:47:42Z
UNP,2006-01-27,14.42,14.48,14.19,14.3,12885109,87.16,87.48,85.76,86.4,2132400,2026-03-03T03:47:42Z
UNP,2006-01-30,14.61,14.64,14.37,14.39,8032986,88.3,88.45,86.8,86.97,1329400,2026-03-03T03:47:42Z
UNP,2006-01-31,14.64,14.66,14.4,14.53,13430185,88.46,88.57,87.02,87.8,2222600,2026-03-03T03:47:42Z
UNP,2006-02-01,14.43,14.67,14.34,14.4,11760617,87.22,88.64,86.64,87,1946300,2026-03-03T03:47:42Z
UNP,2006-02-02,14.23,14.44,14.19,14.42,9840898,86,87.28,85.76,87.15,1628600,2026-03-03T03:47:42Z
UNP,2006-02-03,14.18,14.27,14.11,14.2,7596083,85.67,86.22,85.24,85.82,1257100,2026-03-03T03:47:42Z
UNP,2006-02-06,14.18,14.27,14.1,14.15,7130789,85.7,86.21,85.21,85.5,1180100,2026-03-03T03:47:42Z
UNP,2006-02-07,14.01,14.22,13.96,14.16,5550098,84.66,85.95,84.36,85.55,918500,2026-03-03T03:47:42Z
UNP,2006-02-08,14.08,14.13,13.95,13.98,6745321,85.08,85.35,84.32,84.45,1116300,2026-03-03T03:47:42Z
UNP,2006-02-09,14.12,14.15,14.03,14.08,6703006,85.31,85.5,84.77,85.09,1109300,2026-03-03T03:47:42Z
UNP,2006-02-10,14.28,14.35,13.96,14.08,6474594,86.31,86.7,84.38,85.1,1071500,2026-03-03T03:47:42Z
UNP,2006-02-13,14.23,14.33,14.08,14.28,6958579,86.01,86.6,85.05,86.31,1151600,2026-03-03T03:47:42Z
UNP,2006-02-14,14.67,14.73,14.2,14.24,11528555,88.67,89,85.81,86.02,1907900,2026-03-03T03:47:42Z
UNP,2006-02-15,14.88,14.88,14.51,14.67,7090917,89.89,89.9,87.65,88.65,1173500,2026-03-03T03:47:42Z
UNP,2006-02-16,14.82,14.88,14.67,14.88,7556796,89.58,89.9,88.62,89.89,1250600,2026-03-03T03:47:42Z
UNP,2006-02-17,14.69,14.79,14.61,14.73,5532578,88.74,89.34,88.25,89,915600,2026-03-03T03:47:42Z
UNP,2006-02-21,14.75,14.76,14.63,14.69,4626188,89.12,89.17,88.41,88.74,765600,2026-03-03T03:47:42Z
UNP,2006-02-22,14.86,14.92,14.78,14.84,3888976,89.78,90.14,89.33,89.65,643600,2026-03-03T03:47:42Z
UNP,2006-02-23,14.63,14.85,14.63,14.82,5458834,88.4,89.7,88.37,89.53,903400,2026-03-03T03:47:42Z
UNP,2006-02-24,14.64,14.74,14.53,14.65,3784452,88.46,89.05,87.78,88.5,626300,2026-03-03T03:47:42Z
UNP,2006-02-27,14.91,14.95,14.68,14.7,5447955,90.11,90.34,88.73,88.84,901600,2026-03-03T03:47:42Z
UNP,2006-02-28,14.65,14.89,14.63,14.89,4954894,88.55,89.98,88.38,89.98,820000,2026-03-03T03:47:42Z
UNP,2006-03-01,14.8,14.85,14.65,14.67,6157983,89.45,89.72,88.5,88.65,1019100,2026-03-03T03:47:42Z
UNP,2006-03-02,14.7,14.84,14.66,14.76,4698080,88.82,89.68,88.6,89.2,777500,2026-03-03T03:47:42Z
UNP,2006-03-03,14.86,14.94,14.65,14.7,7773128,89.82,90.29,88.55,88.83,1286400,2026-03-03T03:47:42Z
UNP,2006-03-06,14.68,14.87,14.66,14.85,7246710,88.38,89.55,88.3,89.4,1203300,2026-03-03T03:47:42Z
UNP,2006-03-07,14.43,14.68,14.25,14.68,8424703,86.93,88.39,85.8,88.38,1398900,2026-03-03T03:47:42Z
UNP,2006-03-08,14.13,14.4,13.87,14.39,12989639,85.09,86.69,83.5,86.68,2156900,2026-03-03T03:47:42Z
UNP,2006-03-09,14.1,14.29,14.1,14.16,6236758,84.94,86.06,84.89,85.25,1035600,2026-03-03T03:47:42Z
UNP,2006-03-10,14.24,14.25,14.01,14.09,6577049,85.76,85.84,84.35,84.85,1092100,2026-03-03T03:47:42Z
UNP,2006-03-13,14.23,14.42,14.16,14.27,5432169,85.7,86.86,85.29,85.95,902000,2026-03-03T03:47:42Z
UNP,2006-03-14,14.15,14.38,14.09,14.23,7128084,85.21,86.6,84.83,85.7,1183600,2026-03-03T03:47:42Z
UNP,2006-03-15,14.99,15.11,14.84,14.84,27314448,90.25,90.99,89.39,89.39,4535500,2026-03-03T03:47:42Z
UNP,2006-03-16,14.95,15.03,14.88,14.97,8143450,90.02,90.49,89.61,90.16,1352200,2026-03-03T03:47:42Z
UNP,2006-03-17,15.12,15.28,14.95,15.03,9355723,91.07,91.99,90.02,90.53,1553500,2026-03-03T03:47:42Z
UNP,2006-03-20,15.21,15.26,15.01,15.09,7836295,91.57,91.87,90.37,90.9,1301200,2026-03-03T03:47:42Z
UNP,2006-03-21,15.09,15.42,15.07,15.27,9411774,90.85,92.87,90.76,91.95,1562800,2026-03-03T03:47:42Z
UNP,2006-03-22,15.3,15.32,15.11,15.11,5265352,92.15,92.26,90.99,90.99,874300,2026-03-03T03:47:42Z
UNP,2006-03-23,15.28,15.28,14.97,15.28,8624623,92,92.01,90.14,92,1432100,2026-03-03T03:47:42Z
UNP,2006-03-24,15.31,15.34,15.12,15.24,7468927,92.18,92.35,91.05,91.8,1240200,2026-03-03T03:47:42Z
UNP,2006-03-27,15.46,15.56,15.24,15.31,12130265,93.08,93.73,91.8,92.18,2014200,2026-03-03T03:47:42Z
UNP,2006-03-28,15.36,15.47,15.26,15.46,8954651,92.53,93.15,91.9,93.09,1486900,2026-03-03T03:47:42Z
UNP,2006-03-29,15.4,15.48,15.37,15.44,9774930,92.77,93.23,92.58,93,1623100,2026-03-03T03:47:42Z
UNP,2006-03-30,15.39,15.46,15.29,15.34,6714929,92.66,93.11,92.09,92.4,1115000,2026-03-03T03:47:42Z
UNP,2006-03-31,15.5,15.5,15.4,15.41,9867679,93.35,93.35,92.75,92.8,1638500,2026-03-03T03:47:42Z
UNP,2006-04-03,15.72,15.81,15.56,15.6,10106756,94.67,95.24,93.7,93.95,1678200,2026-03-03T03:47:42Z
UNP,2006-04-04,15.89,15.94,15.69,15.72,11287737,95.71,96,94.46,94.67,1874300,2026-03-03T03:47:42Z
UNP,2006-04-05,15.89,16.05,15.76,15.9,8234403,95.68,96.64,94.91,95.76,1367300,2026-03-03T03:47:42Z
UNP,2006-04-06,15.8,15.94,15.74,15.91,4065703,95.13,95.97,94.81,95.81,675100,2026-03-03T03:47:42Z
UNP,2006-04-07,15.55,15.87,15.53,15.85,5558056,93.63,95.6,93.53,95.45,922900,2026-03-03T03:47:42Z
UNP,2006-04-10,15.41,15.55,15.38,15.55,5092514,92.78,93.66,92.65,93.64,845600,2026-03-03T03:47:42Z
UNP,2006-04-11,15.28,15.43,15.25,15.36,7674918,92.04,92.9,91.82,92.5,1274400,2026-03-03T03:47:42Z
UNP,2006-04-12,15.44,15.46,15.18,15.27,4707700,92.97,93.12,91.41,91.95,781700,2026-03-03T03:47:42Z
UNP,2006-04-13,15.53,15.58,15.4,15.51,4753447,93.52,93.82,92.72,93.4,789300,2026-03-03T03:47:42Z
UNP,2006-04-17,15.38,15.67,15.29,15.5,5072651,92.62,94.34,92.1,93.34,842300,2026-03-03T03:47:42Z
UNP,2006-04-18,15.94,15.94,15.39,15.39,10200721,95.98,96,92.69,92.69,1693800,2026-03-03T03:47:42Z
UNP,2006-04-19,15.78,16.13,15.66,15.99,7485806,95.03,97.15,94.31,96.3,1243000,2026-03-03T03:47:42Z
UNP,2006-04-20,15.69,15.97,15.53,15.86,9883886,94.51,96.18,93.5,95.5,1641200,2026-03-03T03:47:42Z
UNP,2006-04-21,15.93,16.11,15.84,16.11,8921519,95.95,97,95.37,97,1481400,2026-03-03T03:47:42Z
UNP,2006-04-24,16.14,16.19,15.86,15.87,7174442,97.21,97.49,95.54,95.57,1191300,2026-03-03T03:47:42Z
UNP,2006-04-25,15.79,16.09,15.63,16.09,13020400,95.07,96.9,94.15,96.89,2162000,2026-03-03T03:47:42Z
UNP,2006-04-26,15.65,15.92,15.63,15.83,12584346,94.22,95.85,94.15,95.32,2089600,2026-03-03T03:47:42Z
UNP,2006-04-27,15.25,15.66,15.21,15.53,11518977,91.82,94.28,91.6,93.5,1912700,2026-03-03T03:47:42Z
UNP,2006-04-28,15.15,15.4,15.12,15.27,15081219,91.21,92.74,91.05,91.98,2504200,2026-03-03T03:47:42Z
UNP,2006-05-01,15.33,15.45,15.18,15.19,10883592,92.31,93.07,91.39,91.45,1807200,2026-03-03T03:47:42Z
UNP,2006-05-02,15.62,15.63,15.21,15.6,14908937,94.08,94.1,91.57,93.95,2475600,2026-03-03T03:47:42Z
UNP,2006-05-03,15.49,15.68,15.44,15.61,7738132,93.29,94.43,93,94,1284900,2026-03-03T03:47:42Z
UNP,2006-05-04,15.53,15.62,15.43,15.59,11338278,93.5,94.08,92.91,93.9,1882700,2026-03-03T03:47:42Z
UNP,2006-05-05,15.48,15.56,15.41,15.53,9706277,93.25,93.7,92.81,93.5,1611700,2026-03-03T03:47:42Z
UNP,2006-05-08,15.54,15.65,15.45,15.48,8187387,93.6,94.22,93.05,93.25,1359500,2026-03-03T03:47:42Z
UNP,2006-05-09,15.99,16.05,15.68,15.73,14713854,96.27,96.66,94.4,94.75,2443200,2026-03-03T03:47:42Z
UNP,2006-05-10,16.07,16.15,15.95,15.95,9174459,96.76,97.26,96.06,96.06,1523400,2026-03-03T03:47:42Z
UNP,2006-05-11,16.04,16.12,15.85,16.12,12869802,96.6,97.1,95.48,97.1,2137000,2026-03-03T03:47:42Z
UNP,2006-05-12,15.67,16,15.59,16,11254612,94.37,96.36,93.88,96.35,1868800,2026-03-03T03:47:42Z
UNP,2006-05-15,15.67,15.88,15.44,15.71,10604196,94.37,95.63,93,94.62,1760800,2026-03-03T03:47:42Z
UNP,2006-05-16,15.61,16.11,15.57,16.05,13555161,93.99,97,93.78,96.65,2250800,2026-03-03T03:47:42Z
UNP,2006-05-17,15.48,15.7,15.38,15.51,14100171,93.21,94.55,92.62,93.4,2341300,2026-03-03T03:47:42Z
UNP,2006-05-18,15.24,15.7,15.22,15.62,13383553,91.78,94.57,91.64,94.04,2222300,2026-03-03T03:47:42Z
UNP,2006-05-19,15.23,15.33,14.92,15.25,14236848,91.7,92.33,89.85,91.86,2364000,2026-03-03T03:47:42Z
UNP,2006-05-22,15.32,15.45,15.03,15.09,9804989,92.26,93.04,90.51,90.86,1628100,2026-03-03T03:47:42Z
UNP,2006-05-23,15.27,15.63,15.27,15.44,8950455,91.94,94.15,91.94,93,1486200,2026-03-03T03:47:42Z
UNP,2006-05-24,15.16,15.43,14.97,15.19,9831547,91.3,92.92,90.15,91.5,1632500,2026-03-03T03:47:42Z
UNP,2006-05-25,15.34,15.44,15.2,15.25,7385211,92.36,92.98,91.56,91.83,1226300,2026-03-03T03:47:42Z
UNP,2006-05-26,15.44,15.62,15.34,15.49,4898894,92.66,93.78,92.06,92.97,816100,2026-03-03T03:47:42Z
UNP,2006-05-30,15.13,15.39,15.07,15.35,6108464,90.84,92.4,90.48,92.12,1017600,2026-03-03T03:47:42Z
UNP,2006-05-31,15.46,15.61,15.15,15.16,10207795,92.8,93.69,90.95,90.97,1700500,2026-03-03T03:47:42Z
UNP,2006-06-01,15.54,15.57,15.32,15.46,10055879,93.26,93.49,91.93,92.8,1675200,2026-03-03T03:47:42Z
UNP,2006-06-02,15.67,15.86,15.53,15.81,10764212,94.05,95.2,93.24,94.9,1793200,2026-03-03T03:47:42Z
UNP,2006-06-05,15.21,15.63,15.17,15.63,8251467,91.31,93.81,91.06,93.8,1374600,2026-03-03T03:47:42Z
UNP,2006-06-06,14.99,15.21,14.77,15.21,12187514,89.99,91.32,88.65,91.32,2030300,2026-03-03T03:47:42Z
UNP,2006-06-07,14.52,15.05,14.48,14.97,12506281,87.17,90.32,86.91,89.86,2083400,2026-03-03T03:47:42Z
UNP,2006-06-08,14.65,14.66,13.97,14.52,19477367,87.96,88,83.83,87.15,3244700,2026-03-03T03:47:42Z
UNP,2006-06-09,14.4,14.8,14.31,14.72,11904132,86.46,88.82,85.92,88.35,1983100,2026-03-03T03:47:42Z
UNP,2006-06-12,14.21,14.55,14.16,14.43,9118896,85.32,87.32,84.99,86.61,1519100,2026-03-03T03:47:42Z
UNP,2006-06-13,14.41,14.71,14.11,14.11,14496769,86.51,88.32,84.71,84.71,2415000,2026-03-03T03:47:42Z
UNP,2006-06-14,14.59,14.67,14.37,14.37,8237055,87.59,88.08,86.23,86.23,1372200,2026-03-03T03:47:42Z
UNP,2006-06-15,15.02,15.04,14.6,14.72,13101102,90.18,90.29,87.61,88.34,2182500,2026-03-03T03:47:42Z
UNP,2006-06-16,14.95,15.02,14.76,15.02,11861550,89.76,90.18,88.57,90.18,1976000,2026-03-03T03:47:42Z
UNP,2006-06-19,14.68,15.06,14.59,14.99,6799995,88.11,90.42,87.55,90,1132800,2026-03-03T03:47:42Z
UNP,2006-06-20,14.54,14.94,14.54,14.7,9169285,87.3,89.7,87.25,88.21,1527500,2026-03-03T03:47:42Z
UNP,2006-06-21,14.98,15.04,14.58,14.59,10672958,89.95,90.3,87.49,87.55,1778000,2026-03-03T03:47:42Z
UNP,2006-06-22,14.94,15.13,14.76,15.13,6810773,89.71,90.82,88.57,90.81,1134600,2026-03-03T03:47:42Z
UNP,2006-06-23,14.79,15.04,14.74,14.84,9918423,88.8,90.29,88.48,89.06,1652300,2026-03-03T03:47:42Z
UNP,2006-06-26,14.83,14.88,14.65,14.83,9013792,89.01,89.32,87.95,89,1501600,2026-03-03T03:47:42Z
UNP,2006-06-27,14.69,14.97,14.66,14.83,8928553,88.16,89.88,87.99,89.01,1487400,2026-03-03T03:47:42Z
UNP,2006-06-28,14.9,14.95,14.57,14.7,9244298,89.45,89.71,87.46,88.23,1540000,2026-03-03T03:47:42Z
UNP,2006-06-29,15.25,15.27,14.74,14.99,12931874,91.54,91.66,88.5,89.95,2154300,2026-03-03T03:47:42Z
UNP,2006-06-30,15.49,15.49,15.27,15.33,11265459,92.96,93.01,91.66,92,1876700,2026-03-03T03:47:42Z
UNP,2006-07-03,15.36,15.49,15.3,15.49,5184017,92.23,92.96,91.82,92.96,863600,2026-03-03T03:47:42Z
UNP,2006-07-05,15.35,15.37,15.06,15.26,8020326,92.12,92.29,90.39,91.6,1336100,2026-03-03T03:47:42Z
UNP,2006-07-06,15.13,15.41,14.97,15.39,8484342,90.83,92.5,89.84,92.37,1413400,2026-03-03T03:47:42Z
UNP,2006-07-07,15.01,15.12,14.91,15.12,6778359,90.12,90.73,89.49,90.73,1129200,2026-03-03T03:47:42Z
UNP,2006-07-10,15.05,15.13,14.88,15.12,7091696,90.36,90.79,89.29,90.73,1181400,2026-03-03T03:47:42Z
UNP,2006-07-11,15.03,15.09,14.89,15.02,7480098,90.23,90.58,89.36,90.16,1246100,2026-03-03T03:47:42Z
UNP,2006-07-12,14.7,15.1,14.66,15.04,11191049,88.23,90.63,88,90.3,1864300,2026-03-03T03:47:42Z
UNP,2006-07-13,14.57,14.68,14.41,14.66,10823649,87.45,88.14,86.52,88,1803100,2026-03-03T03:47:42Z
UNP,2006-07-14,14.35,14.62,14.19,14.57,9217301,86.16,87.75,85.15,87.45,1535500,2026-03-03T03:47:42Z
UNP,2006-07-17,14.1,14.41,14.09,14.27,9507247,84.66,86.48,84.59,85.65,1583800,2026-03-03T03:47:42Z
UNP,2006-07-18,14.39,14.42,14.12,14.12,11028956,86.39,86.56,84.75,84.75,1837300,2026-03-03T03:47:42Z
UNP,2006-07-19,14.56,14.58,14.16,14.35,16709962,87.4,87.5,85.01,86.11,2783700,2026-03-03T03:47:42Z
UNP,2006-07-20,14,14.98,13.95,14.97,20020588,84.01,89.89,83.76,89.85,3335200,2026-03-03T03:47:42Z
UNP,2006-07-21,13.83,14.02,13.63,13.99,17322335,83.04,84.13,81.8,83.99,2885700,2026-03-03T03:47:42Z
UNP,2006-07-24,14.23,14.25,13.84,13.92,13051311,85.42,85.55,83.05,83.56,2174200,2026-03-03T03:47:42Z
UNP,2006-07-25,14.03,14.23,13.74,14.23,19381911,84.24,85.42,82.49,85.42,3228800,2026-03-03T03:47:42Z
UNP,2006-07-26,13.84,14,13.65,13.99,15643340,83.1,84.01,81.94,84,2606000,2026-03-03T03:47:42Z
UNP,2006-07-27,13.96,14.06,13.87,13.95,10118959,83.77,84.4,83.28,83.71,1685700,2026-03-03T03:47:42Z
UNP,2006-07-28,14.2,14.26,13.91,13.98,14352102,85.22,85.59,83.49,83.9,2390900,2026-03-03T03:47:42Z
UNP,2006-07-31,14.16,14.19,13.96,14.07,8827153,85,85.15,83.79,84.48,1470500,2026-03-03T03:47:42Z
UNP,2006-08-01,13.85,14.06,13.77,14.05,12511639,83.14,84.38,82.67,84.34,2084300,2026-03-03T03:47:42Z
UNP,2006-08-02,14.12,14.15,13.88,13.9,6572455,84.76,84.95,83.31,83.45,1094900,2026-03-03T03:47:42Z
UNP,2006-08-03,14.48,14.54,13.93,13.99,9552261,86.92,87.25,83.59,84,1591300,2026-03-03T03:47:42Z
UNP,2006-08-04,13.97,14.61,13.85,14.4,15474597,83.85,87.69,83.15,86.42,2577900,2026-03-03T03:47:42Z
UNP,2006-08-07,13.49,14.05,13.47,13.88,16948952,80.99,84.31,80.85,83.32,2823500,2026-03-03T03:47:42Z
UNP,2006-08-08,13.46,13.69,13.39,13.57,10310998,80.8,82.17,80.35,81.44,1717700,2026-03-03T03:47:42Z
UNP,2006-08-09,13.14,13.65,13.1,13.63,16119881,78.87,81.96,78.65,81.8,2685400,2026-03-03T03:47:42Z
UNP,2006-08-10,13.4,13.43,13.13,13.14,10877086,80.41,80.6,78.84,78.88,1812000,2026-03-03T03:47:42Z
UNP,2006-08-11,13.2,13.41,13.16,13.31,6140866,79.21,80.5,79.02,79.92,1023000,2026-03-03T03:47:42Z
UNP,2006-08-14,13.26,13.4,13.21,13.33,6263943,79.58,80.46,79.29,80,1043500,2026-03-03T03:47:42Z
UNP,2006-08-15,13.68,13.68,13.37,13.41,8822304,82.12,82.12,80.23,80.5,1469700,2026-03-03T03:47:42Z
UNP,2006-08-16,14.09,14.11,13.66,13.76,11366346,84.59,84.68,81.99,82.6,1893500,2026-03-03T03:47:42Z
UNP,2006-08-17,14.04,14.2,13.97,14.04,8014965,84.3,85.21,83.87,84.3,1335200,2026-03-03T03:47:42Z
UNP,2006-08-18,13.95,14.04,13.85,14.04,5202047,83.74,84.3,83.11,84.3,866600,2026-03-03T03:47:42Z
UNP,2006-08-21,13.58,13.91,13.56,13.91,7617550,81.53,83.51,81.42,83.5,1269000,2026-03-03T03:47:42Z
UNP,2006-08-22,13.59,13.75,13.56,13.59,7398481,81.6,82.55,81.4,81.6,1232500,2026-03-03T03:47:42Z
UNP,2006-08-23,13.58,13.71,13.49,13.63,6597075,81.5,82.28,80.96,81.8,1099000,2026-03-03T03:47:42Z
UNP,2006-08-24,13.42,13.63,13.4,13.58,8444119,80.57,81.83,80.43,81.5,1406700,2026-03-03T03:47:42Z
UNP,2006-08-25,13.48,13.55,13.33,13.41,8609221,80.94,81.32,80.03,80.5,1434200,2026-03-03T03:47:42Z
UNP,2006-08-28,13.44,13.56,13.41,13.51,6716564,80.66,81.42,80.5,81.1,1118900,2026-03-03T03:47:42Z
UNP,2006-08-29,13.39,13.49,13.3,13.46,9175253,80.09,80.7,79.55,80.5,1534200,2026-03-03T03:47:42Z
UNP,2006-08-30,13.4,13.51,13.36,13.46,7662201,80.12,80.8,79.92,80.5,1281200,2026-03-03T03:47:42Z
UNP,2006-08-31,13.44,13.49,13.38,13.44,13618725,80.35,80.66,80.03,80.36,2277200,2026-03-03T03:47:42Z
UNP,2006-09-01,13.47,13.5,13.36,13.46,6933792,80.54,80.75,79.87,80.5,1159400,2026-03-03T03:47:42Z
UNP,2006-09-05,13.5,13.57,13.39,13.4,6672402,80.75,81.13,80.06,80.15,1115700,2026-03-03T03:47:42Z
UNP,2006-09-06,13.42,13.58,13.41,13.44,7698089,80.26,81.24,80.2,80.4,1287200,2026-03-03T03:47:42Z
UNP,2006-09-07,13.36,13.4,13.27,13.37,8816414,79.88,80.12,79.35,79.97,1474200,2026-03-03T03:47:42Z
UNP,2006-09-08,13.39,13.44,13.31,13.41,7444486,80.1,80.38,79.58,80.2,1244800,2026-03-03T03:47:42Z
UNP,2006-09-11,13.36,13.41,13.26,13.26,7730958,79.88,80.17,79.27,79.27,1292700,2026-03-03T03:47:42Z
UNP,2006-09-12,13.7,13.72,13.36,13.36,10592636,81.95,82.04,79.9,79.9,1771200,2026-03-03T03:47:42Z
UNP,2006-09-13,14.17,14.17,13.65,13.7,14315505,84.74,84.77,81.65,81.95,2393700,2026-03-03T03:47:42Z
UNP,2006-09-14,14.24,14.33,14.11,14.13,11607516,85.18,85.67,84.36,84.5,1940900,2026-03-03T03:47:42Z
UNP,2006-09-15,14.01,14.35,13.99,14.31,11293501,83.8,85.79,83.69,85.55,1888400,2026-03-03T03:47:42Z
UNP,2006-09-18,14.39,14.42,14.05,14.11,10486208,86.06,86.24,84.01,84.37,1753400,2026-03-03T03:47:42Z
UNP,2006-09-19,14.21,14.43,14.01,14.39,10106405,84.97,86.32,83.77,86.07,1689900,2026-03-03T03:47:42Z
UNP,2006-09-20,14.15,14.44,14.1,14.36,7272274,84.6,86.38,84.33,85.9,1216000,2026-03-03T03:47:42Z
UNP,2006-09-21,13.92,14.27,13.91,14.24,9542433,83.22,85.31,83.2,85.15,1595600,2026-03-03T03:47:42Z
UNP,2006-09-22,13.95,14.03,13.81,13.92,10185963,83.42,83.89,82.58,83.25,1703200,2026-03-03T03:47:42Z
UNP,2006-09-25,14.12,14.16,13.83,14.06,14442285,84.42,84.69,82.71,84.08,2414900,2026-03-03T03:47:42Z
UNP,2006-09-26,14.39,14.4,14.12,14.2,12616999,86.05,86.1,84.46,84.95,2109700,2026-03-03T03:47:42Z
UNP,2006-09-27,14.66,14.75,14.29,14.31,15126443,87.65,88.19,85.45,85.56,2529300,2026-03-03T03:47:42Z
UNP,2006-09-28,14.63,14.79,14.6,14.64,9026921,87.52,88.47,87.3,87.55,1509400,2026-03-03T03:47:42Z
UNP,2006-09-29,14.71,14.73,14.5,14.6,9358278,88,88.09,86.74,87.33,1564800,2026-03-03T03:47:42Z
UNP,2006-10-02,14.57,14.77,14.51,14.76,7290794,87.16,88.32,86.76,88.25,1219100,2026-03-03T03:47:42Z
UNP,2006-10-03,14.65,14.83,14.43,14.57,13271255,87.63,88.7,86.27,87.16,2219100,2026-03-03T03:47:42Z
UNP,2006-10-04,14.97,14.97,14.5,14.66,11324668,89.54,89.54,86.72,87.69,1893600,2026-03-03T03:47:42Z
UNP,2006-10-05,15.04,15.06,14.8,14.9,9246989,89.93,90.04,88.5,89.12,1546200,2026-03-03T03:47:42Z
UNP,2006-10-06,14.86,14.98,14.8,14.97,7509708,88.86,89.56,88.51,89.5,1255700,2026-03-03T03:47:42Z
UNP,2006-10-09,14.94,15.06,14.74,14.83,7121569,89.33,90.07,88.13,88.66,1190800,2026-03-03T03:47:42Z
UNP,2006-10-10,15.12,15.19,14.99,15.05,7870334,90.4,90.84,89.62,90,1316000,2026-03-03T03:47:42Z
UNP,2006-10-11,15.05,15.08,14.94,15.07,5277759,90,90.16,89.35,90.1,882500,2026-03-03T03:47:42Z
UNP,2006-10-12,15.18,15.2,15.03,15.11,7544367,90.78,90.92,89.88,90.36,1261500,2026-03-03T03:47:42Z
UNP,2006-10-13,15.23,15.3,15.11,15.15,6204167,91.08,91.5,90.35,90.6,1037400,2026-03-03T03:47:42Z
UNP,2006-10-16,15.44,15.44,15.09,15.15,7024686,92.34,92.36,90.25,90.63,1174600,2026-03-03T03:47:42Z
UNP,2006-10-17,15.3,15.43,15.09,15.31,5512823,91.51,92.27,90.22,91.53,921800,2026-03-03T03:47:42Z
UNP,2006-10-18,15.27,15.68,15.14,15.5,13063190,91.3,93.79,90.56,92.7,2184300,2026-03-03T03:47:42Z
UNP,2006-10-19,15.27,15.3,14.94,15.25,11257650,91.35,91.48,89.32,91.2,1882400,2026-03-03T03:47:42Z
UNP,2006-10-20,15.19,15.35,15.07,15.31,9725484,90.83,91.81,90.14,91.53,1626200,2026-03-03T03:47:42Z
UNP,2006-10-23,15.25,15.52,15.16,15.19,10688319,91.2,92.81,90.65,90.83,1787200,2026-03-03T03:47:42Z
UNP,2006-10-24,15.3,15.32,15.12,15.29,8999411,91.5,91.62,90.4,91.46,1504800,2026-03-03T03:47:42Z
UNP,2006-10-25,15.35,15.53,15.28,15.38,11907131,91.78,92.87,91.38,92,1991000,2026-03-03T03:47:42Z
UNP,2006-10-26,15.24,15.4,15.17,15.39,6888332,91.12,92.08,90.71,92.03,1151800,2026-03-03T03:47:42Z
UNP,2006-10-27,15.19,15.28,15.05,15.12,7809888,90.86,91.36,90,90.43,1305900,2026-03-03T03:47:42Z
UNP,2006-10-30,15.2,15.26,15.13,15.23,9838465,90.93,91.24,90.5,91.1,1645100,2026-03-03T03:47:42Z
UNP,2006-10-31,15.15,15.3,15.06,15.2,12609245,90.63,91.52,90.06,90.93,2108400,2026-03-03T03:47:42Z
UNP,2006-11-01,15.18,15.36,15.08,15.26,13238425,90.76,91.83,90.17,91.25,2213600,2026-03-03T03:47:42Z
UNP,2006-11-02,15.19,15.21,15.03,15.12,11401157,90.86,90.94,89.86,90.4,1906400,2026-03-03T03:47:42Z
UNP,2006-11-03,15.08,15.25,14.95,15.19,8728528,90.19,91.19,89.41,90.86,1459500,2026-03-03T03:47:42Z
UNP,2006-11-06,15.25,15.32,15.09,15.14,8207602,91.21,91.63,90.27,90.55,1372400,2026-03-03T03:47:42Z
UNP,2006-11-07,15.23,15.43,15.23,15.27,8637010,91.06,92.29,91.06,91.31,1444200,2026-03-03T03:47:42Z
UNP,2006-11-08,15.33,15.42,15.14,15.23,8833178,91.7,92.2,90.55,91.07,1477000,2026-03-03T03:47:42Z
UNP,2006-11-09,15.16,15.39,15.16,15.35,9685363,90.68,92.04,90.65,91.77,1619500,2026-03-03T03:47:42Z
UNP,2006-11-10,15.24,15.27,15.14,15.22,7118555,91.14,91.33,90.57,91,1190300,2026-03-03T03:47:42Z
UNP,2006-11-13,15.48,15.54,15.22,15.24,7707068,92.55,92.95,91.02,91.14,1288700,2026-03-03T03:47:42Z
UNP,2006-11-14,15.29,15.48,14.99,15.44,20522560,91.47,92.56,89.65,92.36,3431600,2026-03-03T03:47:42Z
UNP,2006-11-15,15.26,15.43,15.2,15.34,12991396,91.24,92.25,90.93,91.72,2172300,2026-03-03T03:47:42Z
UNP,2006-11-16,15.38,15.46,15.21,15.27,8638808,91.99,92.47,90.95,91.3,1444500,2026-03-03T03:47:42Z
UNP,2006-11-17,15.27,15.37,15.21,15.37,10371342,91.35,91.9,90.97,91.89,1734200,2026-03-03T03:47:42Z
UNP,2006-11-20,15.27,15.41,15.27,15.32,7355987,91.35,92.18,91.32,91.6,1230000,2026-03-03T03:47:42Z
UNP,2006-11-21,15.3,15.34,15.23,15.26,5784319,91.49,91.76,91.05,91.25,967200,2026-03-03T03:47:42Z
UNP,2006-11-22,15.49,15.52,15.29,15.33,8364311,92.63,92.79,91.42,91.69,1398600,2026-03-03T03:47:42Z
UNP,2006-11-24,15.29,15.43,15.27,15.37,2562040,91.45,92.3,91.32,91.9,428400,2026-03-03T03:47:42Z
UNP,2006-11-27,15.18,15.36,15.18,15.27,8668696,90.78,91.88,90.76,91.3,1449500,2026-03-03T03:47:42Z
UNP,2006-11-28,15.02,15.22,14.93,15.2,14318818,89.54,90.69,89.01,90.6,2402200,2026-03-03T03:47:42Z
UNP,2006-11-29,15.1,15.14,15.03,15.08,8457654,90.03,90.23,89.58,89.86,1418900,2026-03-03T03:47:42Z
UNP,2006-11-30,15.19,15.44,15.06,15.1,10667889,90.52,92.02,89.74,90,1789700,2026-03-03T03:47:42Z
UNP,2006-12-01,15.18,15.31,15.08,15.19,9143133,90.48,91.23,89.89,90.52,1533900,2026-03-03T03:47:42Z
UNP,2006-12-04,15.45,15.49,15.28,15.28,9029913,92.11,92.35,91.05,91.1,1514900,2026-03-03T03:47:42Z
UNP,2006-12-05,16.1,16.13,15.51,15.52,18807800,95.95,96.16,92.45,92.5,3155300,2026-03-03T03:47:42Z
UNP,2006-12-06,15.71,16.07,15.69,16.06,17041710,93.64,95.8,93.5,95.75,2859000,2026-03-03T03:47:42Z
UNP,2006-12-07,15.63,15.8,15.58,15.73,7970694,93.18,94.15,92.88,93.78,1337200,2026-03-03T03:47:42Z
UNP,2006-12-08,15.57,15.75,15.54,15.59,6189009,92.8,93.86,92.65,92.93,1038300,2026-03-03T03:47:42Z
UNP,2006-12-11,15.75,15.85,15.49,15.56,7748912,93.89,94.5,92.35,92.76,1300000,2026-03-03T03:47:42Z
UNP,2006-12-12,15.57,15.76,15.43,15.72,9285589,92.81,93.96,92,93.7,1557800,2026-03-03T03:47:42Z
UNP,2006-12-13,15.52,15.58,15.44,15.57,10053970,92.51,92.87,92.02,92.82,1686700,2026-03-03T03:47:42Z
UNP,2006-12-14,15.87,15.94,15.52,15.55,11047016,94.62,94.99,92.51,92.7,1853300,2026-03-03T03:47:42Z
UNP,2006-12-15,15.76,15.87,15.63,15.79,13221442,93.93,94.62,93.16,94.09,2218100,2026-03-03T03:47:42Z
UNP,2006-12-18,15.67,15.79,15.61,15.79,4608217,93.4,94.12,93.03,94.1,773100,2026-03-03T03:47:42Z
UNP,2006-12-19,15.54,15.58,15.42,15.52,6968674,92.62,92.85,91.89,92.51,1169100,2026-03-03T03:47:42Z
UNP,2006-12-20,15.33,15.52,15.32,15.49,10659568,91.4,92.5,91.3,92.35,1788300,2026-03-03T03:47:42Z
UNP,2006-12-21,15.3,15.57,15.3,15.33,7835943,91.2,92.8,91.18,91.4,1314600,2026-03-03T03:47:42Z
UNP,2006-12-22,15.2,15.34,15.11,15.33,4788241,90.61,91.41,90.08,91.4,803300,2026-03-03T03:47:42Z
UNP,2006-12-26,15.32,15.32,15.17,15.17,2634036,91.33,91.33,90.45,90.45,441900,2026-03-03T03:47:42Z
UNP,2006-12-27,15.39,15.41,15.32,15.36,5081525,91.75,91.87,91.33,91.56,852500,2026-03-03T03:47:42Z
UNP,2006-12-28,15.43,15.49,15.39,15.39,7046752,92,92.32,91.75,91.75,1182200,2026-03-03T03:47:42Z
UNP,2006-12-29,15.44,15.5,15.38,15.43,5399827,92.02,92.37,91.69,92,905900,2026-03-03T03:47:42Z
UNP,2007-01-03,15.51,15.77,15.4,15.51,8250831,92.48,93.99,91.79,92.47,1384200,2026-03-03T03:47:42Z
UNP,2007-01-04,15.4,15.53,15.35,15.5,8919040,91.8,92.57,91.5,92.38,1496300,2026-03-03T03:47:42Z
UNP,2007-01-05,15.21,15.4,15.2,15.39,9601510,90.66,91.78,90.58,91.72,1610800,2026-03-03T03:47:42Z
UNP,2007-01-08,15.23,15.32,15.12,15.17,7276231,90.8,91.3,90.15,90.42,1220700,2026-03-03T03:47:42Z
UNP,2007-01-09,15.24,15.34,15.17,15.27,10171337,90.85,91.43,90.44,91.02,1706400,2026-03-03T03:47:42Z
UNP,2007-01-10,15.12,15.19,15.03,15.17,12952606,90.13,90.54,89.58,90.4,2173000,2026-03-03T03:47:42Z
UNP,2007-01-11,15.18,15.26,15.14,15.14,12949689,90.5,90.96,90.23,90.23,2172500,2026-03-03T03:47:42Z
UNP,2007-01-12,15.43,15.52,15.18,15.18,12405421,91.96,92.49,90.51,90.51,2081200,2026-03-03T03:47:42Z
UNP,2007-01-16,16.01,16.09,15.38,15.43,22117267,95.43,95.88,91.68,91.96,3710500,2026-03-03T03:47:42Z
UNP,2007-01-17,15.78,15.97,15.74,15.95,9830430,94.04,95.2,93.8,95.07,1649200,2026-03-03T03:47:42Z
UNP,2007-01-18,16.23,16.47,15.64,15.64,31029176,96.72,98.15,93.23,93.23,5205600,2026-03-03T03:47:42Z
UNP,2007-01-19,16.16,16.35,16.08,16.22,15168839,96.33,97.45,95.82,96.7,2544800,2026-03-03T03:47:42Z
UNP,2007-01-22,15.99,16.21,15.9,16.18,9710596,95.31,96.63,94.78,96.46,1629100,2026-03-03T03:47:42Z
UNP,2007-01-23,16.48,16.62,15.76,15.79,28119655,98.22,99.09,93.92,94.1,4717500,2026-03-03T03:47:42Z
UNP,2007-01-24,16.27,16.58,16.14,16.36,15741060,96.96,98.8,96.21,97.5,2640800,2026-03-03T03:47:42Z
UNP,2007-01-25,16.19,16.44,16.14,16.18,16463551,96.49,97.97,96.21,96.44,2762000,2026-03-03T03:47:42Z
UNP,2007-01-26,16.01,16.27,15.94,16.23,12097886,95.43,97.01,95.04,96.74,2029600,2026-03-03T03:47:42Z
UNP,2007-01-29,16.03,16.26,15.87,16.01,17877413,95.56,96.9,94.57,95.43,2999200,2026-03-03T03:47:42Z
UNP,2007-01-30,16.27,16.29,15.97,16.14,12506146,96.98,97.07,95.17,96.18,2098100,2026-03-03T03:47:42Z
UNP,2007-01-31,16.94,16.98,16.3,16.32,21523515,101,101.23,97.14,97.28,3610900,2026-03-03T03:47:42Z
UNP,2007-02-01,17.25,17.35,16.94,16.94,25443256,102.84,103.4,100.98,101,4268500,2026-03-03T03:47:42Z
UNP,2007-02-02,17.18,17.3,17.11,17.26,12479983,102.4,103.1,102,102.85,2093700,2026-03-03T03:47:42Z
UNP,2007-02-05,17.19,17.29,17.07,17.11,9671236,102.44,103.04,101.76,102,1622500,2026-03-03T03:47:42Z
UNP,2007-02-06,16.77,17.02,16.75,16.88,14867852,99.94,101.46,99.86,100.61,2494300,2026-03-03T03:47:42Z
UNP,2007-02-07,16.8,17.14,16.77,16.84,12190240,100.15,102.19,99.93,100.35,2045100,2026-03-03T03:47:42Z
UNP,2007-02-08,16.87,16.97,16.73,16.82,9389922,100.58,101.15,99.71,100.24,1575300,2026-03-03T03:47:42Z
UNP,2007-02-09,16.72,16.98,16.62,16.98,9797039,99.64,101.2,99.07,101.2,1643600,2026-03-03T03:47:42Z
UNP,2007-02-12,16.74,16.81,16.58,16.76,7238712,99.76,100.2,98.8,99.89,1214400,2026-03-03T03:47:42Z
UNP,2007-02-13,17.25,17.28,16.77,16.78,9214089,102.81,103.02,99.99,100.01,1545800,2026-03-03T03:47:42Z
UNP,2007-02-14,17.53,17.55,17.14,17.29,22452193,104.49,104.58,102.14,103.07,3766700,2026-03-03T03:47:42Z
UNP,2007-02-15,17.15,17.46,16.99,17.38,18859707,102.24,104.09,101.25,103.6,3164000,2026-03-03T03:47:42Z
UNP,2007-02-16,17.07,17.24,16.83,17.17,9515710,101.73,102.73,100.34,102.33,1596400,2026-03-03T03:47:42Z
UNP,2007-02-20,17.23,17.27,16.96,17.03,10137374,102.7,102.95,101.1,101.5,1700700,2026-03-03T03:47:42Z
UNP,2007-02-21,17.5,17.54,17.08,17.16,10621385,104.31,104.54,101.81,102.3,1781900,2026-03-03T03:47:42Z
UNP,2007-02-22,17.47,17.76,17.37,17.6,12396517,104.11,105.84,103.52,104.89,2079700,2026-03-03T03:47:42Z
UNP,2007-02-23,17.43,17.5,17.26,17.36,12260621,103.88,104.32,102.87,103.5,2056900,2026-03-03T03:47:42Z
UNP,2007-02-26,17.12,17.5,17.09,17.1,14829561,101.72,103.96,101.51,101.58,2496300,2026-03-03T03:47:42Z
UNP,2007-02-27,16.49,17.24,16.24,17.13,24018538,97.99,102.43,96.5,101.78,4043100,2026-03-03T03:47:42Z
UNP,2007-02-28,16.59,16.8,16.47,16.64,16236928,98.58,99.78,97.86,98.85,2733200,2026-03-03T03:47:42Z
UNP,2007-03-01,16.65,16.75,16.29,16.41,17940683,98.89,99.52,96.74,97.5,3020000,2026-03-03T03:47:42Z
UNP,2007-03-02,16.47,16.71,16.39,16.65,12635695,97.82,99.25,97.37,98.88,2127000,2026-03-03T03:47:42Z
UNP,2007-03-05,16.18,16.36,16.09,16.27,15942293,96.11,97.22,95.6,96.63,2683600,2026-03-03T03:47:42Z
UNP,2007-03-06,16.2,16.39,16.16,16.18,16188862,96.21,97.34,95.97,96.12,2725100,2026-03-03T03:47:42Z
UNP,2007-03-07,16.41,16.48,16.13,16.14,14138700,97.5,97.87,95.8,95.85,2380000,2026-03-03T03:47:42Z
UNP,2007-03-08,16.68,16.81,16.5,16.5,13972927,99.08,99.86,98,98,2352100,2026-03-03T03:47:42Z
UNP,2007-03-09,16.62,16.92,16.58,16.8,9735523,98.74,100.5,98.5,99.8,1638800,2026-03-03T03:47:42Z
UNP,2007-03-12,17.06,17.18,16.6,16.61,17157691,101.36,102.04,98.6,98.69,2888200,2026-03-03T03:47:42Z
UNP,2007-03-13,16.51,16.93,16.48,16.9,12590544,98.06,100.57,97.89,100.4,2119400,2026-03-03T03:47:42Z
UNP,2007-03-14,16.42,16.65,16.08,16.55,18804450,97.57,98.89,95.51,98.31,3165400,2026-03-03T03:47:42Z
UNP,2007-03-15,16.61,16.77,16.4,16.42,10253545,98.68,99.6,97.43,97.57,1726000,2026-03-03T03:47:42Z
UNP,2007-03-16,16.82,16.89,16.37,16.65,18723099,99.95,100.35,97.23,98.93,3151700,2026-03-03T03:47:42Z
UNP,2007-03-19,16.77,16.9,16.64,16.76,15654138,99.61,100.39,98.87,99.59,2635100,2026-03-03T03:47:42Z
UNP,2007-03-20,16.91,16.98,16.71,16.77,18780703,100.44,100.89,99.29,99.61,3161400,2026-03-03T03:47:42Z
UNP,2007-03-21,17.05,17.08,16.79,16.87,14385799,101.3,101.47,99.75,100.2,2421600,2026-03-03T03:47:42Z
UNP,2007-03-22,16.9,17.05,16.78,17.04,10595123,100.37,101.29,99.7,101.25,1783500,2026-03-03T03:47:42Z
UNP,2007-03-23,17.54,17.62,16.87,16.93,23716813,104.2,104.66,100.2,100.55,3992300,2026-03-03T03:47:42Z
UNP,2007-03-26,17.28,17.79,17.2,17.69,14137548,102.63,105.7,102.19,105.08,2379800,2026-03-03T03:47:42Z
UNP,2007-03-27,16.99,17.27,16.96,17.25,9942810,100.94,102.6,100.75,102.5,1673700,2026-03-03T03:47:42Z
UNP,2007-03-28,16.84,17.01,16.73,16.86,9101619,100.04,101.05,99.38,100.19,1532100,2026-03-03T03:47:42Z
UNP,2007-03-29,17.05,17.2,16.83,17.05,13467380,101.3,102.17,99.98,101.31,2267000,2026-03-03T03:47:42Z
UNP,2007-03-30,17.09,17.43,17,17.04,20607507,101.55,103.53,101,101.25,3468900,2026-03-03T03:47:42Z
UNP,2007-04-02,17.16,17.19,16.9,17.07,8710174,101.97,102.11,100.41,101.41,1466200,2026-03-03T03:47:42Z
UNP,2007-04-03,17.36,17.41,17.19,17.24,8215920,103.1,103.43,102.11,102.41,1383000,2026-03-03T03:47:42Z
UNP,2007-04-04,17.34,17.49,17.32,17.42,7011129,103.02,103.89,102.86,103.49,1180200,2026-03-03T03:47:42Z
UNP,2007-04-05,17.37,17.41,17.01,17.01,10926003,103.2,103.4,101.05,101.05,1839200,2026-03-03T03:47:42Z
UNP,2007-04-09,18.04,18.73,17.92,17.94,34436656,107.15,111.24,106.48,106.59,5796800,2026-03-03T03:47:42Z
UNP,2007-04-10,18.1,18.2,17.89,18,14172566,107.51,108.15,106.25,106.9,2385700,2026-03-03T03:47:42Z
UNP,2007-04-11,17.91,18.18,17.84,18.1,8342445,106.41,108,105.98,107.55,1404300,2026-03-03T03:47:42Z
UNP,2007-04-12,18.69,18.87,17.78,17.89,21975047,111.02,112.1,105.62,106.3,3699100,2026-03-03T03:47:42Z
UNP,2007-04-13,18.48,18.72,18.29,18.69,9426008,109.78,111.18,108.65,111.02,1586700,2026-03-03T03:47:42Z
UNP,2007-04-16,18.76,18.81,18.55,18.68,8686969,111.43,111.75,110.18,111,1462300,2026-03-03T03:47:42Z
UNP,2007-04-17,18.59,18.75,18.51,18.75,7822022,110.46,111.41,109.94,111.41,1316700,2026-03-03T03:47:42Z
UNP,2007-04-18,19.15,19.4,18.61,18.61,23129310,113.78,115.25,110.55,110.55,3893400,2026-03-03T03:47:42Z
UNP,2007-04-19,19.61,20.07,19.07,19.28,38416799,116.47,119.22,113.27,114.51,6466800,2026-03-03T03:47:42Z
UNP,2007-04-20,19.73,19.86,19.61,19.76,16409234,117.21,118.01,116.47,117.39,2762200,2026-03-03T03:47:42Z
UNP,2007-04-23,19.63,19.84,19.61,19.68,9861469,116.6,117.84,116.5,116.92,1660000,2026-03-03T03:47:42Z
UNP,2007-04-24,19.52,19.66,19.41,19.58,12561494,115.94,116.79,115.33,116.32,2114500,2026-03-03T03:47:42Z
UNP,2007-04-25,19.59,19.68,19.31,19.52,16762718,116.36,116.89,114.69,115.99,2821700,2026-03-03T03:47:42Z
UNP,2007-04-26,19.32,19.61,19.27,19.61,9977881,114.77,116.49,114.48,116.47,1679600,2026-03-03T03:47:42Z
UNP,2007-04-27,19.5,19.62,19.15,19.25,13249397,115.84,116.56,113.74,114.35,2230300,2026-03-03T03:47:42Z
UNP,2007-04-30,19.23,19.59,19.23,19.49,12878669,114.25,116.4,114.25,115.75,2167900,2026-03-03T03:47:42Z
UNP,2007-05-01,18.89,19.48,18.86,19.28,23991301,112.22,115.73,112.03,114.55,4038500,2026-03-03T03:47:42Z
UNP,2007-05-02,19.09,19.18,18.91,19.18,15349441,113.42,113.93,112.36,113.93,2583800,2026-03-03T03:47:42Z
UNP,2007-05-03,19.62,19.83,19.33,19.33,16473986,116.55,117.78,114.8,114.8,2773100,2026-03-03T03:47:42Z
UNP,2007-05-04,19.63,19.68,19.41,19.61,14083437,116.64,116.88,115.29,116.5,2370700,2026-03-03T03:47:42Z
UNP,2007-05-07,19.6,19.74,19.52,19.68,10753737,116.44,117.29,115.96,116.9,1810200,2026-03-03T03:47:42Z
UNP,2007-05-08,19.79,19.95,19.6,19.77,20755946,117.54,118.49,116.42,117.46,3493900,2026-03-03T03:47:42Z
UNP,2007-05-09,19.79,19.91,19.61,19.79,14824232,117.54,118.25,116.51,117.57,2495400,2026-03-03T03:47:42Z
UNP,2007-05-10,19.53,19.75,19.41,19.64,13782272,116.02,117.32,115.3,116.65,2320000,2026-03-03T03:47:42Z
UNP,2007-05-11,19.68,19.73,19.61,19.64,14241507,116.9,117.23,116.51,116.7,2397300,2026-03-03T03:47:42Z
UNP,2007-05-14,19.76,19.94,19.62,19.94,9376689,117.41,118.45,116.54,118.45,1578400,2026-03-03T03:47:42Z
UNP,2007-05-15,19.91,20.05,19.75,19.76,18190829,118.29,119.09,117.35,117.4,3062100,2026-03-03T03:47:42Z
UNP,2007-05-16,20.1,20.17,19.86,20.03,15077314,119.39,119.8,117.99,118.99,2538000,2026-03-03T03:47:42Z
UNP,2007-05-17,20.34,20.38,19.99,20.03,17157155,120.81,121.08,118.78,119,2888100,2026-03-03T03:47:42Z
UNP,2007-05-18,20.17,20.33,20.06,20.33,12895342,119.85,120.79,119.19,120.79,2170700,2026-03-03T03:47:42Z
UNP,2007-05-21,20.05,20.26,20,20.1,14388215,119.08,120.34,118.8,119.43,2422000,2026-03-03T03:47:42Z
UNP,2007-05-22,19.96,20.28,19.8,20.28,9302422,118.56,120.5,117.64,120.5,1565900,2026-03-03T03:47:42Z
UNP,2007-05-23,20.01,20.12,19.92,20.05,10244029,118.9,119.5,118.33,119.12,1724400,2026-03-03T03:47:42Z
UNP,2007-05-24,19.74,20.13,19.66,20.02,10647417,117.26,119.6,116.79,118.91,1792300,2026-03-03T03:47:42Z
UNP,2007-05-25,19.92,20.15,19.88,19.93,7873910,117.96,119.34,117.75,118.06,1329400,2026-03-03T03:47:42Z
UNP,2007-05-29,20.03,20.15,19.9,19.95,8191965,118.66,119.37,117.85,118.16,1383100,2026-03-03T03:47:42Z
UNP,2007-05-30,20.06,20.08,19.89,19.89,6169890,118.82,118.95,117.78,117.78,1041700,2026-03-03T03:47:42Z
UNP,2007-05-31,20.38,20.45,20.09,20.1,10556413,120.68,121.14,119,119.05,1782300,2026-03-03T03:47:42Z
UNP,2007-06-01,20.6,20.73,20.46,20.6,10988154,122.03,122.79,121.2,121.99,1855200,2026-03-03T03:47:42Z
UNP,2007-06-04,20.59,20.62,20.45,20.55,8164717,121.93,122.13,121.13,121.74,1378500,2026-03-03T03:47:42Z
UNP,2007-06-05,20.43,20.6,20.28,20.45,8552077,120.98,122,120.11,121.11,1443900,2026-03-03T03:47:42Z
UNP,2007-06-06,19.95,20.42,19.95,20.42,11551424,118.16,120.92,118.16,120.92,1950300,2026-03-03T03:47:42Z
UNP,2007-06-07,19.39,19.95,19.39,19.87,18170841,114.82,118.16,114.82,117.7,3067900,2026-03-03T03:47:42Z
UNP,2007-06-08,19.69,19.77,19.37,19.39,12424494,116.65,117.09,114.71,114.82,2097700,2026-03-03T03:47:42Z
UNP,2007-06-11,19.53,19.71,19.53,19.65,8949494,115.67,116.75,115.66,116.4,1511000,2026-03-03T03:47:42Z
UNP,2007-06-12,19.13,19.52,19.13,19.48,14685853,113.31,115.64,113.31,115.4,2479500,2026-03-03T03:47:42Z
UNP,2007-06-13,19.71,19.71,19.03,19.03,15289412,116.73,116.73,112.69,112.69,2581400,2026-03-03T03:47:42Z
UNP,2007-06-14,19.95,20.08,19.73,19.78,14267647,118.18,118.9,116.88,117.14,2408900,2026-03-03T03:47:42Z
UNP,2007-06-15,20.3,20.55,20.04,20.04,19819843,120.26,121.74,118.7,118.7,3346300,2026-03-03T03:47:42Z
UNP,2007-06-18,20.17,20.3,20.09,20.3,5900996,119.49,120.26,119.01,120.26,996300,2026-03-03T03:47:42Z
UNP,2007-06-19,20.18,20.22,20.03,20.14,11668707,119.52,119.76,118.61,119.3,1970100,2026-03-03T03:47:42Z
UNP,2007-06-20,19.81,20.22,19.78,20.13,9778695,117.31,119.75,117.15,119.2,1651000,2026-03-03T03:47:42Z
UNP,2007-06-21,19.92,19.94,19.65,19.79,10858437,118,118.08,116.36,117.2,1833300,2026-03-03T03:47:42Z
UNP,2007-06-22,19.6,19.93,19.39,19.92,14367175,116.09,118.03,114.82,118,2425700,2026-03-03T03:47:42Z
UNP,2007-06-25,19.37,19.7,19.31,19.68,10586598,114.7,116.67,114.36,116.56,1787400,2026-03-03T03:47:42Z
UNP,2007-06-26,19.16,19.51,19.12,19.49,11540198,113.48,115.53,113.25,115.43,1948400,2026-03-03T03:47:42Z
UNP,2007-06-27,19.37,19.43,18.92,19.05,13562265,114.7,115.11,112.08,112.82,2289800,2026-03-03T03:47:42Z
UNP,2007-06-28,19.43,19.58,19.32,19.33,9032444,115.1,115.99,114.4,114.5,1525000,2026-03-03T03:47:42Z
UNP,2007-06-29,19.44,19.72,19.31,19.54,8935282,115.15,116.79,114.38,115.72,1508600,2026-03-03T03:47:42Z
UNP,2007-07-02,19.63,19.74,19.54,19.56,8482786,116.24,116.91,115.71,115.85,1432200,2026-03-03T03:47:42Z
UNP,2007-07-03,19.71,19.75,19.58,19.63,4568937,116.73,116.95,115.99,116.28,771400,2026-03-03T03:47:42Z
UNP,2007-07-05,19.59,19.73,19.47,19.67,7480623,116,116.83,115.31,116.52,1263000,2026-03-03T03:47:42Z
UNP,2007-07-06,19.72,19.83,19.44,19.6,9187036,116.81,117.43,115.15,116.1,1551100,2026-03-03T03:47:42Z
UNP,2007-07-09,19.73,19.92,19.72,19.76,7659494,116.86,117.98,116.77,117.05,1293200,2026-03-03T03:47:42Z
UNP,2007-07-10,19.43,19.66,19.39,19.66,12901841,115.07,116.46,114.84,116.46,2178300,2026-03-03T03:47:42Z
UNP,2007-07-11,19.88,19.9,19.37,19.38,14362413,117.75,117.84,114.71,114.77,2424900,2026-03-03T03:47:42Z
UNP,2007-07-12,20.21,20.22,19.88,20.09,13433110,119.73,119.74,117.75,119,2268000,2026-03-03T03:47:42Z
UNP,2007-07-13,20.4,20.46,20.02,20.23,8275482,120.8,121.2,118.59,119.79,1397200,2026-03-03T03:47:42Z
UNP,2007-07-16,20.63,20.8,19.78,20.23,12350436,122.18,123.19,117.17,119.82,2085200,2026-03-03T03:47:42Z
UNP,2007-07-17,20.92,21.1,20.57,20.92,17091126,123.9,124.99,121.81,123.89,2885600,2026-03-03T03:47:42Z
UNP,2007-07-18,21.26,21.84,21.2,21.27,34292947,125.91,129.36,125.59,126,5789900,2026-03-03T03:47:42Z
UNP,2007-07-19,21.23,21.46,21.03,21.43,24055816,125.74,127.11,124.56,126.91,4061500,2026-03-03T03:47:42Z
UNP,2007-07-20,21.25,21.33,20.89,21.02,16158866,125.87,126.34,123.71,124.5,2728200,2026-03-03T03:47:42Z
UNP,2007-07-23,21.5,21.61,21.11,21.11,10725200,127.32,127.99,125,125,1810800,2026-03-03T03:47:42Z
UNP,2007-07-24,21.1,21.55,20.76,20.76,21562353,124.99,127.63,122.94,122.94,3640500,2026-03-03T03:47:42Z
UNP,2007-07-25,20.73,21.58,20.44,21.27,22196632,122.81,127.79,121.06,126,3747600,2026-03-03T03:47:42Z
UNP,2007-07-26,20.28,20.42,19.97,20.31,26927911,120.1,120.96,118.25,120.31,4546400,2026-03-03T03:47:42Z
UNP,2007-07-27,20.11,20.56,19.82,19.99,24408235,119.12,121.75,117.41,118.41,4121000,2026-03-03T03:47:42Z
UNP,2007-07-30,20.38,20.54,19.99,20.05,14017155,120.7,121.66,118.39,118.75,2366600,2026-03-03T03:47:42Z
UNP,2007-07-31,20.12,20.62,20.11,20.55,14462570,119.14,122.13,119.14,121.7,2441800,2026-03-03T03:47:42Z
UNP,2007-08-01,20.15,20.26,19.84,19.92,17602870,119.34,120,117.49,118,2972000,2026-03-03T03:47:42Z
UNP,2007-08-02,20.26,20.38,19.99,20.18,17094129,119.99,120.7,118.38,119.5,2886100,2026-03-03T03:47:42Z
UNP,2007-08-03,19.29,20.29,19.29,20.26,20790604,114.25,120.19,114.25,119.97,3510200,2026-03-03T03:47:42Z
UNP,2007-08-06,19.36,19.57,19.17,19.47,25845793,114.69,115.9,113.52,115.3,4363700,2026-03-03T03:47:42Z
UNP,2007-08-07,19.73,19.95,19.08,19.3,19666387,116.87,118.14,113.01,114.3,3320400,2026-03-03T03:47:42Z
UNP,2007-08-08,20.1,20.3,19.89,19.93,23506257,119.06,120.25,117.79,118.02,3968700,2026-03-03T03:47:42Z
UNP,2007-08-09,19.53,20.21,19.53,19.94,18470018,115.7,119.68,115.7,118.08,3118400,2026-03-03T03:47:42Z
UNP,2007-08-10,19.69,19.82,19.08,19.5,24362127,116.65,117.37,113.01,115.5,4113200,2026-03-03T03:47:42Z
UNP,2007-08-13,19.92,20.22,19.8,19.81,12278174,117.97,119.75,117.27,117.3,2073000,2026-03-03T03:47:42Z
UNP,2007-08-14,19.1,19.98,19.08,19.89,20314393,113.14,118.35,113.01,117.79,3429800,2026-03-03T03:47:42Z
UNP,2007-08-15,18.18,19.06,17.98,18.81,26509743,107.65,112.89,106.48,111.42,4475800,2026-03-03T03:47:42Z
UNP,2007-08-16,17.73,18.11,16.78,17.98,48335605,105,107.27,99.38,106.51,8160800,2026-03-03T03:47:42Z
UNP,2007-08-17,17.88,18.42,17.39,18.32,23610483,105.93,109.12,103.01,108.52,3986300,2026-03-03T03:47:42Z
UNP,2007-08-20,18.86,18.98,17.85,17.85,25849273,111.73,112.43,105.75,105.75,4364300,2026-03-03T03:47:42Z
UNP,2007-08-21,18.51,18.95,18.46,18.91,12424484,109.62,112.22,109.34,112,2097700,2026-03-03T03:47:42Z
UNP,2007-08-22,19.06,19.11,18.75,18.82,16260767,112.87,113.17,111.06,111.45,2745400,2026-03-03T03:47:42Z
UNP,2007-08-23,18.51,19.25,18.45,19.13,14736157,109.66,114.01,109.27,113.28,2488000,2026-03-03T03:47:42Z
UNP,2007-08-24,18.75,18.81,18.41,18.74,10304682,111.07,111.43,109.06,110.97,1739800,2026-03-03T03:47:42Z
UNP,2007-08-27,18.49,18.81,18.47,18.72,8091297,109.51,111.41,109.37,110.9,1366100,2026-03-03T03:47:42Z
UNP,2007-08-28,18.09,18.55,18.07,18.52,11105373,106.82,109.5,106.67,109.35,1881000,2026-03-03T03:47:42Z
UNP,2007-08-29,18.62,18.65,18.21,18.21,11069338,109.93,110.12,107.5,107.53,1874900,2026-03-03T03:47:42Z
UNP,2007-08-30,18.27,18.68,18.12,18.35,15099963,107.86,110.28,106.99,108.32,2557600,2026-03-03T03:47:42Z
UNP,2007-08-31,18.9,19,18.4,18.51,17766277,111.57,112.16,108.65,109.28,3009200,2026-03-03T03:47:42Z
UNP,2007-09-04,19.06,19.21,18.74,18.78,7883589,112.55,113.39,110.63,110.9,1335300,2026-03-03T03:47:42Z
UNP,2007-09-05,18.48,18.93,18.36,18.89,17182297,109.13,111.77,108.41,111.52,2910300,2026-03-03T03:47:42Z
UNP,2007-09-06,18.51,18.61,18.25,18.52,10173119,109.28,109.88,107.77,109.33,1723100,2026-03-03T03:47:42Z
UNP,2007-09-07,18.31,18.77,18.13,18.27,15949582,108.11,110.83,107.05,107.85,2701500,2026-03-03T03:47:42Z
UNP,2007-09-10,17.94,18.57,17.8,18.46,12784435,105.92,109.65,105.06,109,2165400,2026-03-03T03:47:42Z
UNP,2007-09-11,18.37,18.47,18,18.04,8187025,108.48,109.03,106.25,106.53,1386700,2026-03-03T03:47:42Z
UNP,2007-09-12,18.41,18.57,18.1,18.25,8649338,108.69,109.61,106.86,107.77,1465000,2026-03-03T03:47:42Z
UNP,2007-09-13,19.09,19.2,18.44,18.61,15559291,112.68,113.37,108.85,109.9,2635400,2026-03-03T03:47:42Z
UNP,2007-09-14,18.94,19.2,18.82,18.97,9026576,111.83,113.34,111.12,112,1528900,2026-03-03T03:47:42Z
UNP,2007-09-17,18.8,19.01,18.73,18.9,6590014,111,112.21,110.59,111.61,1116200,2026-03-03T03:47:42Z
UNP,2007-09-18,19.69,19.71,18.74,18.93,15490865,116.26,116.35,110.62,111.77,2623800,2026-03-03T03:47:42Z
UNP,2007-09-19,19.45,19.87,19.29,19.87,12911998,114.83,117.31,113.9,117.31,2187000,2026-03-03T03:47:42Z
UNP,2007-09-20,18.98,19.43,18.91,19.4,13949345,112.06,114.72,111.64,114.55,2362700,2026-03-03T03:47:42Z
UNP,2007-09-21,19.12,19.25,18.98,19.14,14729849,112.87,113.65,112.06,113,2494900,2026-03-03T03:47:42Z
UNP,2007-09-24,18.87,19.26,18.74,19.21,8758523,111.39,113.7,110.65,113.43,1483500,2026-03-03T03:47:42Z
UNP,2007-09-25,18.78,18.91,18.63,18.66,22481101,110.9,111.62,110,110.15,3807800,2026-03-03T03:47:42Z
UNP,2007-09-26,19.03,19.17,18.85,18.94,25281930,112.36,113.18,111.31,111.8,4282200,2026-03-03T03:47:42Z
UNP,2007-09-27,19.27,19.36,18.99,19.14,15129497,113.78,114.3,112.09,113.02,2562600,2026-03-03T03:47:42Z
UNP,2007-09-28,19.15,19.42,19.01,19.29,6225154,113.06,114.67,112.23,113.91,1054400,2026-03-03T03:47:42Z
UNP,2007-10-01,19.36,19.47,18.93,19.31,11231146,114.32,114.95,111.78,114.03,1902300,2026-03-03T03:47:42Z
UNP,2007-10-02,19.2,19.46,19.02,19.43,6423539,113.33,114.87,112.29,114.74,1088000,2026-03-03T03:47:42Z
UNP,2007-10-03,18.8,19.14,18.72,19.06,9570923,111.02,113,110.54,112.5,1621100,2026-03-03T03:47:42Z
UNP,2007-10-04,19.03,19.1,18.64,18.92,10765276,112.36,112.74,110.07,111.71,1823400,2026-03-03T03:47:42Z
UNP,2007-10-05,19.88,19.99,19.14,19.14,20242408,117.35,117.99,113,113,3428600,2026-03-03T03:47:42Z
UNP,2007-10-08,19.88,19.99,19.58,19.81,7451419,117.36,118.03,115.61,116.93,1262100,2026-03-03T03:47:42Z
UNP,2007-10-09,20.01,20.13,19.67,19.86,10055623,118.14,118.85,116.13,117.25,1703200,2026-03-03T03:47:42Z
UNP,2007-10-10,19.93,20.09,19.76,19.97,6304274,117.68,118.59,116.63,117.92,1067800,2026-03-03T03:47:42Z
UNP,2007-10-11,20.05,20.23,19.65,20.02,12759661,118.4,119.46,116,118.18,2161200,2026-03-03T03:47:42Z
UNP,2007-10-12,20.24,20.29,19.93,20.03,13460464,119.52,119.79,117.69,118.24,2279900,2026-03-03T03:47:42Z
UNP,2007-10-15,20.01,20.3,19.75,20.19,11358678,118.16,119.82,116.62,119.2,1923900,2026-03-03T03:47:42Z
UNP,2007-10-16,19.68,19.9,19.46,19.89,12231244,116.18,117.5,114.88,117.42,2071700,2026-03-03T03:47:42Z
UNP,2007-10-17,20.15,20.29,19.85,20.09,26593307,118.98,119.8,117.21,118.58,4504300,2026-03-03T03:47:42Z
UNP,2007-10-18,21.33,21.54,20.14,20.3,34826951,125.93,127.17,118.9,119.85,5898900,2026-03-03T03:47:42Z
UNP,2007-10-19,20.77,21.35,20.74,21.34,21176925,122.62,126.07,122.43,125.96,3586900,2026-03-03T03:47:42Z
UNP,2007-10-22,21.21,21.41,20.16,20.41,16523471,125.25,126.38,119.05,120.5,2798700,2026-03-03T03:47:42Z
UNP,2007-10-23,22.01,22.02,21.51,21.51,21851780,129.96,130,126.99,126.99,3701200,2026-03-03T03:47:42Z
UNP,2007-10-24,21.85,21.91,21.28,21.85,14716817,129.03,129.38,125.65,128.97,2492700,2026-03-03T03:47:42Z
UNP,2007-10-25,21.56,21.92,21.22,21.91,18883827,127.28,129.4,125.25,129.35,3198500,2026-03-03T03:47:42Z
UNP,2007-10-26,21.66,21.79,21.39,21.77,7557077,127.9,128.66,126.29,128.53,1280000,2026-03-03T03:47:42Z
UNP,2007-10-29,21.59,21.86,21.56,21.78,15534562,127.48,129.06,127.27,128.57,2631200,2026-03-03T03:47:42Z
UNP,2007-10-30,21.38,21.74,21.34,21.63,9273974,126.21,128.35,126.01,127.7,1570800,2026-03-03T03:47:42Z
UNP,2007-10-31,21.69,21.77,21.43,21.46,12788590,128.04,128.5,126.51,126.68,2166100,2026-03-03T03:47:42Z
UNP,2007-11-01,21.13,21.66,21.07,21.5,11393507,124.75,127.88,124.42,126.95,1929800,2026-03-03T03:47:42Z
UNP,2007-11-02,21.34,21.41,20.87,21.18,12245998,126,126.41,123.2,125.05,2074200,2026-03-03T03:47:42Z
UNP,2007-11-05,21.28,21.47,21.1,21.17,15640808,125.61,126.75,124.6,125,2649200,2026-03-03T03:47:42Z
UNP,2007-11-06,21.49,21.52,21.31,21.38,14229769,126.87,127.07,125.84,126.2,2410200,2026-03-03T03:47:42Z
UNP,2007-11-07,21.1,21.38,20.89,21.17,14695546,124.57,126.24,123.33,125,2489100,2026-03-03T03:47:42Z
UNP,2007-11-08,21.42,21.47,20.88,21.12,18205459,126.48,126.75,123.29,124.68,3083600,2026-03-03T03:47:42Z
UNP,2007-11-09,21.11,21.41,21.03,21.17,14409238,124.65,126.38,124.13,125,2440600,2026-03-03T03:47:42Z
UNP,2007-11-12,20.94,21.46,20.9,21.15,12616172,123.6,126.72,123.38,124.86,2136900,2026-03-03T03:47:42Z
UNP,2007-11-13,21.25,21.34,20.97,21.07,16287869,125.48,126,123.83,124.39,2758800,2026-03-03T03:47:42Z
UNP,2007-11-14,21.07,21.58,20.98,21.43,13129240,124.37,127.39,123.86,126.49,2223800,2026-03-03T03:47:42Z
UNP,2007-11-15,21.08,21.49,20.73,20.94,14676713,124.43,126.9,122.39,123.63,2485900,2026-03-03T03:47:42Z
UNP,2007-11-16,21.42,21.43,21.06,21.17,14530243,126.48,126.5,124.35,125,2461100,2026-03-03T03:47:42Z
UNP,2007-11-19,21.12,21.36,21.02,21.33,17532412,124.7,126.08,124.08,125.92,2969600,2026-03-03T03:47:42Z
UNP,2007-11-20,21.42,21.66,21.09,21.2,13870781,126.45,127.85,124.49,125.15,2349400,2026-03-03T03:47:42Z
UNP,2007-11-21,20.82,21.25,20.67,21.24,14140596,122.91,125.45,122.06,125.4,2395100,2026-03-03T03:47:42Z
UNP,2007-11-23,21.12,21.26,20.92,20.92,5721535,124.68,125.49,123.48,123.48,969100,2026-03-03T03:47:42Z
UNP,2007-11-26,20.56,21.34,20.56,21.16,10569857,121.36,125.96,121.36,124.94,1790300,2026-03-03T03:47:42Z
UNP,2007-11-27,21.15,21.24,20.57,20.7,12584005,124.41,124.93,121,121.75,2139200,2026-03-03T03:47:42Z
UNP,2007-11-28,21.57,21.66,21.25,21.27,16613558,126.89,127.4,125,125.1,2824200,2026-03-03T03:47:42Z
UNP,2007-11-29,21.33,21.56,21.14,21.46,9568594,125.48,126.84,124.34,126.23,1626600,2026-03-03T03:47:42Z
UNP,2007-11-30,21.44,21.91,21.33,21.54,13788161,126.14,128.89,125.46,126.73,2343900,2026-03-03T03:47:42Z
UNP,2007-12-03,21.47,21.58,21.14,21.42,10749811,126.31,126.94,124.35,126,1827400,2026-03-03T03:47:42Z
UNP,2007-12-04,21.55,21.77,21.29,21.39,9170340,126.74,128.05,125.25,125.81,1558900,2026-03-03T03:47:42Z
UNP,2007-12-05,21.98,22.02,21.76,21.79,13294602,129.3,129.56,128.01,128.17,2260000,2026-03-03T03:47:42Z
UNP,2007-12-06,22.8,22.93,21.92,21.95,19531271,134.15,134.88,128.96,129.1,3320200,2026-03-03T03:47:42Z
UNP,2007-12-07,22.92,23.25,22.78,22.89,12013947,134.84,136.74,134.01,134.67,2042300,2026-03-03T03:47:42Z
UNP,2007-12-10,22.99,23.07,22.76,23.03,6773176,135.26,135.72,133.87,135.49,1151400,2026-03-03T03:47:42Z
UNP,2007-12-11,22.21,23.1,22.13,23,14236394,130.64,135.9,130.15,135.27,2420100,2026-03-03T03:47:42Z
UNP,2007-12-12,22.54,23.38,22.15,22.75,17745924,132.57,137.56,130.28,133.84,3016700,2026-03-03T03:47:42Z
UNP,2007-12-13,22.75,22.78,22.19,22.47,8592655,133.8,134,130.54,132.18,1460700,2026-03-03T03:47:42Z
UNP,2007-12-14,22.19,22.92,22.15,22.92,10132717,130.56,134.8,130.3,134.8,1722500,2026-03-03T03:47:42Z
UNP,2007-12-17,21.92,22.24,21.89,22.14,11078640,128.96,130.84,128.77,130.25,1883300,2026-03-03T03:47:42Z
UNP,2007-12-18,22,22.12,21.68,22.12,10336845,129.43,130.14,127.53,130.14,1757200,2026-03-03T03:47:42Z
UNP,2007-12-19,21.18,21.52,20.63,20.82,43528116,124.61,126.6,121.36,122.49,7399500,2026-03-03T03:47:42Z
UNP,2007-12-20,20.96,21.38,20.72,21.38,19040139,123.3,125.77,121.9,125.77,3236700,2026-03-03T03:47:42Z
UNP,2007-12-21,21.42,21.51,21.02,21.03,20672537,126.02,126.54,123.65,123.73,3514200,2026-03-03T03:47:42Z
UNP,2007-12-24,21.84,21.9,21.37,21.37,4639581,128.47,128.84,125.69,125.69,788700,2026-03-03T03:47:42Z
UNP,2007-12-26,21.76,21.84,21.63,21.73,5816094,128,128.46,127.25,127.83,988700,2026-03-03T03:47:42Z
UNP,2007-12-27,21.64,21.9,21.61,21.67,8102652,127.3,128.85,127.1,127.5,1377400,2026-03-03T03:47:42Z
UNP,2007-12-28,21.71,21.8,21.5,21.64,7309680,127.73,128.25,126.5,127.29,1242600,2026-03-03T03:47:42Z
UNP,2007-12-31,21.35,21.66,21.33,21.59,7003791,125.62,127.39,125.5,127,1190600,2026-03-03T03:47:42Z
UNP,2008-01-02,21.12,21.63,21.02,21.38,15105276,124.24,127.25,123.62,125.78,2567800,2026-03-03T03:47:42Z
UNP,2008-01-03,21.06,21.37,20.95,21.23,9393885,123.86,125.73,123.25,124.89,1596900,2026-03-03T03:47:42Z
UNP,2008-01-04,20.41,20.9,20.34,20.9,16342326,120.04,122.92,119.66,122.92,2778100,2026-03-03T03:47:42Z
UNP,2008-01-07,20.23,20.72,19.96,20.55,20176580,118.99,121.89,117.39,120.9,3429900,2026-03-03T03:47:42Z
UNP,2008-01-08,19.59,20.4,19.53,20.26,16932369,115.26,120,114.86,119.16,2878400,2026-03-03T03:47:42Z
UNP,2008-01-09,19.47,19.76,19.03,19.59,24382054,114.52,116.25,111.96,115.26,4144800,2026-03-03T03:47:42Z
UNP,2008-01-10,19.86,20.14,18.89,19.28,16891182,116.85,118.48,111.1,113.44,2871400,2026-03-03T03:47:42Z
UNP,2008-01-11,19.4,19.95,19.24,19.64,13399894,114.11,117.33,113.17,115.55,2277900,2026-03-03T03:47:42Z
UNP,2008-01-14,19.59,19.78,19.5,19.59,13154587,115.24,116.34,114.68,115.25,2236200,2026-03-03T03:47:42Z
UNP,2008-01-15,19.09,19.41,19,19.31,15303502,112.29,114.15,111.76,113.6,2601500,2026-03-03T03:47:42Z
UNP,2008-01-16,19.19,19.47,18.92,19.03,15674100,112.9,114.52,111.27,111.92,2664500,2026-03-03T03:47:42Z
UNP,2008-01-17,18.54,19.49,18.43,19.29,20550775,109.04,114.65,108.39,113.46,3493500,2026-03-03T03:47:42Z
UNP,2008-01-18,18.78,19.01,18.3,18.7,19628965,110.45,111.81,107.62,110,3336800,2026-03-03T03:47:42Z
UNP,2008-01-22,18.76,18.98,17.9,17.9,25016229,110.37,111.65,105.32,105.32,4252600,2026-03-03T03:47:42Z
UNP,2008-01-23,19.89,19.94,18.48,18.83,32503494,117.01,117.3,108.73,110.74,5525400,2026-03-03T03:47:42Z
UNP,2008-01-24,20.56,21.24,20.11,20.11,25510280,120.96,124.93,118.28,118.32,4336600,2026-03-03T03:47:42Z
UNP,2008-01-25,20.37,21.02,20.2,20.75,25736766,119.81,123.63,118.85,122.07,4375100,2026-03-03T03:47:42Z
UNP,2008-01-28,20.61,20.65,20.23,20.44,23041370,121.22,121.47,118.99,120.22,3916900,2026-03-03T03:47:42Z
UNP,2008-01-29,20.65,20.78,20.52,20.78,21099640,121.45,122.21,120.71,122.21,3586800,2026-03-03T03:47:42Z
UNP,2008-01-30,20.56,20.88,20.35,20.52,26400898,120.96,122.8,119.71,120.69,4488000,2026-03-03T03:47:42Z
UNP,2008-01-31,21.21,21.5,19.55,19.55,27335736,124.76,126.49,115,115,4646900,2026-03-03T03:47:42Z
UNP,2008-02-01,21.75,21.82,20.99,21.15,56212062,127.97,128.33,123.5,124.4,9555700,2026-03-03T03:47:42Z
UNP,2008-02-04,21.37,21.87,21.27,21.67,17847726,125.7,128.62,125.14,127.45,3034000,2026-03-03T03:47:42Z
UNP,2008-02-05,20.85,21.23,20.66,20.79,13576991,122.63,124.9,121.55,122.27,2308000,2026-03-03T03:47:42Z
UNP,2008-02-06,20.93,21.29,20.79,21.03,10550989,123.14,125.22,122.28,123.71,1793600,2026-03-03T03:47:42Z
UNP,2008-02-07,21.13,21.28,20.82,20.91,13412272,124.27,125.18,122.46,122.98,2280000,2026-03-03T03:47:42Z
UNP,2008-02-08,21.31,21.57,20.93,21.01,15104096,125.35,126.91,123.1,123.6,2567600,2026-03-03T03:47:42Z
UNP,2008-02-11,21.33,21.39,20.85,21.34,12628120,125.5,125.85,122.64,125.56,2146700,2026-03-03T03:47:42Z
UNP,2008-02-12,21.35,21.8,21.1,21.51,13909345,125.58,128.22,124.1,126.53,2364500,2026-03-03T03:47:42Z
UNP,2008-02-13,21.41,21.61,21.18,21.55,11983387,125.96,127.09,124.6,126.79,2037100,2026-03-03T03:47:42Z
UNP,2008-02-14,21.2,21.61,21.13,21.61,15717651,124.73,127.09,124.27,127.09,2671900,2026-03-03T03:47:42Z
UNP,2008-02-15,21.22,21.24,20.9,21.16,14697024,124.8,124.95,122.93,124.49,2498400,2026-03-03T03:47:42Z
UNP,2008-02-19,20.87,21.5,20.64,21.5,25780400,122.75,126.49,121.42,126.49,4382500,2026-03-03T03:47:42Z
UNP,2008-02-20,21.07,21.25,20.57,20.64,14811150,123.97,124.99,121.01,121.44,2517800,2026-03-03T03:47:42Z
UNP,2008-02-21,20.95,21.28,20.72,21.19,22805576,123.22,125.18,121.89,124.65,3876800,2026-03-03T03:47:42Z
UNP,2008-02-22,21.1,21.1,20.73,21.07,20746670,124.13,124.13,121.92,123.97,3526800,2026-03-03T03:47:42Z
UNP,2008-02-25,21.53,21.57,20.81,21.16,15496458,126.66,126.89,122.4,124.45,2634300,2026-03-03T03:47:42Z
UNP,2008-02-26,21.95,22.01,21.36,21.43,17294747,129.11,129.5,125.64,126.04,2940000,2026-03-03T03:47:42Z
UNP,2008-02-27,21.72,21.88,21.56,21.77,16605905,127.75,128.71,126.8,128.07,2822900,2026-03-03T03:47:42Z
UNP,2008-02-28,21.46,21.62,21.29,21.56,12355755,126.26,127.18,125.26,126.83,2100400,2026-03-03T03:47:42Z
UNP,2008-02-29,21.21,21.44,20.93,21.25,17302417,124.76,126.11,123.14,125.03,2941300,2026-03-03T03:47:42Z
UNP,2008-03-03,21.05,21.25,20.64,21.25,17946564,123.85,125,121.39,125,3050800,2026-03-03T03:47:42Z
UNP,2008-03-04,21,21.22,20.7,20.82,15775894,123.52,124.8,121.75,122.46,2681800,2026-03-03T03:47:42Z
UNP,2008-03-05,21.38,21.56,20.93,21.21,14968207,125.75,126.81,123.1,124.75,2544500,2026-03-03T03:47:42Z
UNP,2008-03-06,20.57,21.31,20.55,21.31,19032411,120.99,125.38,120.86,125.38,3235400,2026-03-03T03:47:42Z
UNP,2008-03-07,20.34,20.88,20.15,20.5,32481120,119.66,122.8,118.55,120.6,5521600,2026-03-03T03:47:42Z
UNP,2008-03-10,20.26,20.68,20.18,20.3,13017712,118.77,121.19,118.28,119,2221100,2026-03-03T03:47:42Z
UNP,2008-03-11,21.25,21.25,20.58,20.79,17306729,124.54,124.54,120.6,121.87,2952900,2026-03-03T03:47:42Z
UNP,2008-03-12,21.05,21.49,21.01,21.33,18064034,123.39,125.93,123.13,124.99,3082100,2026-03-03T03:47:42Z
UNP,2008-03-13,21.05,21.14,20.56,20.73,16422963,123.38,123.88,120.51,121.48,2802100,2026-03-03T03:47:42Z
UNP,2008-03-14,20.94,21.31,20.5,21.25,18968877,122.75,124.89,120.15,124.53,3236500,2026-03-03T03:47:42Z
UNP,2008-03-17,20.85,21.07,20.43,20.43,18862841,122.19,123.5,119.75,119.75,3218400,2026-03-03T03:47:42Z
UNP,2008-03-18,22.06,22.08,21.16,21.29,39198565,129.3,129.38,123.99,124.75,6688100,2026-03-03T03:47:42Z
UNP,2008-03-19,21.21,22.28,21.21,22.16,18229283,124.3,130.57,124.3,129.88,3110300,2026-03-03T03:47:42Z
UNP,2008-03-20,20.83,21.23,20.18,21.16,35203751,122.06,124.45,118.25,124.02,6006500,2026-03-03T03:47:42Z
UNP,2008-03-24,21.42,21.69,20.89,20.95,15425395,125.56,127.12,122.42,122.8,2631900,2026-03-03T03:47:42Z
UNP,2008-03-25,22.01,22.18,21.36,21.49,16550142,129.01,130,125.2,125.93,2823800,2026-03-03T03:47:42Z
UNP,2008-03-26,21.82,22.04,21.58,21.94,12787995,127.87,129.15,126.48,128.6,2181900,2026-03-03T03:47:42Z
UNP,2008-03-27,21.43,21.97,21.36,21.82,11409490,125.58,128.75,125.2,127.88,1946700,2026-03-03T03:47:42Z
UNP,2008-03-28,21.33,21.66,21.27,21.57,8774392,125.02,126.93,124.65,126.43,1497100,2026-03-03T03:47:42Z
UNP,2008-03-31,21.39,21.5,21.09,21.22,11046685,125.38,126,123.59,124.34,1884800,2026-03-03T03:47:42Z
UNP,2008-04-01,21.83,21.99,21.49,21.66,10972836,127.95,128.88,125.96,126.95,1872200,2026-03-03T03:47:42Z
UNP,2008-04-02,22.12,22.23,21.81,22,17248757,129.63,130.31,127.85,128.92,2943000,2026-03-03T03:47:42Z
UNP,2008-04-03,22.53,22.69,21.93,21.99,19352263,132.07,133,128.54,128.9,3301900,2026-03-03T03:47:42Z
UNP,2008-04-04,22.81,22.93,22.35,22.61,13529403,133.66,134.4,131.01,132.53,2308400,2026-03-03T03:47:42Z
UNP,2008-04-07,22.77,23.03,22.58,23.02,14762521,133.44,135,132.34,134.91,2518800,2026-03-03T03:47:42Z
UNP,2008-04-08,22.77,22.93,22.48,22.57,11823861,133.48,134.36,131.75,132.25,2017400,2026-03-03T03:47:42Z
UNP,2008-04-09,22.16,22.74,21.9,22.58,14263158,129.87,133.29,128.36,132.33,2433600,2026-03-03T03:47:42Z
UNP,2008-04-10,22.18,22.27,21.85,22.12,11011505,130,130.52,128.04,129.64,1878800,2026-03-03T03:47:42Z
UNP,2008-04-11,22.22,22.4,21.89,22,10552023,130.21,131.26,128.32,128.96,1800400,2026-03-03T03:47:42Z
UNP,2008-04-14,22.41,22.48,22.15,22.22,12230606,131.37,131.75,129.81,130.21,2086800,2026-03-03T03:47:42Z
UNP,2008-04-15,22.33,22.53,22.18,22.51,14223915,130.9,132.03,129.99,131.91,2426900,2026-03-03T03:47:42Z
UNP,2008-04-16,23.3,23.38,22.56,22.56,32978369,136.57,137.03,132.21,132.21,5626800,2026-03-03T03:47:42Z
UNP,2008-04-17,23.13,23.4,22.96,23.24,14284276,135.55,137.15,134.54,136.22,2437200,2026-03-03T03:47:42Z
UNP,2008-04-18,23.56,23.69,23.34,23.41,20356767,138.08,138.82,136.81,137.2,3473300,2026-03-03T03:47:42Z
UNP,2008-04-21,23.51,23.57,23.24,23.48,16354944,137.8,138.16,136.21,137.6,2790500,2026-03-03T03:47:42Z
UNP,2008-04-22,23.34,23.55,23.17,23.36,17419284,136.82,138.01,135.81,136.91,2972100,2026-03-03T03:47:42Z
UNP,2008-04-23,23.06,23.38,22.86,23.36,14429656,135.14,137.04,134,136.92,2462000,2026-03-03T03:47:42Z
UNP,2008-04-24,23.55,23.84,22.67,22.87,23940217,138.04,139.75,132.89,134.02,4084700,2026-03-03T03:47:42Z
UNP,2008-04-25,23.99,24.1,23.07,23.66,22125066,140.59,141.25,135.22,138.69,3775000,2026-03-03T03:47:42Z
UNP,2008-04-28,24.16,24.31,23.8,23.99,9670530,141.6,142.5,139.48,140.63,1650000,2026-03-03T03:47:42Z
UNP,2008-04-29,24.56,24.77,24.13,24.18,22941469,143.93,145.16,141.42,141.7,3914300,2026-03-03T03:47:42Z
UNP,2008-04-30,24.77,25.13,24.49,24.57,40355462,145.19,147.31,143.51,143.98,6885500,2026-03-03T03:47:42Z
UNP,2008-05-01,25.02,25.24,24.47,24.79,22396385,146.63,147.95,143.4,145.27,3821300,2026-03-03T03:47:42Z
UNP,2008-05-02,25.06,25.36,24.63,25.3,15488136,146.88,148.66,144.38,148.25,2642600,2026-03-03T03:47:42Z
UNP,2008-05-05,25.05,25.35,24.75,25.35,10243161,146.83,148.58,145.03,148.58,1747700,2026-03-03T03:47:42Z
UNP,2008-05-06,25.41,25.49,24.64,24.91,12091703,148.93,149.37,144.41,146,2063100,2026-03-03T03:47:42Z
UNP,2008-05-07,24.75,25.48,24.7,25.48,12482044,145.07,149.33,144.76,149.33,2129700,2026-03-03T03:47:42Z
UNP,2008-05-08,25.11,25.16,24.78,24.88,10511603,147.19,147.48,145.25,145.8,1793500,2026-03-03T03:47:42Z
UNP,2008-05-09,24.96,25.02,24.66,24.9,7563528,146.28,146.65,144.51,145.94,1290500,2026-03-03T03:47:42Z
UNP,2008-05-12,25.19,25.24,24.74,25.02,7501418,147.65,147.92,145,146.62,1279900,2026-03-03T03:47:42Z
UNP,2008-05-13,25.43,25.59,25.16,25.36,12333752,149.06,150,147.46,148.63,2104400,2026-03-03T03:47:42Z
UNP,2008-05-14,25.58,25.87,25.42,25.59,10710295,149.95,151.61,149,149.99,1827400,2026-03-03T03:47:42Z
UNP,2008-05-15,25.93,26,25.32,25.65,14694552,152,152.38,148.37,150.33,2507200,2026-03-03T03:47:42Z
UNP,2008-05-16,26.11,26.64,25.92,25.98,23439097,153,156.15,151.92,152.25,3999200,2026-03-03T03:47:42Z
UNP,2008-05-19,26.19,27.24,26.03,26.45,31084008,153.5,159.65,152.55,155,5303600,2026-03-03T03:47:42Z
UNP,2008-05-20,26.2,26.34,25.88,26.14,17276284,153.58,154.36,151.65,153.18,2947700,2026-03-03T03:47:42Z
UNP,2008-05-21,26.12,26.85,26.06,26.3,16241237,153.08,157.35,152.71,154.14,2771100,2026-03-03T03:47:42Z
UNP,2008-05-22,26.35,26.66,25.9,26.21,16810948,154.44,156.23,151.78,153.59,2868300,2026-03-03T03:47:42Z
UNP,2008-05-23,25.96,26.32,25.63,26.28,19496421,152.16,154.25,150.24,154.01,3326500,2026-03-03T03:47:42Z
UNP,2008-05-27,26.94,26.94,25.84,26.12,19205106,157.9,157.9,151.43,153.11,3276800,2026-03-03T03:47:42Z
UNP,2008-05-28,26.89,27.13,26.66,27.1,19403208,157.58,159,156.24,158.85,3310600,2026-03-03T03:47:42Z
UNP,2008-05-29,27.42,27.78,26.67,26.78,16964789,80.35,81.41,78.14,78.49,5789100,2026-03-03T03:47:42Z
UNP,2008-05-30,28.09,28.19,27.37,27.56,17749235,82.31,82.61,80.2,80.75,6056800,2026-03-03T03:47:42Z
UNP,2008-06-02,27.7,28.02,27.31,28.02,14919576,81.18,82.12,80.02,82.12,5091200,2026-03-03T03:47:42Z
UNP,2008-06-03,27.2,28.24,26.97,27.8,19060667,79.71,82.76,79.03,81.47,6504300,2026-03-03T03:47:42Z
UNP,2008-06-04,27.25,27.53,27.01,27.2,10000369,79.64,80.46,78.93,79.49,3422000,2026-03-03T03:47:42Z
UNP,2008-06-05,27.96,28.01,27.38,27.38,13508695,81.71,81.84,80,80,4622500,2026-03-03T03:47:42Z
UNP,2008-06-06,26.67,27.78,26.66,27.38,17184448,77.95,81.18,77.9,80.01,5880300,2026-03-03T03:47:42Z
UNP,2008-06-09,27.28,27.38,26.88,26.88,9254020,79.72,80,78.55,78.55,3166600,2026-03-03T03:47:42Z
UNP,2008-06-10,26.88,27.26,26.66,27.07,12118522,78.56,79.67,77.9,79.11,4146800,2026-03-03T03:47:42Z
UNP,2008-06-11,25.36,26.92,25.34,26.86,26090468,74.1,78.68,74.04,78.5,8927800,2026-03-03T03:47:42Z
UNP,2008-06-12,25.8,26.16,25.53,25.53,26700921,75.41,76.44,74.61,74.62,9136700,2026-03-03T03:47:42Z
UNP,2008-06-13,25.86,26.65,25.48,25.94,17257211,75.57,77.89,74.46,75.81,5905200,2026-03-03T03:47:42Z
UNP,2008-06-16,26.03,26.16,25.35,25.65,25121393,76.06,76.44,74.08,74.97,8596200,2026-03-03T03:47:42Z
UNP,2008-06-17,24.8,26.22,24.71,26.22,28591960,72.47,76.61,72.21,76.61,9783800,2026-03-03T03:47:42Z
UNP,2008-06-18,25.94,26.17,24.6,24.69,39000924,75.82,76.47,71.9,72.14,13345600,2026-03-03T03:47:42Z
UNP,2008-06-19,26.62,26.89,25.77,25.79,19118528,77.8,78.58,75.3,75.38,6542100,2026-03-03T03:47:42Z
UNP,2008-06-20,26.31,26.61,26.08,26.49,15126836,76.88,77.77,76.2,77.41,5176200,2026-03-03T03:47:42Z
UNP,2008-06-23,25.85,26.47,25.73,26.31,9457988,75.54,77.36,75.18,76.9,3236400,2026-03-03T03:47:42Z
UNP,2008-06-24,25.24,25.87,25.15,25.65,14208040,73.77,75.6,73.51,74.95,4861800,2026-03-03T03:47:42Z
UNP,2008-06-25,25.62,26,25.41,25.41,12626460,74.88,75.97,74.27,74.27,4320600,2026-03-03T03:47:42Z
UNP,2008-06-26,24.98,25.74,24.87,25.39,14608987,72.99,75.22,72.68,74.19,4999000,2026-03-03T03:47:42Z
UNP,2008-06-27,25.26,25.39,24.73,24.81,18844350,73.83,74.21,72.28,72.5,6448300,2026-03-03T03:47:42Z
UNP,2008-06-30,25.84,26.03,25.18,25.28,18674012,75.5,76.06,73.57,73.87,6390000,2026-03-03T03:47:42Z
UNP,2008-07-01,25.2,25.58,24.57,25.58,20933269,73.65,74.75,71.8,74.75,7163100,2026-03-03T03:47:42Z
UNP,2008-07-02,24.02,25.44,23.95,25.35,15582739,70.21,74.34,69.99,74.07,5332200,2026-03-03T03:47:42Z
UNP,2008-07-03,24.24,24.58,23.82,24.28,10085148,70.85,71.82,69.61,70.96,3451000,2026-03-03T03:47:42Z
UNP,2008-07-07,24.06,24.92,23.71,24.4,15826135,70.32,72.81,69.29,71.29,5415500,2026-03-03T03:47:42Z
UNP,2008-07-08,25.26,25.39,23.93,24.21,19523260,73.81,74.2,69.93,70.74,6680600,2026-03-03T03:47:42Z
UNP,2008-07-09,24.41,25.58,24.25,25.31,13397363,71.34,74.74,70.87,73.95,4584400,2026-03-03T03:47:42Z
UNP,2008-07-10,24.7,25.06,24.36,24.47,12777506,72.19,73.23,71.2,71.5,4372300,2026-03-03T03:47:42Z
UNP,2008-07-11,24.61,25.05,24.02,24.36,12679611,71.92,73.21,70.2,71.2,4338800,2026-03-03T03:47:42Z
UNP,2008-07-14,24.4,25.46,24.11,24.86,13387446,71.31,74.41,70.45,72.65,4581000,2026-03-03T03:47:42Z
UNP,2008-07-15,23.85,24.13,23.24,24.13,22424007,69.69,70.51,67.9,70.51,7673200,2026-03-03T03:47:42Z
UNP,2008-07-16,25.13,25.14,23.9,23.9,17316285,73.45,73.48,69.85,69.85,5925400,2026-03-03T03:47:42Z
UNP,2008-07-17,25.05,25.47,24.61,25.22,12474166,73.2,74.43,71.93,73.69,4268500,2026-03-03T03:47:42Z
UNP,2008-07-18,24.82,25.31,24.47,25.12,18806710,72.54,73.95,71.51,73.42,6435400,2026-03-03T03:47:42Z
UNP,2008-07-21,24.81,25.04,24.64,24.97,7947694,72.51,73.18,72.02,72.98,2719600,2026-03-03T03:47:42Z
UNP,2008-07-22,25.37,25.64,24.59,24.59,15110724,74.15,74.93,71.85,71.85,5170700,2026-03-03T03:47:42Z
UNP,2008-07-23,26.46,26.52,25.38,25.72,16788786,77.33,77.5,74.17,75.15,5744900,2026-03-03T03:47:42Z
UNP,2008-07-24,26.41,27.3,26.34,26.83,17487801,77.18,79.79,76.96,78.41,5984100,2026-03-03T03:47:42Z
UNP,2008-07-25,26.52,27.03,25.94,26.6,9719820,77.49,78.98,75.81,77.74,3326000,2026-03-03T03:47:42Z
UNP,2008-07-28,26.2,27.01,26.19,26.72,11542801,76.58,78.92,76.54,78.09,3949800,2026-03-03T03:47:42Z
UNP,2008-07-29,27.72,27.79,26.01,26.29,19819842,81.01,81.21,76.02,76.84,6782100,2026-03-03T03:47:42Z
UNP,2008-07-30,28.49,28.71,27.76,27.84,23635880,83.25,83.91,81.13,81.36,8087900,2026-03-03T03:47:42Z
UNP,2008-07-31,28.21,28.83,28.13,28.16,12976236,82.44,84.25,82.2,82.3,4440300,2026-03-03T03:47:42Z
UNP,2008-08-01,27.18,28.35,26.98,28.35,23135041,79.44,82.86,78.85,82.86,7916500,2026-03-03T03:47:42Z
UNP,2008-08-04,27.37,27.7,27.19,27.2,16563187,79.99,80.95,79.46,79.5,5667700,2026-03-03T03:47:42Z
UNP,2008-08-05,28.12,28.29,27.69,27.7,15387812,82.19,82.68,80.93,80.94,5265500,2026-03-03T03:47:42Z
UNP,2008-08-06,28.08,28.21,27.79,28.05,9740303,82.05,82.44,81.2,81.96,3333000,2026-03-03T03:47:42Z
UNP,2008-08-07,27.82,28.28,27.52,27.75,14428380,81.31,82.63,80.41,81.1,4937200,2026-03-03T03:47:42Z
UNP,2008-08-08,28.46,28.61,27.74,27.84,14466658,83.18,83.6,81.06,81.35,4950300,2026-03-03T03:47:42Z
UNP,2008-08-11,27.12,28.51,26.9,28.45,24681844,79.25,83.31,78.62,83.15,8445800,2026-03-03T03:47:42Z
UNP,2008-08-12,26.05,27.43,25.16,27.22,39696450,76.14,80.15,73.53,79.54,13583600,2026-03-03T03:47:42Z
UNP,2008-08-13,26.2,26.29,25.17,25.96,17470603,76.57,76.84,73.56,75.87,5978200,2026-03-03T03:47:42Z
UNP,2008-08-14,26.56,27.01,25.68,26.03,12606253,77.63,78.92,75.06,76.07,4313700,2026-03-03T03:47:42Z
UNP,2008-08-15,26.3,26.84,26.21,26.7,13454346,76.87,78.44,76.58,78.02,4603900,2026-03-03T03:47:42Z
UNP,2008-08-18,26.23,26.65,26.06,26.48,8531595,76.64,77.89,76.17,77.39,2919400,2026-03-03T03:47:42Z
UNP,2008-08-19,26.22,26.44,26.09,26.42,15986865,76.63,77.26,76.23,77.2,5470500,2026-03-03T03:47:42Z
UNP,2008-08-20,26.63,26.79,26.31,26.52,14577709,77.83,78.3,76.9,77.49,4988300,2026-03-03T03:47:42Z
UNP,2008-08-21,26.68,26.88,26.3,26.49,10494863,77.98,78.56,76.86,77.42,3591200,2026-03-03T03:47:42Z
UNP,2008-08-22,27.22,27.77,26.8,26.9,13895314,79.55,81.15,78.32,78.62,4754800,2026-03-03T03:47:42Z
UNP,2008-08-25,27.21,27.55,26.82,27.36,9012911,79.52,80.51,78.39,79.96,3084100,2026-03-03T03:47:42Z
UNP,2008-08-26,27.76,27.81,27.05,27.25,14139057,81.12,81.27,79.06,79.62,4838200,2026-03-03T03:47:42Z
UNP,2008-08-27,28.21,28.29,27.44,27.95,10012242,82.17,82.41,79.91,81.4,3437500,2026-03-03T03:47:42Z
UNP,2008-08-28,28.75,28.85,28.39,28.39,12685195,83.74,84.04,82.7,82.7,4355200,2026-03-03T03:47:42Z
UNP,2008-08-29,28.81,29.17,28.41,28.41,14903729,83.9,84.95,82.76,82.76,5116900,2026-03-03T03:47:42Z
UNP,2008-09-02,28.14,29.46,27.89,29.1,20669637,81.96,85.8,81.23,84.75,7096500,2026-03-03T03:47:42Z
UNP,2008-09-03,27.66,28.51,27.31,28.16,19535454,80.55,83.03,79.53,82.03,6707100,2026-03-03T03:47:42Z
UNP,2008-09-04,26,27.47,25.68,27.4,30187088,75.73,80,74.81,79.81,10364100,2026-03-03T03:47:42Z
UNP,2008-09-05,25.91,25.95,24.82,25.83,22557961,75.46,75.58,72.28,75.24,7744800,2026-03-03T03:47:42Z
UNP,2008-09-08,25.9,27.05,25.45,26.7,21950642,75.45,78.8,74.12,77.77,7536300,2026-03-03T03:47:42Z
UNP,2008-09-09,24.3,26.46,24.12,25.99,35194999,70.78,77.08,70.25,75.71,12083500,2026-03-03T03:47:42Z
UNP,2008-09-10,25.34,25.78,24.46,24.82,25421884,73.81,75.1,71.25,72.29,8728100,2026-03-03T03:47:42Z
UNP,2008-09-11,27,27.03,25.34,25.58,25690221,78.64,78.74,73.8,74.5,8820200,2026-03-03T03:47:42Z
UNP,2008-09-12,26.71,26.92,26.1,26.45,15818061,77.8,78.41,76.01,77.05,5430800,2026-03-03T03:47:42Z
UNP,2008-09-15,24.9,26.39,24.9,26.1,24951494,72.52,76.85,72.52,76.03,8566600,2026-03-03T03:47:42Z
UNP,2008-09-16,25.12,25.17,23.87,24.37,46349035,73.16,73.3,69.52,70.99,15913000,2026-03-03T03:47:42Z
UNP,2008-09-17,24.98,25.69,24.01,24.95,32914385,72.76,74.82,69.94,72.68,11300500,2026-03-03T03:47:42Z
UNP,2008-09-18,25.34,25.67,24.07,25.06,34756337,73.81,74.77,70.1,73,11932900,2026-03-03T03:47:42Z
UNP,2008-09-19,26.34,27.48,25.4,26.44,27107750,76.73,80.05,73.99,77,9306900,2026-03-03T03:47:42Z
UNP,2008-09-22,25.02,26.43,24.82,26.34,17016007,72.86,76.99,72.28,76.71,5842100,2026-03-03T03:47:42Z
UNP,2008-09-23,25.31,26.26,24.96,25.74,27556311,73.73,76.49,72.7,74.97,9460900,2026-03-03T03:47:42Z
UNP,2008-09-24,24.66,25.48,24.45,25.41,14468330,71.82,74.2,71.2,74.01,4967400,2026-03-03T03:47:42Z
UNP,2008-09-25,24.84,25.63,24.51,24.78,17210257,72.34,74.64,71.38,72.16,5908800,2026-03-03T03:47:42Z
UNP,2008-09-26,25.16,25.2,24.38,24.44,11850107,73.27,73.4,71,71.19,4068500,2026-03-03T03:47:42Z
UNP,2008-09-29,23.74,24.82,23.12,24.74,23106118,69.15,72.28,67.34,72.06,7933000,2026-03-03T03:47:42Z
UNP,2008-09-30,24.43,24.92,24,24.53,15461550,71.16,72.57,69.9,71.46,5308400,2026-03-03T03:47:42Z
UNP,2008-10-01,23.84,24.64,23.46,24.55,13669667,69.44,71.78,68.32,71.5,4693200,2026-03-03T03:47:42Z
UNP,2008-10-02,21.32,23.69,20.74,23.66,42779235,62.1,68.99,60.4,68.9,14687400,2026-03-03T03:47:42Z
UNP,2008-10-03,21.22,22.43,20.78,21.63,32003361,61.81,65.34,60.53,62.99,10987700,2026-03-03T03:47:42Z
UNP,2008-10-06,21.03,21.45,19.18,20.38,36579784,61.25,62.48,55.86,59.37,12558900,2026-03-03T03:47:42Z
UNP,2008-10-07,20.65,22.08,20.52,21.39,28400664,60.15,64.3,59.78,62.3,9750800,2026-03-03T03:47:42Z
UNP,2008-10-08,20.87,22,19.66,19.81,28333423,60.79,64.07,57.26,57.71,9727700,2026-03-03T03:47:42Z
UNP,2008-10-09,19.53,22.46,19.3,20.84,22815378,56.88,65.41,56.22,60.71,7833200,2026-03-03T03:47:42Z
UNP,2008-10-10,19.91,20.75,17.77,18.37,29229373,58,60.44,51.75,53.5,10035300,2026-03-03T03:47:42Z
UNP,2008-10-13,21.72,21.72,19.94,20.6,28340693,63.25,63.26,58.07,60.01,9730200,2026-03-03T03:47:42Z
UNP,2008-10-14,21.62,22.75,20.74,22.4,31444175,62.96,66.25,60.4,65.24,10795700,2026-03-03T03:47:42Z
UNP,2008-10-15,18.59,21.18,18.18,21.16,30244931,54.14,61.7,52.94,61.63,10384000,2026-03-03T03:47:42Z
UNP,2008-10-16,19,19.31,17.59,18.64,36984206,55.34,56.23,51.24,54.29,12697800,2026-03-03T03:47:42Z
UNP,2008-10-17,19.05,20.32,18.28,18.43,23605255,55.49,59.17,53.24,53.69,8104400,2026-03-03T03:47:42Z
UNP,2008-10-20,20.22,20.33,19.07,19.38,18516360,58.88,59.2,55.54,56.45,6357200,2026-03-03T03:47:42Z
UNP,2008-10-21,20.06,20.98,19.71,19.84,15906299,58.42,61.12,57.4,57.8,5461100,2026-03-03T03:47:42Z
UNP,2008-10-22,19.53,20.56,18.95,19.77,25775171,56.87,59.88,55.18,57.59,8849400,2026-03-03T03:47:42Z
UNP,2008-10-23,20,20.62,18.59,19.93,25201501,58.25,60.07,54.14,58.04,8652400,2026-03-03T03:47:42Z
UNP,2008-10-24,20.01,20.4,18.23,18.55,20551147,58.28,59.43,53.11,54.04,7055800,2026-03-03T03:47:42Z
UNP,2008-10-27,19.1,20.57,19.07,19.71,14184299,55.64,59.92,55.55,57.41,4869900,2026-03-03T03:47:42Z
UNP,2008-10-28,20.57,20.66,18.72,19.68,18156904,59.92,60.18,54.52,57.32,6233800,2026-03-03T03:47:42Z
UNP,2008-10-29,21.76,23.12,20.08,20.36,25547457,63.37,67.35,58.49,59.29,8771200,2026-03-03T03:47:42Z
UNP,2008-10-30,21.85,22.98,21.37,22.41,18111163,63.64,66.94,62.25,65.27,6218100,2026-03-03T03:47:42Z
UNP,2008-10-31,22.92,23.34,21.63,21.73,19224105,66.77,67.99,63.01,63.28,6600200,2026-03-03T03:47:42Z
UNP,2008-11-03,22.09,23.1,21.92,22.76,15928687,64.35,67.29,63.83,66.3,5468800,2026-03-03T03:47:42Z
UNP,2008-11-04,23.84,23.95,22.09,22.52,18146417,69.44,69.75,64.35,65.6,6230200,2026-03-03T03:47:42Z
UNP,2008-11-05,22.13,23.9,22.06,23.41,19185958,64.46,69.6,64.26,68.18,6587100,2026-03-03T03:47:42Z
UNP,2008-11-06,20.83,22.33,20.53,21.84,29477465,60.66,65.05,59.8,63.62,10120500,2026-03-03T03:47:42Z
UNP,2008-11-07,20.94,21.49,20.34,21.04,17782307,60.99,62.6,59.24,61.27,6105200,2026-03-03T03:47:42Z
UNP,2008-11-10,21.46,21.92,21.01,21.63,17634101,62.51,63.84,61.2,63,6054300,2026-03-03T03:47:42Z
UNP,2008-11-11,21.41,21.79,20.38,21.15,17156718,62.36,63.47,59.36,61.59,5890400,2026-03-03T03:47:42Z
UNP,2008-11-12,20.58,21.67,20.18,20.95,19107013,59.95,63.11,58.79,61.02,6560000,2026-03-03T03:47:42Z
UNP,2008-11-13,21.15,21.35,18.6,20.53,37930379,61.61,62.18,54.16,59.8,13022600,2026-03-03T03:47:42Z
UNP,2008-11-14,19.66,20.94,19.4,20.92,21265556,57.27,61,56.5,60.94,7301100,2026-03-03T03:47:42Z
UNP,2008-11-17,19.64,20.23,18.77,19.45,19725638,57.21,58.92,54.66,56.64,6772400,2026-03-03T03:47:42Z
UNP,2008-11-18,19.34,20.08,18.85,20.08,22480388,56.33,58.47,54.9,58.47,7718200,2026-03-03T03:47:42Z
UNP,2008-11-19,17.5,19.25,17.34,18.9,30114811,50.97,56.06,50.5,55.05,10339300,2026-03-03T03:47:42Z
UNP,2008-11-20,16.86,18.24,16.26,17.3,31086255,49.12,53.14,47.36,50.39,10672800,2026-03-03T03:47:42Z
UNP,2008-11-21,16.31,17.3,15.03,17.3,38550604,47.5,50.4,43.78,50.38,13235600,2026-03-03T03:47:42Z
UNP,2008-11-24,16.31,17.07,15.66,16.8,36354177,47.5,49.73,45.6,48.94,12481500,2026-03-03T03:47:42Z
UNP,2008-11-25,17.17,17.22,16.24,16.91,33536961,50.02,50.14,47.3,49.25,11514200,2026-03-03T03:47:42Z
UNP,2008-11-26,17.52,17.82,16.61,16.7,16779302,50.74,51.62,48.12,48.37,5792100,2026-03-03T03:47:42Z
UNP,2008-11-28,17.27,17.95,16.97,17.95,8862266,50.04,51.99,49.16,51.99,3059200,2026-03-03T03:47:42Z
UNP,2008-12-01,16.23,17.13,16.18,17.13,23194599,47.03,49.62,46.86,49.62,8006600,2026-03-03T03:47:42Z
UNP,2008-12-02,16.32,16.76,15.8,16.56,17192382,47.27,48.56,45.76,47.98,5934700,2026-03-03T03:47:42Z
UNP,2008-12-03,16.59,16.79,15.8,16.3,18147270,48.07,48.64,45.77,47.21,6264300,2026-03-03T03:47:42Z
UNP,2008-12-04,16.36,17.05,16.14,16.34,16779015,47.39,49.4,46.75,47.34,5792000,2026-03-03T03:47:42Z
UNP,2008-12-05,16.39,16.47,15.49,16.1,20886016,47.49,47.7,44.86,46.63,7209700,2026-03-03T03:47:42Z
UNP,2008-12-08,17.48,17.75,16.64,16.79,25555300,50.63,51.41,48.19,48.64,8821500,2026-03-03T03:47:42Z
UNP,2008-12-09,16.19,16.92,15.92,16.89,29159142,46.9,49,46.13,48.92,10065500,2026-03-03T03:47:42Z
UNP,2008-12-10,16.93,17.04,16.03,16.36,21203520,49.05,49.36,46.44,47.39,7319300,2026-03-03T03:47:42Z
UNP,2008-12-11,16.09,16.89,15.96,16.85,19148989,46.6,48.94,46.24,48.8,6610100,2026-03-03T03:47:42Z
UNP,2008-12-12,14.78,15.71,14.44,15.66,42024352,42.81,45.5,41.84,45.37,14506500,2026-03-03T03:47:42Z
UNP,2008-12-15,15.01,15.15,14.52,14.96,29754932,43.48,43.89,42.05,43.33,10271200,2026-03-03T03:47:42Z
UNP,2008-12-16,16.19,16.38,15.18,15.18,22801809,46.9,47.45,43.97,43.97,7871000,2026-03-03T03:47:42Z
UNP,2008-12-17,16.84,17.17,15.97,16.13,19546998,48.79,49.73,46.27,46.73,6747500,2026-03-03T03:47:42Z
UNP,2008-12-18,16.08,17.23,15.79,16.96,19470027,46.59,49.92,45.75,49.14,6720900,2026-03-03T03:47:42Z
UNP,2008-12-19,15.97,16.77,15.82,16.77,15672661,46.27,48.58,45.82,48.58,5410100,2026-03-03T03:47:42Z
UNP,2008-12-22,16.22,16.55,15.87,16.08,14843550,46.98,47.95,45.97,46.57,5123900,2026-03-03T03:47:42Z
UNP,2008-12-23,16,16.39,15.8,16.32,9523684,46.34,47.48,45.76,47.28,3287500,2026-03-03T03:47:42Z
UNP,2008-12-24,15.91,16.13,15.82,15.82,2367667,46.09,46.73,45.83,45.83,817300,2026-03-03T03:47:42Z
UNP,2008-12-26,16.21,16.22,15.94,15.99,4115672,46.97,46.98,46.17,46.33,1420700,2026-03-03T03:47:42Z
UNP,2008-12-29,15.91,16.23,15.5,16.16,9218027,46.08,47.02,44.9,46.8,3182000,2026-03-03T03:47:42Z
UNP,2008-12-30,16.16,16.19,15.68,15.88,9179783,46.81,46.89,45.41,45.99,3168800,2026-03-03T03:47:42Z
UNP,2008-12-31,16.5,16.68,16.04,16.16,9496151,47.8,48.32,46.47,46.8,3278000,2026-03-03T03:47:42Z
UNP,2009-01-02,17.3,17.4,16.48,16.55,11827023,50.13,50.4,47.75,47.93,4082600,2026-03-03T03:47:42Z
UNP,2009-01-05,17.97,18.16,17.12,17.5,18237618,52.05,52.61,49.59,50.69,6295500,2026-03-03T03:47:42Z
UNP,2009-01-06,18.64,18.87,18.03,18.14,20325989,54.01,54.66,52.24,52.54,7016400,2026-03-03T03:47:42Z
UNP,2009-01-07,17.18,18.56,16.88,18.44,22253642,49.76,53.77,48.91,53.41,7681800,2026-03-03T03:47:42Z
UNP,2009-01-08,17.01,17.48,16.63,17.27,15971944,49.28,50.63,48.16,50.02,5513400,2026-03-03T03:47:42Z
UNP,2009-01-09,16.61,17.24,16.37,17.07,12737501,48.12,49.95,47.43,49.45,4396900,2026-03-03T03:47:42Z
UNP,2009-01-12,15.71,16.75,15.53,16.55,25705963,45.51,48.53,44.98,47.94,8873500,2026-03-03T03:47:42Z
UNP,2009-01-13,15.27,16.11,14.92,15.52,24723043,44.24,46.66,43.23,44.96,8534200,2026-03-03T03:47:42Z
UNP,2009-01-14,14.35,15.15,14.09,14.9,32167559,41.56,43.89,40.81,43.17,11104000,2026-03-03T03:47:42Z
UNP,2009-01-15,14.23,14.63,13.41,14.33,35081552,41.23,42.39,38.85,41.52,12109900,2026-03-03T03:47:42Z
UNP,2009-01-16,13.95,14.65,13.89,14.45,23021905,40.42,42.44,40.23,41.85,7947000,2026-03-03T03:47:42Z
UNP,2009-01-20,13.06,13.81,12.96,13.8,28680299,37.83,40,37.55,39.98,9900200,2026-03-03T03:47:42Z
UNP,2009-01-21,13.99,14.25,13.06,13.26,27838959,40.52,41.28,37.84,38.4,9609800,2026-03-03T03:47:42Z
UNP,2009-01-22,14.93,15.16,13.38,13.58,35150764,43.25,43.91,38.77,39.33,12133800,2026-03-03T03:47:42Z
UNP,2009-01-23,14.67,15.02,14.23,14.59,17875510,42.5,43.52,41.23,42.27,6170500,2026-03-03T03:47:42Z
UNP,2009-01-26,14.82,15.28,14.4,14.72,14909906,42.94,44.25,41.71,42.64,5146800,2026-03-03T03:47:42Z
UNP,2009-01-27,15.53,15.68,14.8,14.95,20574263,44.98,45.43,42.88,43.31,7102100,2026-03-03T03:47:42Z
UNP,2009-01-28,16.14,16.38,15.74,15.77,23987410,46.75,47.46,45.6,45.67,8280300,2026-03-03T03:47:42Z
UNP,2009-01-29,15.43,15.98,15.32,15.96,12974793,44.7,46.28,44.38,46.22,4478800,2026-03-03T03:47:42Z
UNP,2009-01-30,15.12,15.56,14.93,15.45,14348496,43.79,45.08,43.26,44.75,4953000,2026-03-03T03:47:42Z
UNP,2009-02-02,14.88,15.05,14.55,14.85,12052364,43.11,43.6,42.14,43.01,4160400,2026-03-03T03:47:42Z
UNP,2009-02-03,15.71,15.8,14.77,15.04,17338401,45.52,45.76,42.79,43.58,5985100,2026-03-03T03:47:42Z
UNP,2009-02-04,15.93,16.35,15.59,15.79,17241378,46.16,47.37,45.17,45.73,5951600,2026-03-03T03:47:42Z
UNP,2009-02-05,16.32,16.43,15.31,15.8,19310095,47.28,47.59,44.35,45.78,6665700,2026-03-03T03:47:42Z
UNP,2009-02-06,17.01,17.26,16.22,16.36,19774397,49.27,50,47,47.4,6826000,2026-03-03T03:47:42Z
UNP,2009-02-09,17.02,17.12,16.4,17.03,14985832,49.3,49.6,47.5,49.33,5173000,2026-03-03T03:47:42Z
UNP,2009-02-10,16.14,17.02,15.84,16.92,21276474,46.77,49.3,45.89,49,7344500,2026-03-03T03:47:42Z
UNP,2009-02-11,15.64,16.2,15.33,16.2,18855016,45.32,46.94,44.41,46.94,6508600,2026-03-03T03:47:42Z
UNP,2009-02-12,14.96,15.55,14.36,15.44,28110392,43.35,45.04,41.61,44.74,9703500,2026-03-03T03:47:42Z
UNP,2009-02-13,15.02,15.32,14.67,15.04,17333545,43.51,44.37,42.5,43.58,5983400,2026-03-03T03:47:42Z
UNP,2009-02-17,14.09,14.69,13.9,14.69,22386649,40.81,42.56,40.28,42.56,7727700,2026-03-03T03:47:42Z
UNP,2009-02-18,14.14,14.41,13.92,14.09,15103150,40.96,41.74,40.31,40.81,5213500,2026-03-03T03:47:42Z
UNP,2009-02-19,13.54,14.13,13.34,13.75,28480924,39.23,40.94,38.65,39.84,9831400,2026-03-03T03:47:42Z
UNP,2009-02-20,13.82,14.09,13.19,13.41,18788586,40.03,40.83,38.22,38.85,6485700,2026-03-03T03:47:42Z
UNP,2009-02-23,13.03,14.08,12.97,13.93,15278161,37.75,40.79,37.56,40.34,5273900,2026-03-03T03:47:42Z
UNP,2009-02-24,13.77,13.92,13.03,13.05,20709356,39.89,40.31,37.75,37.8,7148700,2026-03-03T03:47:42Z
UNP,2009-02-25,13.46,13.77,12.89,13.77,25173421,38.74,39.61,37.09,39.61,8748900,2026-03-03T03:47:42Z
UNP,2009-02-26,13.01,13.59,12.96,13.57,19346285,37.43,39.1,37.28,39.05,6723700,2026-03-03T03:47:42Z
UNP,2009-02-27,13.04,13.47,12.53,12.8,18341494,37.52,38.75,36.05,36.82,6374500,2026-03-03T03:47:42Z
UNP,2009-03-02,12.45,12.82,12.32,12.8,20646226,35.81,36.9,35.45,36.83,7175500,2026-03-03T03:47:42Z
UNP,2009-03-03,12.71,12.93,12.47,12.58,21064934,36.57,37.19,35.89,36.2,7321000,2026-03-03T03:47:42Z
UNP,2009-03-04,13.19,13.4,12.7,12.92,17288132,37.96,38.55,36.53,37.18,6008400,2026-03-03T03:47:42Z
UNP,2009-03-05,12.31,12.81,11.74,12.7,34176347,35.43,36.85,33.77,36.54,11877800,2026-03-03T03:47:42Z
UNP,2009-03-06,12.16,12.79,11.82,12.4,20471057,34.98,36.81,34.01,35.68,7114600,2026-03-03T03:47:42Z
UNP,2009-03-09,11.68,12.26,11.57,12.01,22085702,33.62,35.27,33.28,34.56,7675800,2026-03-03T03:47:42Z
UNP,2009-03-10,12.44,12.52,11.89,11.89,25988313,35.8,36.03,34.22,34.22,9032100,2026-03-03T03:47:42Z
UNP,2009-03-11,12.7,12.92,12.4,12.55,17376447,36.54,37.18,35.69,36.11,6039100,2026-03-03T03:47:42Z
UNP,2009-03-12,12.95,13.06,12.35,12.65,15249251,37.27,37.57,35.54,36.41,5299800,2026-03-03T03:47:42Z
UNP,2009-03-13,12.92,13.3,12.73,13.04,11273668,37.18,38.26,36.64,37.51,3918100,2026-03-03T03:47:42Z
UNP,2009-03-16,13.53,14.21,13.17,13.45,25676728,38.93,40.88,37.9,38.7,8923800,2026-03-03T03:47:42Z
UNP,2009-03-17,13.94,13.94,13.31,13.56,16197849,40.1,40.1,38.3,39.01,5629500,2026-03-03T03:47:42Z
UNP,2009-03-18,13.77,13.98,13.11,13.84,21631377,39.61,40.23,37.72,39.81,7517900,2026-03-03T03:47:42Z
UNP,2009-03-19,13.72,14.19,13.64,13.88,10775296,39.47,40.82,39.25,39.94,3744900,2026-03-03T03:47:42Z
UNP,2009-03-20,13.45,14.02,13.34,13.97,16964154,38.69,40.35,38.38,40.19,5895800,2026-03-03T03:47:42Z
UNP,2009-03-23,14.61,14.62,13.71,13.74,18422066,42.04,42.07,39.44,39.52,6402500,2026-03-03T03:47:42Z
UNP,2009-03-24,14.65,15.08,14.1,14.42,17006715,42.16,43.39,40.58,41.48,5910600,2026-03-03T03:47:42Z
UNP,2009-03-25,14.23,14.88,13.72,14.64,18109844,40.95,42.81,39.48,42.11,6294000,2026-03-03T03:47:42Z
UNP,2009-03-26,15.46,15.51,14.25,14.33,25022948,44.48,44.63,41.01,41.22,8696600,2026-03-03T03:47:42Z
UNP,2009-03-27,14.94,15.39,14.83,15.3,14867461,43,44.27,42.67,44.01,5167100,2026-03-03T03:47:42Z
UNP,2009-03-30,14.24,14.54,14.01,14.39,16910608,40.98,41.84,40.31,41.41,5877200,2026-03-03T03:47:42Z
UNP,2009-03-31,14.29,14.56,13.94,14.34,15420711,41.11,41.9,40.1,41.27,5359400,2026-03-03T03:47:42Z
UNP,2009-04-01,14.46,14.59,13.84,14.14,17479715,41.6,41.99,39.82,40.68,6075000,2026-03-03T03:47:42Z
UNP,2009-04-02,15.73,16.12,14.75,14.75,32462868,45.25,46.39,42.45,42.45,11282300,2026-03-03T03:47:42Z
UNP,2009-04-03,16.02,16.05,15.67,15.79,26274500,46.09,46.17,45.1,45.42,9131600,2026-03-03T03:47:42Z
UNP,2009-04-06,15.31,15.93,14.94,15.88,20066223,44.06,45.84,43,45.68,6973900,2026-03-03T03:47:42Z
UNP,2009-04-07,14.82,15.34,14.69,15.25,17755043,42.63,44.15,42.28,43.87,6170700,2026-03-03T03:47:42Z
UNP,2009-04-08,15.26,15.29,14.82,14.9,14333396,43.91,44,42.63,42.88,4981500,2026-03-03T03:47:42Z
UNP,2009-04-09,16.09,16.26,15.48,15.62,18353921,46.3,46.77,44.55,44.94,6378800,2026-03-03T03:47:42Z
UNP,2009-04-13,16.25,16.43,15.64,15.98,14310380,46.76,47.28,45,45.99,4973500,2026-03-03T03:47:42Z
UNP,2009-04-14,16.05,16.45,15.84,16.13,15106775,46.17,47.33,45.58,46.41,5250300,2026-03-03T03:47:42Z
UNP,2009-04-15,16.19,16.8,15.95,16.2,24849476,46.59,48.33,45.89,46.6,8636300,2026-03-03T03:47:42Z
UNP,2009-04-16,16.4,16.68,16.16,16.39,18576844,47.18,47.99,46.5,47.15,6456300,2026-03-03T03:47:42Z
UNP,2009-04-17,16.78,17.29,16.45,16.5,20396432,48.29,49.76,47.34,47.48,7088700,2026-03-03T03:47:42Z
UNP,2009-04-20,15.98,16.65,15.87,16.51,16506371,45.98,47.9,45.65,47.51,5736700,2026-03-03T03:47:42Z
UNP,2009-04-21,16.33,16.51,15.69,15.93,14735946,47,47.51,45.15,45.84,5121400,2026-03-03T03:47:42Z
UNP,2009-04-22,16.58,17.05,15.82,15.91,24434745,47.72,49.05,45.53,45.78,8492200,2026-03-03T03:47:42Z
UNP,2009-04-23,17.22,17.41,16.67,17.07,21868477,49.55,50.08,47.96,49.12,7600300,2026-03-03T03:47:42Z
UNP,2009-04-24,17.07,17.52,16.75,17.28,17342488,49.13,50.4,48.2,49.71,6027300,2026-03-03T03:47:42Z
UNP,2009-04-27,16.47,16.85,16.2,16.85,17454125,47.38,48.49,46.61,48.49,6066100,2026-03-03T03:47:42Z
UNP,2009-04-28,16.37,16.67,15.89,16.32,14681503,47.11,47.95,45.72,46.97,5102500,2026-03-03T03:47:42Z
UNP,2009-04-29,17,17.34,16.53,16.54,17506510,48.92,49.9,47.57,47.6,6084300,2026-03-03T03:47:42Z
UNP,2009-04-30,17.08,17.63,17.05,17.2,17551932,49.14,50.72,49.06,49.49,6100100,2026-03-03T03:47:42Z
UNP,2009-05-01,17.37,17.83,16.72,17.06,16656259,49.98,51.29,48.12,49.1,5788800,2026-03-03T03:47:42Z
UNP,2009-05-04,18.53,18.62,17.38,17.38,24656374,53.32,53.58,50.02,50.02,8569200,2026-03-03T03:47:42Z
UNP,2009-05-05,18.1,18.64,17.8,18.51,20004914,52.09,53.63,51.21,53.25,6952600,2026-03-03T03:47:42Z
UNP,2009-05-06,18.42,18.76,17.93,18.45,11981171,53,53.97,51.58,53.08,4164000,2026-03-03T03:47:42Z
UNP,2009-05-07,17.82,18.6,17.58,18.6,15727996,51.26,53.51,50.57,53.51,5466200,2026-03-03T03:47:42Z
UNP,2009-05-08,17.88,18.23,17.67,17.84,20943491,51.44,52.45,50.85,51.33,7278800,2026-03-03T03:47:42Z
UNP,2009-05-11,17.15,17.79,17.05,17.62,14972999,49.34,51.18,49.07,50.7,5203800,2026-03-03T03:47:42Z
UNP,2009-05-12,16.79,17.37,16.56,17.27,20510118,48.32,49.97,47.66,49.68,7128200,2026-03-03T03:47:42Z
UNP,2009-05-13,15.97,16.55,15.87,16.55,18993818,45.94,47.62,45.66,47.62,6601200,2026-03-03T03:47:42Z
UNP,2009-05-14,15.95,16.42,15.87,15.89,13230818,45.9,47.25,45.66,45.73,4598300,2026-03-03T03:47:42Z
UNP,2009-05-15,16.19,16.55,15.84,15.89,13037981,46.58,47.61,45.57,45.72,4531300,2026-03-03T03:47:42Z
UNP,2009-05-18,16.85,16.86,16.21,16.37,14512945,48.47,48.51,46.63,47.09,5043900,2026-03-03T03:47:42Z
UNP,2009-05-19,16.74,17.2,16.67,16.92,10263095,48.17,49.49,47.97,48.68,3566900,2026-03-03T03:47:42Z
UNP,2009-05-20,16.86,17.52,16.79,16.91,13856937,48.5,50.4,48.3,48.64,4815900,2026-03-03T03:47:42Z
UNP,2009-05-21,15.99,16.55,15.84,16.5,15362850,46.01,47.63,45.58,47.48,5339300,2026-03-03T03:47:42Z
UNP,2009-05-22,16.04,16.36,15.99,15.99,10154066,46.16,47.07,46,46.02,3529000,2026-03-03T03:47:42Z
UNP,2009-05-26,16.65,16.98,15.95,16.13,17375023,47.9,48.86,45.9,46.42,6038600,2026-03-03T03:47:42Z
UNP,2009-05-27,15.84,16.81,15.81,16.7,21139612,45.31,48.1,45.22,47.79,7388600,2026-03-03T03:47:42Z
UNP,2009-05-28,15.92,16.02,15.38,15.99,14100685,45.56,45.84,44,45.75,4928400,2026-03-03T03:47:42Z
UNP,2009-05-29,17.22,17.24,16.02,16.06,25075610,49.27,49.32,45.85,45.96,8764300,2026-03-03T03:47:42Z
UNP,2009-06-01,18.16,18.61,17.4,17.7,22268276,51.97,53.23,49.78,50.64,7783100,2026-03-03T03:47:42Z
UNP,2009-06-02,18.52,18.85,18.09,18.27,17336876,53,53.92,51.77,52.26,6059500,2026-03-03T03:47:42Z
UNP,2009-06-03,18.1,18.59,17.86,18.41,15133812,51.79,53.19,51.09,52.67,5289500,2026-03-03T03:47:42Z
UNP,2009-06-04,18.64,18.76,17.97,18.2,11588019,53.32,53.67,51.41,52.06,4050200,2026-03-03T03:47:42Z
UNP,2009-06-05,18.8,19.16,18.54,19.07,11928820,53.8,54.82,53.03,54.55,4169300,2026-03-03T03:47:42Z
UNP,2009-06-08,18.87,19.11,18.43,18.51,13218895,54,54.69,52.72,52.95,4620200,2026-03-03T03:47:42Z
UNP,2009-06-09,18.85,19.38,18.7,18.84,11229529,53.92,55.45,53.49,53.9,3924900,2026-03-03T03:47:42Z
UNP,2009-06-10,18.67,19.14,18.34,18.99,9129215,53.43,54.75,52.48,54.34,3190800,2026-03-03T03:47:42Z
UNP,2009-06-11,18.58,19,18.37,18.71,10336617,53.16,54.36,52.56,53.54,3612800,2026-03-03T03:47:42Z
UNP,2009-06-12,19,19.02,18.41,18.45,11306486,54.36,54.41,52.66,52.78,3951800,2026-03-03T03:47:42Z
UNP,2009-06-15,18.04,18.87,17.79,18.87,13050350,51.6,54,50.89,54,4561300,2026-03-03T03:47:42Z
UNP,2009-06-16,18.07,18.59,18.01,18.13,10931105,51.69,53.18,51.54,51.88,3820600,2026-03-03T03:47:42Z
UNP,2009-06-17,17.97,18.22,17.65,17.85,12506453,51.4,52.12,50.5,51.08,4371200,2026-03-03T03:47:42Z
UNP,2009-06-18,17.74,18.09,17.57,17.99,11113385,50.77,51.77,50.27,51.47,3884300,2026-03-03T03:47:42Z
UNP,2009-06-19,18.17,18.3,17.68,17.93,14903205,52,52.37,50.57,51.31,5208900,2026-03-03T03:47:42Z
UNP,2009-06-22,17.22,18.06,17.18,18.02,11503657,49.27,51.66,49.14,51.57,4020700,2026-03-03T03:47:42Z
UNP,2009-06-23,17.3,17.48,16.9,17.23,10093413,49.49,50,48.36,49.3,3527800,2026-03-03T03:47:42Z
UNP,2009-06-24,17.63,17.97,17.37,17.43,13628261,50.45,51.4,49.69,49.88,4763300,2026-03-03T03:47:42Z
UNP,2009-06-25,18.57,18.69,17.39,17.51,14142403,53.13,53.47,49.76,50.11,4943000,2026-03-03T03:47:42Z
UNP,2009-06-26,18.63,18.72,18.32,18.5,21284864,53.3,53.55,52.41,52.93,7439400,2026-03-03T03:47:42Z
UNP,2009-06-29,18.41,18.79,18.32,18.75,9972935,52.68,53.75,52.42,53.65,3485700,2026-03-03T03:47:42Z
UNP,2009-06-30,18.2,18.68,17.93,18.33,9338343,52.06,53.44,51.31,52.43,3263900,2026-03-03T03:47:42Z
UNP,2009-07-01,18.44,18.8,18.21,18.21,10881374,52.75,53.78,52.1,52.1,3803200,2026-03-03T03:47:42Z
UNP,2009-07-02,17.79,18.22,17.75,18.22,10925147,50.9,52.13,50.78,52.13,3818500,2026-03-03T03:47:42Z
UNP,2009-07-06,17.73,17.79,17.35,17.65,12956812,50.72,50.91,49.64,50.49,4528600,2026-03-03T03:47:42Z
UNP,2009-07-07,17.14,17.84,17.02,17.65,14260062,49.03,51.03,48.71,50.51,4984100,2026-03-03T03:47:42Z
UNP,2009-07-08,17.09,17.3,16.59,17.17,12361407,48.89,49.5,47.47,49.13,4320500,2026-03-03T03:47:42Z
UNP,2009-07-09,17.37,17.7,17.19,17.19,11766875,49.69,50.63,49.18,49.18,4112700,2026-03-03T03:47:42Z
UNP,2009-07-10,17.61,17.7,17.13,17.22,11336546,50.37,50.65,49,49.28,3962300,2026-03-03T03:47:42Z
UNP,2009-07-13,17.91,17.95,17.16,17.62,10354887,51.25,51.35,49.09,50.42,3619200,2026-03-03T03:47:42Z
UNP,2009-07-14,18.62,18.68,18.2,18.28,15736629,53.28,53.45,52.07,52.3,5500200,2026-03-03T03:47:42Z
UNP,2009-07-15,19.45,19.52,18.77,18.86,15679445,55.66,55.85,53.7,53.97,5480200,2026-03-03T03:47:42Z
UNP,2009-07-16,19.76,19.92,19.24,19.34,10692805,56.54,57,55.04,55.33,3737300,2026-03-03T03:47:42Z
UNP,2009-07-17,19.86,20.11,19.61,19.68,11221226,56.83,57.53,56.12,56.32,3922000,2026-03-03T03:47:42Z
UNP,2009-07-20,20.36,20.65,20,20,13553031,58.25,59.08,57.22,57.22,4737000,2026-03-03T03:47:42Z
UNP,2009-07-21,20.5,20.84,20.18,20.67,12107038,58.64,59.61,57.74,59.13,4231600,2026-03-03T03:47:42Z
UNP,2009-07-22,20.7,21,20.24,20.32,15864820,59.23,60.08,57.91,58.15,5545000,2026-03-03T03:47:42Z
UNP,2009-07-23,20.67,21.75,20.48,20.52,25660718,59.15,62.22,58.6,58.7,8968800,2026-03-03T03:47:42Z
UNP,2009-07-24,20.27,20.62,19.67,20.52,16607278,57.99,59,56.27,58.71,5804500,2026-03-03T03:47:42Z
UNP,2009-07-27,20.21,20.35,19.72,20.21,10829844,57.81,58.21,56.42,57.81,3785200,2026-03-03T03:47:42Z
UNP,2009-07-28,19.77,20.19,19.52,20.01,10553464,56.56,57.77,55.85,57.24,3688600,2026-03-03T03:47:42Z
UNP,2009-07-29,19.62,19.74,19.09,19.45,11951975,56.13,56.48,54.62,55.64,4177400,2026-03-03T03:47:42Z
UNP,2009-07-30,19.96,20.39,19.93,20.03,10288257,57.11,58.34,57.01,57.32,3595900,2026-03-03T03:47:42Z
UNP,2009-07-31,20.1,20.27,19.61,19.98,9766964,57.52,58.01,56.11,57.15,3413700,2026-03-03T03:47:42Z
UNP,2009-08-03,21.04,21.17,20.27,20.54,15322950,60.2,60.57,58.01,58.76,5355600,2026-03-03T03:47:42Z
UNP,2009-08-04,21.12,21.21,20.74,20.92,11121406,60.43,60.69,59.33,59.84,3887100,2026-03-03T03:47:42Z
UNP,2009-08-05,20.71,21.23,20.5,21.14,6844899,59.26,60.75,58.65,60.48,2392400,2026-03-03T03:47:42Z
UNP,2009-08-06,20.77,21.15,20.68,20.84,9693993,59.43,60.52,59.18,59.61,3388200,2026-03-03T03:47:42Z
UNP,2009-08-07,21.45,21.93,21.07,21.11,13019715,61.37,62.75,60.27,60.41,4550600,2026-03-03T03:47:42Z
UNP,2009-08-10,20.72,21.33,20.64,21.33,9579253,59.27,61.04,59.04,61.04,3348100,2026-03-03T03:47:42Z
UNP,2009-08-11,20.97,21.04,20.32,20.42,14169636,60,60.21,58.15,58.41,4952500,2026-03-03T03:47:42Z
UNP,2009-08-12,21.23,21.49,20.8,20.8,12859784,60.74,61.49,59.52,59.52,4494700,2026-03-03T03:47:42Z
UNP,2009-08-13,21.5,21.5,21.05,21.39,6513587,61.51,61.51,60.22,61.2,2276600,2026-03-03T03:47:42Z
UNP,2009-08-14,21.26,21.47,21,21.46,7165072,60.82,61.42,60.08,61.41,2504300,2026-03-03T03:47:42Z
UNP,2009-08-17,20.63,20.89,20.38,20.87,7676628,59.02,59.76,58.31,59.72,2683100,2026-03-03T03:47:42Z
UNP,2009-08-18,20.81,20.97,20.59,20.68,6653225,59.55,60,58.92,59.16,2325400,2026-03-03T03:47:42Z
UNP,2009-08-19,20.94,21.1,20.5,20.59,7011122,59.92,60.38,58.66,58.9,2450500,2026-03-03T03:47:42Z
UNP,2009-08-20,21.41,21.54,20.89,21.08,10568351,61.26,61.64,59.76,60.32,3693800,2026-03-03T03:47:42Z
UNP,2009-08-21,21.65,21.85,21.22,21.57,10331437,61.95,62.52,60.72,61.7,3611000,2026-03-03T03:47:42Z
UNP,2009-08-24,21.4,21.78,21.25,21.69,8039715,61.22,62.3,60.79,62.05,2810000,2026-03-03T03:47:42Z
UNP,2009-08-25,21.31,21.79,21.24,21.57,8277156,60.97,62.35,60.76,61.72,2893000,2026-03-03T03:47:42Z
UNP,2009-08-26,21.1,21.27,20.92,21.23,9053123,60.38,60.86,59.85,60.75,3164200,2026-03-03T03:47:42Z
UNP,2009-08-27,21.26,21.39,20.75,21.09,7479958,60.56,60.92,59.1,60.07,2626100,2026-03-03T03:47:42Z
UNP,2009-08-28,21.29,21.53,21.14,21.38,8180918,60.63,61.32,60.21,60.9,2872200,2026-03-03T03:47:42Z
UNP,2009-08-31,21,21.19,20.78,21.1,7062390,59.81,60.35,59.2,60.09,2479500,2026-03-03T03:47:42Z
UNP,2009-09-01,20.82,21.39,20.72,20.9,11236895,59.29,60.91,59.01,59.53,3945100,2026-03-03T03:47:42Z
UNP,2009-09-02,20.61,20.93,20.56,20.67,8962782,58.7,59.6,58.56,58.88,3146700,2026-03-03T03:47:42Z
UNP,2009-09-03,21.08,21.18,20.46,20.66,13524601,60.03,60.33,58.27,58.84,4748300,2026-03-03T03:47:42Z
UNP,2009-09-04,21.78,21.92,20.91,20.91,10237412,62.04,62.43,59.55,59.55,3594200,2026-03-03T03:47:42Z
UNP,2009-09-08,21.65,22.08,21.63,22.03,13493891,61.67,62.88,61.6,62.74,4737500,2026-03-03T03:47:42Z
UNP,2009-09-09,21.86,22.23,21.63,21.66,12090486,62.25,63.31,61.61,61.7,4244800,2026-03-03T03:47:42Z
UNP,2009-09-10,22.31,22.52,21.77,21.99,10139682,63.54,64.15,62,62.64,3559900,2026-03-03T03:47:42Z
UNP,2009-09-11,21.96,22.63,21.77,22.49,15417325,62.55,64.46,62,64.06,5412800,2026-03-03T03:47:42Z
UNP,2009-09-14,22.04,22.11,21.59,21.77,6544003,62.78,62.97,61.49,62.02,2297500,2026-03-03T03:47:42Z
UNP,2009-09-15,22.33,22.46,21.86,22.09,10587472,63.61,63.96,62.25,62.93,3717100,2026-03-03T03:47:42Z
UNP,2009-09-16,22.19,22.73,21.96,22.51,11890552,63.2,64.75,62.54,64.11,4174600,2026-03-03T03:47:42Z
UNP,2009-09-17,21.89,22.2,21.78,22.16,12223792,62.35,63.24,62.04,63.11,4291600,2026-03-03T03:47:42Z
UNP,2009-09-18,21.91,22.19,21.74,21.95,10713931,62.4,63.19,61.92,62.53,3761500,2026-03-03T03:47:42Z
UNP,2009-09-21,21.61,21.85,21.5,21.74,6554247,61.55,62.24,61.25,61.91,2301100,2026-03-03T03:47:42Z
UNP,2009-09-22,21.77,21.99,21.65,21.72,7810917,62,62.62,61.66,61.85,2742300,2026-03-03T03:47:42Z
UNP,2009-09-23,21.35,21.86,21.33,21.77,8748019,60.82,62.25,60.75,62,3071300,2026-03-03T03:47:42Z
UNP,2009-09-24,21.3,21.56,21.07,21.36,9209993,60.68,61.41,60,60.84,3233500,2026-03-03T03:47:42Z
UNP,2009-09-25,20.89,21.32,20.76,21.16,10819579,59.5,60.72,59.14,60.27,3798600,2026-03-03T03:47:42Z
UNP,2009-09-28,21.17,21.3,20.86,21.13,5541966,60.29,60.66,59.41,60.17,1945700,2026-03-03T03:47:42Z
UNP,2009-09-29,20.76,21.25,20.73,21.18,8189456,59.14,60.52,59.05,60.32,2875200,2026-03-03T03:47:42Z
UNP,2009-09-30,20.49,20.89,20.17,20.81,15585406,58.35,59.5,57.44,59.27,5471800,2026-03-03T03:47:42Z
UNP,2009-10-01,20.38,21.14,20.34,20.74,17639599,58.06,60.2,57.94,59.07,6193000,2026-03-03T03:47:42Z
UNP,2009-10-02,20.15,20.57,20.03,20.17,13705484,57.38,58.6,57.06,57.46,4811800,2026-03-03T03:47:42Z
UNP,2009-10-05,20.49,20.58,20.08,20.16,8224191,58.37,58.62,57.19,57.43,2887400,2026-03-03T03:47:42Z
UNP,2009-10-06,20.65,20.91,20.45,20.78,8058735,58.81,59.55,58.25,59.2,2829300,2026-03-03T03:47:42Z
UNP,2009-10-07,20.59,20.74,20.44,20.56,6662496,58.64,59.07,58.22,58.57,2339100,2026-03-03T03:47:42Z
UNP,2009-10-08,20.87,21.05,20.69,20.82,12857287,59.45,59.96,58.92,59.29,4514000,2026-03-03T03:47:42Z
UNP,2009-10-09,20.99,21.09,20.72,20.87,9474901,59.79,60.07,59.01,59.43,3326500,2026-03-03T03:47:42Z
UNP,2009-10-12,20.93,21.31,20.78,21.03,7932258,59.61,60.69,59.19,59.89,2784900,2026-03-03T03:47:42Z
UNP,2009-10-13,21.03,21.06,20.64,20.84,11314639,59.91,59.99,58.79,59.37,3972400,2026-03-03T03:47:42Z
UNP,2009-10-14,22.07,22.09,21.32,21.32,14897248,62.86,62.91,60.73,60.73,5230200,2026-03-03T03:47:42Z
UNP,2009-10-15,22.04,22.33,21.77,21.94,11794872,62.78,63.61,62,62.5,4141000,2026-03-03T03:47:42Z
UNP,2009-10-16,22.3,22.4,21.77,21.82,9721021,63.53,63.79,62,62.15,3412900,2026-03-03T03:47:42Z
UNP,2009-10-19,22.52,22.64,22.34,22.42,8669118,64.13,64.48,63.62,63.85,3043600,2026-03-03T03:47:42Z
UNP,2009-10-20,22.55,22.71,22.29,22.59,9174416,64.24,64.68,63.48,64.33,3221000,2026-03-03T03:47:42Z
UNP,2009-10-21,22.09,22.8,21.98,22.48,11319178,62.92,64.95,62.61,64.04,3974000,2026-03-03T03:47:42Z
UNP,2009-10-22,21.46,22.23,20.91,21.92,26582469,61.12,63.31,59.55,62.42,9332700,2026-03-03T03:47:42Z
UNP,2009-10-23,20.27,21.14,19.81,21.02,51253241,57.73,60.22,56.42,59.88,17994300,2026-03-03T03:47:42Z
UNP,2009-10-26,20.38,20.71,20.3,20.35,19479596,58.05,59,57.82,57.96,6839000,2026-03-03T03:47:42Z
UNP,2009-10-27,19.34,20.54,19.22,20.38,34018781,55.09,58.5,54.75,58.05,11943500,2026-03-03T03:47:42Z
UNP,2009-10-28,19.47,19.91,19.42,19.42,22601322,55.45,56.7,55.32,55.32,7935000,2026-03-03T03:47:42Z
UNP,2009-10-29,19.83,20.06,19.56,19.56,12827935,56.48,57.14,55.72,55.72,4503700,2026-03-03T03:47:42Z
UNP,2009-10-30,19.36,19.96,19.27,19.77,14148158,55.14,56.85,54.88,56.32,4967200,2026-03-03T03:47:42Z
UNP,2009-11-02,19.33,19.89,19.03,19.39,17768577,55.06,56.66,54.2,55.22,6238300,2026-03-03T03:47:42Z
UNP,2009-11-03,20.86,20.86,20.25,20.3,56079471,59.41,59.41,57.69,57.81,19688700,2026-03-03T03:47:42Z
UNP,2009-11-04,20.77,21.48,20.67,21.22,30617052,59.15,61.19,58.86,60.45,10749200,2026-03-03T03:47:42Z
UNP,2009-11-05,21.29,21.32,20.78,21,17870320,60.65,60.73,59.18,59.81,6274000,2026-03-03T03:47:42Z
UNP,2009-11-06,21.89,22.17,21.22,21.22,25747280,62.36,63.14,60.43,60.43,9039500,2026-03-03T03:47:42Z
UNP,2009-11-09,21.9,22.19,21.52,21.82,25709992,62.38,63.2,61.3,62.15,9026400,2026-03-03T03:47:42Z
UNP,2009-11-10,21.81,21.94,21.55,21.73,16099803,62.12,62.48,61.39,61.88,5652400,2026-03-03T03:47:42Z
UNP,2009-11-11,22.15,22.32,21.9,21.95,9529865,63.09,63.56,62.39,62.51,3345800,2026-03-03T03:47:42Z
UNP,2009-11-12,21.94,22.36,21.86,22.19,10524237,62.5,63.68,62.26,63.2,3694900,2026-03-03T03:47:42Z
UNP,2009-11-13,22.31,22.34,21.93,21.93,8384275,63.55,63.63,62.45,62.45,2943600,2026-03-03T03:47:42Z
UNP,2009-11-16,22.84,22.84,22.32,22.33,13238947,65.05,65.05,63.57,63.61,4648000,2026-03-03T03:47:42Z
UNP,2009-11-17,23.16,23.19,22.66,22.78,14586189,65.96,66.04,64.55,64.89,5121000,2026-03-03T03:47:42Z
UNP,2009-11-18,23.15,23.2,22.85,23.09,10845780,65.94,66.07,65.09,65.77,3807800,2026-03-03T03:47:42Z
UNP,2009-11-19,22.7,23.03,22.56,23.03,11764939,64.67,65.59,64.25,65.59,4130500,2026-03-03T03:47:42Z
UNP,2009-11-20,22.84,22.91,22.58,22.66,10354748,65.05,65.25,64.3,64.54,3635400,2026-03-03T03:47:42Z
UNP,2009-11-23,23.21,23.43,23.12,23.21,10592889,66.11,66.73,65.86,66.1,3719000,2026-03-03T03:47:42Z
UNP,2009-11-24,22.61,23.21,22.48,22.79,13318134,64.41,66.11,64.03,64.9,4675800,2026-03-03T03:47:42Z
UNP,2009-11-25,22.74,22.84,22.53,22.77,7838036,64.5,64.79,63.9,64.59,2763400,2026-03-03T03:47:42Z
