ticker,tradeDate,clsPx,hiPx,loPx,open,stockVolume,unadjClsPx,unadjHiPx,unadjLoPx,unadjOpen,unadjStockVolume,updatedAt
UPS,2006-01-03,38.77,39.07,37.82,39.07,6928349,75.55,76.14,73.7,76.14,3555000,2026-02-21T03:46:41Z
UPS,2006-01-04,38.82,39.05,38.66,38.82,5765830,75.65,76.1,75.35,75.65,2958500,2026-02-21T03:46:41Z
UPS,2006-01-05,38.83,39.03,38.72,38.82,4480138,75.68,76.06,75.47,75.65,2298800,2026-02-21T03:46:41Z
UPS,2006-01-06,38.6,39,38.26,38.96,5838329,75.23,76,74.57,75.93,2995700,2026-02-21T03:46:41Z
UPS,2006-01-09,39.07,39.17,38.53,38.59,5844949,76.15,76.34,75.1,75.21,2999100,2026-02-21T03:46:41Z
UPS,2006-01-10,38.86,39.07,38.74,39.07,4129139,75.74,76.15,75.51,76.15,2118700,2026-02-21T03:46:41Z
UPS,2006-01-11,38.66,38.98,38.55,38.98,3581886,75.35,75.96,75.12,75.96,1837900,2026-02-21T03:46:41Z
UPS,2006-01-12,38.31,38.5,38.11,38.45,5406641,74.67,75.03,74.28,74.93,2774200,2026-02-21T03:46:41Z
UPS,2006-01-13,38.23,38.6,38.1,38.47,3404727,74.5,75.23,74.25,74.98,1747000,2026-02-21T03:46:41Z
UPS,2006-01-17,38.44,38.73,38.32,38.48,5579895,74.92,75.49,74.69,75,2863100,2026-02-21T03:46:41Z
UPS,2006-01-18,38.79,38.95,38.31,38.45,4623373,75.59,75.91,74.67,74.93,2372300,2026-02-21T03:46:41Z
UPS,2006-01-19,39.29,39.5,38.74,38.89,4924878,76.58,76.99,75.5,75.79,2527000,2026-02-21T03:46:41Z
UPS,2006-01-20,38.61,39.5,38.48,39.35,8318877,75.24,76.98,75,76.69,4268500,2026-02-21T03:46:41Z
UPS,2006-01-23,38.59,38.85,38.29,38.83,4688078,75.21,75.71,74.63,75.68,2405500,2026-02-21T03:46:41Z
UPS,2006-01-24,39.07,39.25,38.62,38.73,6303331,76.15,76.5,75.26,75.49,3234300,2026-02-21T03:46:41Z
UPS,2006-01-25,39.39,39.48,38.89,39.28,7069833,76.76,76.94,75.8,76.55,3627600,2026-02-21T03:46:41Z
UPS,2006-01-26,38.77,39.35,38.1,39.35,13353882,75.55,76.7,74.26,76.7,6852000,2026-02-21T03:46:41Z
UPS,2006-01-27,38.69,38.91,38.48,38.89,7976261,75.4,75.84,74.99,75.8,4092700,2026-02-21T03:46:41Z
UPS,2006-01-30,38.43,38.85,38.43,38.77,4460061,74.9,75.71,74.9,75.55,2288500,2026-02-21T03:46:41Z
UPS,2006-01-31,38.44,38.71,38.29,38.44,5010046,74.91,75.45,74.62,74.91,2570700,2026-02-21T03:46:41Z
UPS,2006-02-01,38.36,38.46,38.11,38.45,4580889,74.76,74.96,74.27,74.93,2350500,2026-02-21T03:46:41Z
UPS,2006-02-02,37.82,38.53,37.82,38.35,4606424,73.71,75.1,73.7,74.74,2363600,2026-02-21T03:46:41Z
UPS,2006-02-03,37.49,37.61,37.33,37.46,5159129,73.06,73.3,72.75,73,2647200,2026-02-21T03:46:41Z
UPS,2006-02-06,37.71,37.86,37.43,37.49,3468461,73.49,73.79,72.95,73.06,1779700,2026-02-21T03:46:41Z
UPS,2006-02-07,37.35,37.89,37.32,37.77,4902259,72.79,73.85,72.74,73.62,2515400,2026-02-21T03:46:41Z
UPS,2006-02-08,37.91,37.97,37.35,37.35,4075546,73.88,74,72.8,72.8,2091200,2026-02-21T03:46:41Z
UPS,2006-02-09,37.85,37.92,37.67,37.92,4299275,73.77,73.9,73.42,73.9,2206000,2026-02-21T03:46:41Z
UPS,2006-02-10,38.37,38.62,37.86,37.92,5575227,74.78,75.26,73.78,73.9,2860700,2026-02-21T03:46:41Z
UPS,2006-02-13,38.5,38.63,38.16,38.17,3233813,75.03,75.28,74.36,74.4,1659300,2026-02-21T03:46:41Z
UPS,2006-02-14,38.96,39.14,38.49,38.61,6803416,75.92,76.28,75.02,75.25,3490900,2026-02-21T03:46:41Z
UPS,2006-02-15,39.15,39.18,38.63,38.96,4171619,76.3,76.35,75.28,75.93,2140500,2026-02-21T03:46:41Z
UPS,2006-02-16,39.24,39.29,38.93,39.14,4110122,76.1,76.19,75.5,75.9,2119500,2026-02-21T03:46:41Z
UPS,2006-02-17,39.32,39.36,39.09,39.35,4321888,76.25,76.32,75.81,76.3,2228700,2026-02-21T03:46:41Z
UPS,2006-02-21,38.8,39.28,38.6,39.27,4716505,75.25,76.18,74.86,76.16,2432200,2026-02-21T03:46:41Z
UPS,2006-02-22,39.12,39.25,38.96,39.05,3853178,75.87,76.12,75.55,75.73,1987000,2026-02-21T03:46:41Z
UPS,2006-02-23,38.82,39.14,38.78,38.86,3571800,75.27,75.9,75.21,75.35,1841900,2026-02-21T03:46:41Z
UPS,2006-02-24,38.84,39.09,38.68,38.87,3892735,75.32,75.81,75.01,75.38,2007400,2026-02-21T03:46:41Z
UPS,2006-02-27,39.17,39.19,38.84,38.84,2844219,75.95,76,75.32,75.32,1466700,2026-02-21T03:46:41Z
UPS,2006-02-28,38.53,39.15,38.48,39.09,5543188,74.71,75.91,74.63,75.8,2858500,2026-02-21T03:46:41Z
UPS,2006-03-01,38.84,38.93,38.61,38.73,4425238,75.32,75.5,74.88,75.1,2282000,2026-02-21T03:46:41Z
UPS,2006-03-02,38.65,38.76,38.43,38.71,4115936,74.95,75.17,74.52,75.07,2122500,2026-02-21T03:46:41Z
UPS,2006-03-03,38.94,39.19,38.38,38.38,5836206,75.51,76,74.42,74.43,3009600,2026-02-21T03:46:41Z
UPS,2006-03-06,39.24,39.36,38.75,38.88,4889290,76.1,76.33,75.15,75.4,2521300,2026-02-21T03:46:41Z
UPS,2006-03-07,39.66,39.69,39.16,39.28,5317664,76.9,76.97,75.94,76.17,2742200,2026-02-21T03:46:41Z
UPS,2006-03-08,39.71,39.71,39.2,39.58,5772983,77,77,76.01,76.75,2977000,2026-02-21T03:46:41Z
UPS,2006-03-09,39.55,39.83,39.41,39.66,4774490,76.7,77.23,76.42,76.9,2462100,2026-02-21T03:46:41Z
UPS,2006-03-10,39.89,39.97,39.41,39.55,5327556,77.36,77.51,76.43,76.7,2747300,2026-02-21T03:46:41Z
UPS,2006-03-13,39.65,40.07,39.55,40.06,3510134,76.89,77.7,76.7,77.69,1810100,2026-02-21T03:46:41Z
UPS,2006-03-14,40.27,40.32,39.62,39.65,6291918,78.1,78.18,76.83,76.89,3244600,2026-02-21T03:46:41Z
UPS,2006-03-15,40.34,40.42,40.05,40.19,5189283,78.23,78.39,77.66,77.94,2676000,2026-02-21T03:46:41Z
UPS,2006-03-16,40.22,40.31,40,40.22,6418925,78,78.17,77.56,78,3310100,2026-02-21T03:46:41Z
UPS,2006-03-17,40.3,40.39,40.17,40.38,6606444,78.14,78.32,77.89,78.3,3406800,2026-02-21T03:46:41Z
UPS,2006-03-20,40.34,40.43,40.12,40.27,3828555,78.22,78.4,77.81,78.1,1974300,2026-02-21T03:46:41Z
UPS,2006-03-21,40.24,40.48,40.2,40.47,4710692,78.04,78.49,77.96,78.47,2429200,2026-02-21T03:46:41Z
UPS,2006-03-22,40.66,40.69,40.15,40.24,4427570,78.85,78.91,77.85,78.04,2283200,2026-02-21T03:46:41Z
UPS,2006-03-23,40.67,40.72,40.41,40.67,4774099,78.86,78.96,78.36,78.86,2461900,2026-02-21T03:46:41Z
UPS,2006-03-24,40.65,40.69,40.26,40.26,3605742,78.82,78.9,78.08,78.08,1859400,2026-02-21T03:46:41Z
UPS,2006-03-27,40.68,40.77,40.51,40.65,3450412,78.89,79.07,78.56,78.82,1779300,2026-02-21T03:46:41Z
UPS,2006-03-28,40.67,40.82,40.26,40.26,3871216,78.87,79.15,78.07,78.07,1996300,2026-02-21T03:46:41Z
UPS,2006-03-29,41.05,41.19,40.69,40.8,6249825,79.6,79.88,78.91,79.12,3222900,2026-02-21T03:46:41Z
UPS,2006-03-30,41.01,41.35,40.87,40.97,6506193,79.52,80.18,79.26,79.45,3355100,2026-02-21T03:46:41Z
UPS,2006-03-31,40.93,41.24,40.92,41.08,6186614,79.38,79.98,79.36,79.67,3190300,2026-02-21T03:46:41Z
UPS,2006-04-03,41.04,41.27,40.87,41.15,5803823,79.58,80.03,79.25,79.8,2992900,2026-02-21T03:46:41Z
UPS,2006-04-04,41.59,41.71,41.08,41.15,6624293,80.65,80.89,79.67,79.8,3416000,2026-02-21T03:46:41Z
UPS,2006-04-05,41.72,41.83,41.53,41.58,5476480,80.91,81.11,80.54,80.64,2824100,2026-02-21T03:46:41Z
UPS,2006-04-06,41.95,42.01,41.33,41.69,5164463,81.35,81.47,80.15,80.84,2663200,2026-02-21T03:46:41Z
UPS,2006-04-07,42.15,42.2,41.78,41.95,7303591,81.74,81.83,81.03,81.35,3766300,2026-02-21T03:46:41Z
UPS,2006-04-10,42.06,42.27,41.78,42.18,3997072,81.57,81.96,81.02,81.8,2061200,2026-02-21T03:46:41Z
UPS,2006-04-11,41.91,42.16,41.65,42.13,5303897,81.27,81.75,80.77,81.7,2735100,2026-02-21T03:46:41Z
UPS,2006-04-12,42.01,42.13,41.9,42.08,4113034,81.46,81.7,81.26,81.6,2121000,2026-02-21T03:46:41Z
UPS,2006-04-13,42.08,42.09,41.88,42.01,3121329,81.6,81.63,81.22,81.47,1609600,2026-02-21T03:46:41Z
UPS,2006-04-17,41.79,42.16,41.72,42.02,4824915,81.04,81.75,80.91,81.48,2488100,2026-02-21T03:46:41Z
UPS,2006-04-18,42.49,42.58,41.89,42.2,7080575,82.4,82.57,81.23,81.84,3651300,2026-02-21T03:46:41Z
UPS,2006-04-19,42.55,42.73,42.38,42.72,4515225,82.52,82.87,82.18,82.85,2328400,2026-02-21T03:46:41Z
UPS,2006-04-20,42.31,42.58,42.03,42.03,6932423,82.05,82.57,81.5,81.5,3574900,2026-02-21T03:46:41Z
UPS,2006-04-21,42.3,42.62,42.06,42.52,5268593,82.03,82.64,81.57,82.46,2716900,2026-02-21T03:46:41Z
UPS,2006-04-24,42.28,42.5,42.17,42.3,4286593,81.99,82.42,81.77,82.03,2210500,2026-02-21T03:46:41Z
UPS,2006-04-25,41.72,42.29,41.6,42.29,5898067,80.9,82.01,80.68,82,3041500,2026-02-21T03:46:41Z
UPS,2006-04-26,41.76,41.98,41.51,41.73,3463402,80.98,81.4,80.5,80.93,1786000,2026-02-21T03:46:41Z
UPS,2006-04-27,42,42.12,41.52,41.72,5811956,81.45,81.67,80.52,80.91,2997100,2026-02-21T03:46:41Z
UPS,2006-04-28,41.81,41.97,41.67,41.97,5187153,81.07,81.39,80.8,81.39,2674900,2026-02-21T03:46:41Z
UPS,2006-05-01,41.71,41.99,41.56,41.94,4528217,80.88,81.42,80.6,81.32,2335100,2026-02-21T03:46:41Z
UPS,2006-05-02,42.09,42.26,41.61,41.99,4504554,81.63,81.95,80.69,81.42,2322900,2026-02-21T03:46:41Z
UPS,2006-05-03,42.11,42.36,41.94,42.09,4077933,81.65,82.15,81.33,81.63,2102900,2026-02-21T03:46:41Z
UPS,2006-05-04,42.49,42.73,42.28,42.29,4948044,82.4,82.86,81.99,82,2551600,2026-02-21T03:46:41Z
UPS,2006-05-05,42.98,43.27,42.67,42.8,6395652,83.35,83.91,82.74,83,3298100,2026-02-21T03:46:41Z
UPS,2006-05-08,42.86,43.31,42.82,43.31,3997843,83.11,83.99,83.04,83.98,2061600,2026-02-21T03:46:41Z
UPS,2006-05-09,42.85,43.03,42.55,42.86,4086468,83.1,83.44,82.51,83.12,2107300,2026-02-21T03:46:41Z
UPS,2006-05-10,42.72,42.8,42.53,42.67,4317037,82.85,83,82.47,82.75,2226200,2026-02-21T03:46:41Z
UPS,2006-05-11,42.39,42.77,42.15,42.72,4532728,81.83,82.55,81.37,82.47,2348200,2026-02-21T03:46:41Z
UPS,2006-05-12,41.89,42.4,41.83,42.39,4502817,80.86,81.84,80.75,81.83,2332700,2026-02-21T03:46:41Z
UPS,2006-05-15,42.13,42.31,41.6,41.7,4651440,81.32,81.67,80.3,80.5,2409700,2026-02-21T03:46:41Z
UPS,2006-05-16,41.84,42.17,41.84,42.13,3487863,80.76,81.4,80.76,81.32,1806900,2026-02-21T03:46:41Z
UPS,2006-05-17,41.3,41.71,41.12,41.58,5850168,79.73,80.52,79.38,80.26,3030700,2026-02-21T03:46:41Z
UPS,2006-05-18,41.19,41.6,41.17,41.44,6345283,79.5,80.3,79.48,80,3287200,2026-02-21T03:46:41Z
UPS,2006-05-19,41.41,41.56,41.09,41.24,5424149,79.94,80.23,79.31,79.6,2810000,2026-02-21T03:46:41Z
UPS,2006-05-22,41.6,41.93,41.2,41.6,6252635,80.3,80.94,79.52,80.3,3239200,2026-02-21T03:46:41Z
UPS,2006-05-23,41.7,42.17,41.66,41.73,6108057,80.5,81.4,80.41,80.55,3164300,2026-02-21T03:46:41Z
UPS,2006-05-24,41.44,41.84,41.24,41.55,7124936,80,80.77,79.6,80.2,3691100,2026-02-21T03:46:41Z
UPS,2006-05-25,41.73,42.05,41.64,41.76,3834151,80.55,81.17,80.37,80.6,1986300,2026-02-21T03:46:41Z
UPS,2006-05-26,41.98,42,41.7,41.9,2680995,81.03,81.07,80.5,80.88,1388900,2026-02-21T03:46:41Z
UPS,2006-05-30,41.34,41.85,41.29,41.85,3489212,79.8,80.79,79.7,80.78,1807600,2026-02-21T03:46:41Z
UPS,2006-05-31,41.73,41.73,41.33,41.47,5080738,80.55,80.55,79.77,80.05,2632100,2026-02-21T03:46:41Z
UPS,2006-06-01,41.97,42.04,41.61,41.9,3611781,81.01,81.15,80.32,80.87,1871100,2026-02-21T03:46:41Z
UPS,2006-06-02,41.99,42.09,41.79,41.97,4214616,81.05,81.25,80.67,81.01,2183400,2026-02-21T03:46:41Z
UPS,2006-06-05,41.24,42.02,41.18,41.97,3964642,79.61,81.11,79.49,81.02,2053900,2026-02-21T03:46:41Z
UPS,2006-06-06,41.47,41.54,40.88,41.31,3943415,80.04,80.18,78.91,79.75,2042900,2026-02-21T03:46:41Z
UPS,2006-06-07,41.25,41.9,41.23,41.5,4493936,79.63,80.88,79.58,80.1,2328100,2026-02-21T03:46:41Z
UPS,2006-06-08,41.23,41.37,40.54,41.27,6002661,79.58,79.85,78.25,79.66,3109700,2026-02-21T03:46:41Z
UPS,2006-06-09,40.92,41.6,40.91,41.23,3873532,78.99,80.31,78.96,79.58,2006700,2026-02-21T03:46:41Z
UPS,2006-06-12,40.75,41.21,40.75,41.03,3135582,78.66,79.54,78.66,79.2,1624400,2026-02-21T03:46:41Z
UPS,2006-06-13,40.78,41.24,40.68,40.82,4630406,78.72,79.6,78.52,78.8,2398800,2026-02-21T03:46:41Z
UPS,2006-06-14,40.51,40.9,40.17,40.65,5630690,78.2,78.95,77.55,78.47,2917000,2026-02-21T03:46:41Z
UPS,2006-06-15,41.22,41.28,40.41,40.5,6319221,79.56,79.69,78,78.18,3273700,2026-02-21T03:46:41Z
UPS,2006-06-16,41.07,41.42,41.04,41.22,6776709,79.28,79.95,79.22,79.56,3510700,2026-02-21T03:46:41Z
UPS,2006-06-19,41.08,41.42,40.95,41.37,4710705,79.29,79.95,79.05,79.85,2440400,2026-02-21T03:46:41Z
UPS,2006-06-20,41.29,41.54,41.12,41.13,4619786,79.71,80.19,79.38,79.4,2393300,2026-02-21T03:46:41Z
UPS,2006-06-21,41.6,41.89,41.5,41.58,6596808,80.3,80.86,80.11,80.26,3417500,2026-02-21T03:46:41Z
UPS,2006-06-22,41.7,41.8,41.36,41.57,3718921,80.5,80.69,79.84,80.25,1926600,2026-02-21T03:46:41Z
UPS,2006-06-23,41.65,41.96,41.37,41.47,3046210,80.4,80.99,79.86,80.04,1578100,2026-02-21T03:46:41Z
UPS,2006-06-26,41.8,41.8,41.46,41.51,2252081,80.68,80.68,80.03,80.12,1166700,2026-02-21T03:46:41Z
UPS,2006-06-27,41.7,41.99,41.67,41.73,3649237,80.5,81.06,80.43,80.55,1890500,2026-02-21T03:46:41Z
UPS,2006-06-28,42.07,42.13,41.7,41.74,5120313,81.2,81.32,80.5,80.57,2652600,2026-02-21T03:46:41Z
UPS,2006-06-29,42.88,42.92,42.22,42.4,6105545,82.77,82.84,81.5,81.85,3163000,2026-02-21T03:46:41Z
UPS,2006-06-30,42.65,43.07,42.65,42.98,5162587,82.33,83.13,82.33,82.96,2674500,2026-02-21T03:46:41Z
UPS,2006-07-03,42.96,43,42.76,42.99,1462396,82.93,83,82.54,82.98,757600,2026-02-21T03:46:41Z
UPS,2006-07-05,42.72,42.97,42.4,42.97,3803465,82.47,82.94,81.85,82.94,1970400,2026-02-21T03:46:41Z
UPS,2006-07-06,42.46,42.79,42.17,42.72,3774703,81.96,82.59,81.41,82.47,1955500,2026-02-21T03:46:41Z
UPS,2006-07-07,42.01,42.41,41.9,42.41,3062035,81.09,81.87,80.88,81.86,1586300,2026-02-21T03:46:41Z
UPS,2006-07-10,42.16,42.28,41.95,42.03,1864865,81.38,81.61,80.97,81.14,966100,2026-02-21T03:46:41Z
UPS,2006-07-11,42.3,42.34,41.67,42.08,3123034,81.65,81.73,80.44,81.23,1617900,2026-02-21T03:46:41Z
UPS,2006-07-12,41.8,42.41,41.59,42.4,3601167,80.69,81.86,80.28,81.85,1865600,2026-02-21T03:46:41Z
UPS,2006-07-13,41.1,41.63,40.94,41.63,6682705,79.33,80.35,79.03,80.35,3462000,2026-02-21T03:46:41Z
UPS,2006-07-14,40.7,41.11,40,41.1,6318839,78.57,79.36,77.22,79.33,3273500,2026-02-21T03:46:41Z
UPS,2006-07-17,40.71,41.01,40.54,40.71,3300620,78.58,79.17,78.26,78.58,1709900,2026-02-21T03:46:41Z
UPS,2006-07-18,40.91,41,40.4,40.59,4038963,78.97,79.14,77.98,78.36,2092400,2026-02-21T03:46:41Z
UPS,2006-07-19,41.68,41.9,41.14,41.21,7102549,80.45,80.88,79.42,79.54,3679500,2026-02-21T03:46:41Z
UPS,2006-07-20,40.91,41.88,40.88,41.58,5042720,78.97,80.84,78.92,80.27,2612400,2026-02-21T03:46:41Z
UPS,2006-07-21,40.79,41.16,40.37,41.16,6888663,78.73,79.45,77.92,79.45,3568700,2026-02-21T03:46:41Z
UPS,2006-07-24,41.44,41.6,40.82,40.82,4591994,80,80.31,78.8,78.8,2378900,2026-02-21T03:46:41Z
UPS,2006-07-25,37.2,37.24,34.84,37.22,89652766,71.8,71.88,67.25,71.85,46445000,2026-02-21T03:46:41Z
UPS,2006-07-26,35.14,36.88,35.11,36.83,38455842,67.83,71.2,67.78,71.1,19922200,2026-02-21T03:46:41Z
UPS,2006-07-27,35.46,35.56,34.61,35.02,24304991,68.45,68.65,66.8,67.59,12591300,2026-02-21T03:46:41Z
UPS,2006-07-28,36.27,36.34,35.3,35.49,15395868,70.01,70.15,68.15,68.5,7975900,2026-02-21T03:46:41Z
UPS,2006-07-31,35.7,36.08,35.62,36.06,9521401,68.91,69.65,68.75,69.6,4932600,2026-02-21T03:46:41Z
UPS,2006-08-01,35.65,35.76,35.24,35.57,7707689,68.81,69.02,68.02,68.66,3993000,2026-02-21T03:46:41Z
UPS,2006-08-02,35.27,35.73,35.18,35.62,12367628,68.09,68.96,67.9,68.76,6407100,2026-02-21T03:46:41Z
UPS,2006-08-03,35.54,35.69,34.96,35.15,11023368,68.6,68.89,67.49,67.84,5710700,2026-02-21T03:46:41Z
UPS,2006-08-04,35.09,36.73,34.97,36.25,14045631,67.74,70.9,67.5,69.98,7276400,2026-02-21T03:46:41Z
UPS,2006-08-07,34.46,35.51,34.45,35.51,9173361,66.51,68.55,66.5,68.55,4752300,2026-02-21T03:46:41Z
UPS,2006-08-08,34.29,34.64,34.06,34.59,10198549,66.19,66.87,65.75,66.76,5283400,2026-02-21T03:46:41Z
UPS,2006-08-09,34.15,34.6,33.94,34.53,11114870,65.92,66.79,65.51,66.66,5758100,2026-02-21T03:46:41Z
UPS,2006-08-10,34.44,34.5,33.93,33.93,8021178,66.48,66.6,65.5,65.5,4155400,2026-02-21T03:46:41Z
UPS,2006-08-11,34.46,34.6,34.25,34.56,6839436,66.51,66.79,66.12,66.72,3543200,2026-02-21T03:46:41Z
UPS,2006-08-14,34.87,35.22,34.74,34.81,9895696,67.3,67.99,67.05,67.19,5126500,2026-02-21T03:46:41Z
UPS,2006-08-15,35.75,35.8,35.23,35.33,8665898,69,69.1,68.01,68.19,4489400,2026-02-21T03:46:41Z
UPS,2006-08-16,37.37,37.39,36.03,36.12,19608591,72.13,72.18,69.55,69.72,10158300,2026-02-21T03:46:41Z
UPS,2006-08-17,37.32,37.56,37.09,37.24,8278636,71.65,72.13,71.22,71.5,4311500,2026-02-21T03:46:41Z
UPS,2006-08-18,37.02,37.37,36.82,37.31,6931482,71.08,71.75,70.7,71.65,3609900,2026-02-21T03:46:41Z
UPS,2006-08-21,36.44,36.92,36.43,36.91,6127525,69.97,70.89,69.95,70.88,3191200,2026-02-21T03:46:41Z
UPS,2006-08-22,36.95,37.06,36.32,36.57,6290348,70.94,71.16,69.74,70.22,3276000,2026-02-21T03:46:41Z
UPS,2006-08-23,36.73,37.29,36.5,37.08,6120026,70.52,71.6,70.08,71.19,3187300,2026-02-21T03:46:41Z
UPS,2006-08-24,36.46,37.11,36.34,37.03,5249069,70,71.25,69.77,71.1,2733700,2026-02-21T03:46:41Z
UPS,2006-08-25,36.75,36.83,36.42,36.46,3958926,70.57,70.71,69.93,70,2061800,2026-02-21T03:46:41Z
UPS,2006-08-28,36.73,37.25,36.6,36.94,6115804,70.53,71.52,70.28,70.92,3185100,2026-02-21T03:46:41Z
UPS,2006-08-29,36.63,36.97,36.46,36.97,8113709,70.34,70.98,70.01,70.98,4225600,2026-02-21T03:46:41Z
UPS,2006-08-30,36.74,36.83,36.55,36.77,4141336,70.54,70.72,70.18,70.6,2156800,2026-02-21T03:46:41Z
UPS,2006-08-31,36.48,37.04,36.19,36.92,8827414,70.05,71.12,69.49,70.9,4597300,2026-02-21T03:46:41Z
UPS,2006-09-01,37.02,37.08,36.72,36.92,5193379,71.08,71.19,70.51,70.9,2704700,2026-02-21T03:46:41Z
UPS,2006-09-05,37.01,37.31,36.72,37.22,4431276,71.06,71.64,70.5,71.47,2307800,2026-02-21T03:46:41Z
UPS,2006-09-06,36.61,36.99,36.48,36.99,7098914,70.3,71.03,70.04,71.03,3697100,2026-02-21T03:46:41Z
UPS,2006-09-07,36.31,36.77,36.28,36.51,4584891,69.72,70.6,69.67,70.1,2387800,2026-02-21T03:46:41Z
UPS,2006-09-08,36.23,36.55,36.13,36.35,4229279,69.56,70.19,69.38,69.79,2202600,2026-02-21T03:46:41Z
UPS,2006-09-11,36.95,36.98,35.94,36.04,5816269,70.95,71.01,69,69.21,3029100,2026-02-21T03:46:41Z
UPS,2006-09-12,37.79,37.79,36.87,37.11,8502145,72.56,72.56,70.8,71.25,4427900,2026-02-21T03:46:41Z
UPS,2006-09-13,38.01,38.31,37.45,37.75,6360246,72.99,73.57,71.9,72.48,3312400,2026-02-21T03:46:41Z
UPS,2006-09-14,37.37,37.99,37.36,37.91,5139812,71.75,72.94,71.73,72.79,2676800,2026-02-21T03:46:41Z
UPS,2006-09-15,37.76,37.84,37.37,37.37,8488526,72.51,72.66,71.75,71.75,4420800,2026-02-21T03:46:41Z
UPS,2006-09-18,37.82,38.01,37.7,37.78,4743880,72.62,72.99,72.38,72.54,2470600,2026-02-21T03:46:41Z
UPS,2006-09-19,37.6,37.98,37.45,37.98,5272679,72.2,72.93,71.91,72.93,2746000,2026-02-21T03:46:41Z
UPS,2006-09-20,37.82,38.12,37.72,37.91,5090846,72.61,73.2,72.42,72.79,2651300,2026-02-21T03:46:41Z
UPS,2006-09-21,36.98,37.97,36.91,37.91,7110620,71.01,72.91,70.88,72.79,3703200,2026-02-21T03:46:41Z
UPS,2006-09-22,36.92,37.23,36.81,36.99,4494061,70.89,71.48,70.68,71.02,2340500,2026-02-21T03:46:41Z
UPS,2006-09-25,37.4,37.52,36.82,37.49,6444917,71.81,72.04,70.7,71.99,3356500,2026-02-21T03:46:41Z
UPS,2006-09-26,37.87,37.94,37.4,37.53,5369071,72.71,72.84,71.82,72.06,2796200,2026-02-21T03:46:41Z
UPS,2006-09-27,37.71,38,37.51,37.7,4968525,72.4,72.97,72.02,72.38,2587600,2026-02-21T03:46:41Z
UPS,2006-09-28,37.77,37.92,37.55,37.71,4334307,72.53,72.81,72.1,72.4,2257300,2026-02-21T03:46:41Z
UPS,2006-09-29,37.47,37.85,37.17,37.84,6076253,71.94,72.67,71.37,72.66,3164500,2026-02-21T03:46:41Z
UPS,2006-10-02,37.71,37.89,37.46,37.73,4904777,72.4,72.75,71.92,72.44,2554400,2026-02-21T03:46:41Z
UPS,2006-10-03,38.34,38.61,37.53,37.75,6414394,73.61,74.14,72.07,72.49,3340600,2026-02-21T03:46:41Z
UPS,2006-10-04,38.79,38.89,37.81,38.28,6749457,74.49,74.68,72.6,73.5,3515100,2026-02-21T03:46:41Z
UPS,2006-10-05,39.28,39.44,38.64,38.69,8477181,75.43,75.72,74.2,74.29,4414900,2026-02-21T03:46:41Z
UPS,2006-10-06,38.68,39.04,38.52,39.03,5125796,74.27,74.96,73.97,74.95,2669500,2026-02-21T03:46:41Z
UPS,2006-10-09,38.54,38.66,38.29,38.47,3835273,74,74.23,73.52,73.87,1997400,2026-02-21T03:46:41Z
UPS,2006-10-10,38.48,38.66,38.39,38.54,4098523,73.88,74.23,73.71,74,2134500,2026-02-21T03:46:41Z
UPS,2006-10-11,38.39,38.6,38.19,38.23,5040536,73.71,74.12,73.32,73.4,2625100,2026-02-21T03:46:41Z
UPS,2006-10-12,38.42,38.64,38.34,38.61,4071067,73.77,74.2,73.61,74.14,2120200,2026-02-21T03:46:41Z
UPS,2006-10-13,38.23,38.51,38.18,38.4,4186265,73.4,73.95,73.31,73.74,2180200,2026-02-21T03:46:41Z
UPS,2006-10-16,38.6,38.85,38.03,38.06,5483706,74.12,74.6,73.02,73.08,2855900,2026-02-21T03:46:41Z
UPS,2006-10-17,38.38,38.79,38.08,38.35,5905170,73.7,74.48,73.11,73.63,3075400,2026-02-21T03:46:41Z
UPS,2006-10-18,37.71,38.66,37.54,38.54,8639239,72.41,74.23,72.09,74,4499300,2026-02-21T03:46:41Z
UPS,2006-10-19,39.19,39.62,38.36,38.53,20425604,75.25,76.08,73.65,73.98,10637600,2026-02-21T03:46:41Z
UPS,2006-10-20,39.63,39.71,38.75,39.15,9628691,76.1,76.25,74.4,75.17,5014600,2026-02-21T03:46:41Z
UPS,2006-10-23,39.61,40.08,39.37,39.58,6145566,76.05,76.95,75.6,76,3200600,2026-02-21T03:46:41Z
UPS,2006-10-24,39.61,39.75,39.45,39.48,4983889,76.06,76.32,75.75,75.8,2595600,2026-02-21T03:46:41Z
UPS,2006-10-25,39.41,39.79,39.13,39.55,4943374,75.68,76.41,75.13,75.94,2574500,2026-02-21T03:46:41Z
UPS,2006-10-26,39.29,39.49,39.2,39.38,3028046,75.45,75.83,75.27,75.61,1577000,2026-02-21T03:46:41Z
UPS,2006-10-27,38.99,39.26,38.93,39.26,4568571,74.87,75.39,74.75,75.38,2379300,2026-02-21T03:46:41Z
UPS,2006-10-30,39.53,39.58,39,39,5369448,75.9,76,74.88,74.88,2796400,2026-02-21T03:46:41Z
UPS,2006-10-31,39.24,39.81,39.06,39.58,5793229,75.35,76.44,75.01,76,3017100,2026-02-21T03:46:41Z
UPS,2006-11-01,38.64,39.62,38.51,39.52,6357745,74.2,76.08,73.95,75.89,3311100,2026-02-21T03:46:41Z
UPS,2006-11-02,38.54,38.8,38.43,38.61,3705088,74,74.5,73.79,74.13,1929600,2026-02-21T03:46:41Z
UPS,2006-11-03,38.12,38.8,38.12,38.73,4153627,73.2,74.5,73.2,74.37,2163200,2026-02-21T03:46:41Z
UPS,2006-11-06,38.85,39.01,38.4,38.4,6571074,74.6,74.91,73.73,73.74,3422200,2026-02-21T03:46:41Z
UPS,2006-11-07,39.22,39.3,38.71,38.85,6955095,75.31,75.46,74.32,74.6,3622200,2026-02-21T03:46:41Z
UPS,2006-11-08,39.02,39.16,38.75,39.16,3824898,74.93,75.19,74.41,75.19,1992000,2026-02-21T03:46:41Z
UPS,2006-11-09,38.74,39,38.62,38.95,5931483,74.39,74.89,74.15,74.78,3089100,2026-02-21T03:46:41Z
UPS,2006-11-10,39.35,39.45,38.85,38.92,4207004,75.56,75.74,74.6,74.74,2191000,2026-02-21T03:46:41Z
UPS,2006-11-13,39.72,39.78,39.29,39.35,7176688,76.26,76.38,75.44,75.56,3737600,2026-02-21T03:46:41Z
UPS,2006-11-14,40.42,40.5,39.61,39.78,10269632,77.61,77.77,76.06,76.39,5348400,2026-02-21T03:46:41Z
UPS,2006-11-15,40.58,40.65,40.26,40.36,6708546,77.91,78.06,77.31,77.5,3493800,2026-02-21T03:46:41Z
UPS,2006-11-16,40.92,41.09,40.57,40.58,6311853,78.58,78.89,77.9,77.92,3287200,2026-02-21T03:46:41Z
UPS,2006-11-17,41.21,41.4,40.97,41.14,10070710,79.13,79.49,78.67,79,5244800,2026-02-21T03:46:41Z
UPS,2006-11-20,41.29,41.52,40.98,41.21,5280174,79.28,79.72,78.69,79.13,2749900,2026-02-21T03:46:41Z
UPS,2006-11-21,41.41,41.5,41.03,41.29,7490054,79.52,79.68,78.79,79.28,3900800,2026-02-21T03:46:41Z
UPS,2006-11-22,41.35,41.52,41.22,41.45,4028679,79.02,79.35,78.76,79.2,2108200,2026-02-21T03:46:41Z
UPS,2006-11-24,41.26,41.49,41.22,41.4,1958540,78.84,79.28,78.76,79.12,1024900,2026-02-21T03:46:41Z
UPS,2006-11-27,40.96,41.6,40.92,41.22,7146203,78.27,79.5,78.2,78.76,3739600,2026-02-21T03:46:41Z
UPS,2006-11-28,40.89,40.98,40.52,40.9,5496290,78.13,78.31,77.44,78.15,2876200,2026-02-21T03:46:41Z
UPS,2006-11-29,41.12,41.19,40.8,40.94,5444693,78.58,78.71,77.96,78.24,2849200,2026-02-21T03:46:41Z
UPS,2006-11-30,40.78,41.17,40.5,40.88,8002893,77.92,78.68,77.4,78.12,4187900,2026-02-21T03:46:41Z
UPS,2006-12-01,40.46,40.87,40.12,40.77,5682608,77.31,78.1,76.66,77.92,2973700,2026-02-21T03:46:41Z
UPS,2006-12-04,40.83,41.03,40.52,40.52,5697128,78.03,78.41,77.43,77.44,2981300,2026-02-21T03:46:41Z
UPS,2006-12-05,40.92,41.08,40.63,40.95,5270033,78.19,78.5,77.65,78.25,2757800,2026-02-21T03:46:41Z
UPS,2006-12-06,40.84,40.97,40.66,40.92,3620879,78.04,78.3,77.69,78.19,1894800,2026-02-21T03:46:41Z
UPS,2006-12-07,40.82,41.22,40.75,41.07,5408769,78.01,78.77,77.87,78.49,2830400,2026-02-21T03:46:41Z
UPS,2006-12-08,40.87,41.02,40.48,40.72,4083333,78.11,78.38,77.36,77.81,2136800,2026-02-21T03:46:41Z
UPS,2006-12-11,40.7,41.02,40.49,40.84,2912106,77.77,78.39,77.37,78.05,1523900,2026-02-21T03:46:41Z
UPS,2006-12-12,40.24,40.69,40.03,40.58,6650133,76.9,77.76,76.5,77.55,3480000,2026-02-21T03:46:41Z
UPS,2006-12-13,40.04,40.48,39.88,40.45,4643999,76.51,77.35,76.21,77.3,2430200,2026-02-21T03:46:41Z
UPS,2006-12-14,40.21,40.25,39.69,39.9,4101106,76.84,76.92,75.85,76.25,2146100,2026-02-21T03:46:41Z
UPS,2006-12-15,40.12,40.43,39.98,40.21,6405903,76.67,77.26,76.4,76.84,3352200,2026-02-21T03:46:41Z
UPS,2006-12-18,40.14,40.36,40.02,40.25,3411054,76.7,77.13,76.47,76.92,1785000,2026-02-21T03:46:41Z
UPS,2006-12-19,39.64,40.01,39.53,39.96,5506603,75.75,76.46,75.55,76.36,2881600,2026-02-21T03:46:41Z
UPS,2006-12-20,39.13,39.36,38.96,39.2,7456361,74.77,75.21,74.45,74.9,3901900,2026-02-21T03:46:41Z
UPS,2006-12-21,39.01,39.43,38.64,39.24,5673053,74.55,75.35,73.84,74.98,2968700,2026-02-21T03:46:41Z
UPS,2006-12-22,38.66,38.93,38.54,38.93,5639223,73.87,74.4,73.64,74.4,2951000,2026-02-21T03:46:41Z
UPS,2006-12-26,38.84,38.9,38.52,38.52,2625462,74.22,74.33,73.62,73.62,1373900,2026-02-21T03:46:41Z
UPS,2006-12-27,39.31,39.49,39.07,39.12,5256844,75.12,75.46,74.66,74.75,2750900,2026-02-21T03:46:41Z
UPS,2006-12-28,39.23,39.4,38.99,39.3,3679931,74.96,75.29,74.5,75.1,1925700,2026-02-21T03:46:41Z
UPS,2006-12-29,39.24,39.46,38.99,39.13,5260098,74.98,75.41,74.5,74.77,2752600,2026-02-21T03:46:41Z
UPS,2007-01-03,39.23,39.76,38.93,39.48,7558398,74.97,75.98,74.4,75.45,3955300,2026-02-21T03:46:41Z
UPS,2007-01-04,39.29,39.51,39,39.38,4408571,75.09,75.5,74.52,75.25,2307000,2026-02-21T03:46:41Z
UPS,2007-01-05,38.8,39.27,38.52,39.27,6884022,74.15,75.04,73.62,75.04,3602400,2026-02-21T03:46:41Z
UPS,2007-01-08,38.92,39.03,38.59,38.81,4499921,74.38,74.59,73.74,74.16,2354800,2026-02-21T03:46:41Z
UPS,2007-01-09,38.77,39.25,38.68,39.24,6349921,74.08,75,73.91,74.98,3322900,2026-02-21T03:46:41Z
UPS,2007-01-10,38.53,38.65,38.33,38.59,5532402,73.63,73.85,73.25,73.75,2895100,2026-02-21T03:46:41Z
UPS,2007-01-11,38.54,38.66,38.49,38.53,5782364,73.65,73.88,73.55,73.63,3025900,2026-02-21T03:46:41Z
UPS,2007-01-12,38.95,38.97,38.38,38.54,5785614,74.44,74.47,73.35,73.65,3027600,2026-02-21T03:46:41Z
UPS,2007-01-16,39.18,39.43,39.04,39.14,7048747,74.88,75.35,74.61,74.8,3688600,2026-02-21T03:46:41Z
UPS,2007-01-17,39.25,39.36,39.08,39.22,5175438,75,75.22,74.68,74.95,2708300,2026-02-21T03:46:41Z
UPS,2007-01-18,39.15,39.46,39.05,39.31,5533547,74.81,75.4,74.62,75.12,2895700,2026-02-21T03:46:41Z
UPS,2007-01-19,39.26,39.4,39.12,39.4,8106473,75.02,75.3,74.75,75.3,4242100,2026-02-21T03:46:41Z
UPS,2007-01-22,38.87,39.34,38.58,39.27,7591463,74.28,75.17,73.72,75.05,3972600,2026-02-21T03:46:41Z
UPS,2007-01-23,38.53,38.88,38.42,38.88,5164934,73.62,74.29,73.42,74.29,2702800,2026-02-21T03:46:41Z
UPS,2007-01-24,38.96,39.15,38.52,38.67,6653176,74.45,74.82,73.62,73.9,3481600,2026-02-21T03:46:41Z
UPS,2007-01-25,38.52,38.96,38.43,38.95,5172191,73.61,74.45,73.43,74.44,2706600,2026-02-21T03:46:41Z
UPS,2007-01-26,37.93,38.62,37.79,38.62,9031558,72.49,73.8,72.21,73.8,4726200,2026-02-21T03:46:41Z
UPS,2007-01-29,38.54,38.63,37.92,37.94,7517704,73.65,73.82,72.47,72.5,3934000,2026-02-21T03:46:41Z
UPS,2007-01-30,38.04,38.04,36.83,37.24,24834964,72.7,72.7,70.38,71.17,12996100,2026-02-21T03:46:41Z
UPS,2007-01-31,37.82,38,37.42,37.83,11616318,72.28,72.61,71.5,72.3,6078800,2026-02-21T03:46:41Z
UPS,2007-02-01,38.54,38.59,38.06,38.12,8591081,73.64,73.74,72.74,72.85,4495700,2026-02-21T03:46:41Z
UPS,2007-02-02,38.81,38.98,38.46,38.5,10529376,74.17,74.48,73.5,73.57,5510000,2026-02-21T03:46:41Z
UPS,2007-02-05,38.56,38.9,38.54,38.82,5257998,73.68,74.33,73.65,74.18,2751500,2026-02-21T03:46:41Z
UPS,2007-02-06,38.69,38.72,38.55,38.57,4318371,73.93,74,73.66,73.7,2259800,2026-02-21T03:46:41Z
UPS,2007-02-07,38.68,38.81,38.44,38.81,4703054,73.92,74.16,73.46,74.16,2461100,2026-02-21T03:46:41Z
UPS,2007-02-08,38.37,38.69,38.31,38.68,4487875,73.33,73.93,73.21,73.92,2348500,2026-02-21T03:46:41Z
UPS,2007-02-09,38.49,38.85,38.35,38.79,6831288,73.56,74.24,73.28,74.12,3574800,2026-02-21T03:46:41Z
UPS,2007-02-12,38.66,38.77,38.56,38.7,5038610,73.87,74.09,73.68,73.95,2636700,2026-02-21T03:46:41Z
UPS,2007-02-13,38.93,38.96,38.5,38.67,6912684,74.39,74.45,73.57,73.9,3617400,2026-02-21T03:46:41Z
UPS,2007-02-14,39.26,39.41,38.99,38.99,8746071,75.02,75.32,74.51,74.51,4576800,2026-02-21T03:46:41Z
UPS,2007-02-15,39.19,39.57,39.15,39.47,7104680,74.48,75.19,74.39,75,3738800,2026-02-21T03:46:41Z
UPS,2007-02-16,38.96,39.26,38.85,39.05,6175257,74.04,74.6,73.83,74.2,3249700,2026-02-21T03:46:41Z
UPS,2007-02-20,38.89,39.07,38.78,38.94,4846032,73.9,74.24,73.7,74,2550200,2026-02-21T03:46:41Z
UPS,2007-02-21,38.84,38.99,38.65,38.82,5494206,73.8,74.1,73.45,73.77,2891300,2026-02-21T03:46:41Z
UPS,2007-02-22,38.63,39.04,38.55,38.82,5245843,73.4,74.18,73.26,73.77,2760600,2026-02-21T03:46:41Z
UPS,2007-02-23,38.59,38.63,38.28,38.63,7381923,73.34,73.4,72.75,73.4,3884700,2026-02-21T03:46:41Z
UPS,2007-02-26,38.31,38.8,38.25,38.67,7289964,72.79,73.74,72.69,73.48,3836300,2026-02-21T03:46:41Z
UPS,2007-02-27,36.96,38.2,36.84,38.2,11954314,70.23,72.6,70,72.6,6290900,2026-02-21T03:46:41Z
UPS,2007-02-28,36.94,37.33,36.8,37.05,15013934,70.19,70.93,69.93,70.4,7901000,2026-02-21T03:46:41Z
UPS,2007-03-01,36.9,36.99,36.13,36.52,9449591,70.12,70.3,68.66,69.4,4972800,2026-02-21T03:46:41Z
UPS,2007-03-02,36.56,36.89,36.49,36.81,6986867,69.47,70.1,69.34,69.95,3676800,2026-02-21T03:46:41Z
UPS,2007-03-05,36.68,36.9,36.18,36.45,14572519,69.7,70.11,68.75,69.27,7668700,2026-02-21T03:46:41Z
UPS,2007-03-06,36.79,36.96,36.53,36.84,9122935,69.91,70.24,69.42,70,4800900,2026-02-21T03:46:41Z
UPS,2007-03-07,36.84,37.02,36.72,36.79,7648158,70,70.35,69.78,69.91,4024800,2026-02-21T03:46:41Z
UPS,2007-03-08,36.77,37.1,36.71,36.88,6024956,69.87,70.5,69.75,70.09,3170600,2026-02-21T03:46:41Z
UPS,2007-03-09,37.17,37.36,37.03,37.34,5836632,70.63,70.99,70.37,70.95,3071500,2026-02-21T03:46:41Z
UPS,2007-03-12,37.44,37.57,37.16,37.3,6154553,71.15,71.39,70.62,70.88,3238800,2026-02-21T03:46:41Z
UPS,2007-03-13,36.79,37.35,36.71,37.1,7905060,69.91,70.98,69.76,70.5,4160000,2026-02-21T03:46:41Z
UPS,2007-03-14,36.96,37.01,36.18,36.9,9594768,70.23,70.32,68.75,70.12,5049200,2026-02-21T03:46:41Z
UPS,2007-03-15,36.53,37.17,36.48,36.99,8254155,69.41,70.64,69.33,70.3,4343700,2026-02-21T03:46:41Z
UPS,2007-03-16,36.45,36.74,36.21,36.68,11525629,69.26,69.82,68.81,69.7,6065300,2026-02-21T03:46:41Z
UPS,2007-03-19,36.56,36.76,36.35,36.65,6639303,69.48,69.85,69.07,69.65,3493900,2026-02-21T03:46:41Z
UPS,2007-03-20,36.97,37.04,36.45,36.46,5395587,70.25,70.38,69.26,69.28,2839400,2026-02-21T03:46:41Z
UPS,2007-03-21,37.51,37.53,36.49,36.68,10167329,71.28,71.32,69.34,69.7,5350500,2026-02-21T03:46:41Z
UPS,2007-03-22,37.41,37.56,37.14,37.21,6745156,71.09,71.38,70.57,70.71,3549600,2026-02-21T03:46:41Z
UPS,2007-03-23,37.61,37.7,37.25,37.43,5935453,71.47,71.63,70.79,71.13,3123500,2026-02-21T03:46:41Z
UPS,2007-03-26,37.53,37.55,37.1,37.49,5286515,71.31,71.35,70.5,71.25,2782000,2026-02-21T03:46:41Z
UPS,2007-03-27,37.31,37.45,37.17,37.38,4104559,70.9,71.16,70.64,71.03,2160000,2026-02-21T03:46:41Z
UPS,2007-03-28,37.05,37.31,36.86,37.15,5969850,70.4,70.9,70.04,70.6,3141600,2026-02-21T03:46:41Z
UPS,2007-03-29,36.92,37.62,36.64,37.62,6440355,70.16,71.49,69.62,71.49,3389200,2026-02-21T03:46:41Z
UPS,2007-03-30,36.89,37.22,36.62,36.92,6112944,70.1,70.73,69.59,70.16,3216900,2026-02-21T03:46:41Z
UPS,2007-04-02,36.76,36.91,36.59,36.88,6179073,69.86,70.14,69.53,70.09,3251700,2026-02-21T03:46:41Z
UPS,2007-04-03,36.82,37.05,36.71,36.84,7226101,69.96,70.41,69.75,70,3802700,2026-02-21T03:46:41Z
UPS,2007-04-04,36.77,36.83,36.61,36.73,6229988,69.88,69.98,69.57,69.8,3278500,2026-02-21T03:46:41Z
UPS,2007-04-05,36.97,37.04,36.65,36.71,7247399,70.26,70.39,69.65,69.75,3813900,2026-02-21T03:46:41Z
UPS,2007-04-09,36.88,37.36,36.84,36.96,5186559,70.09,70.99,70,70.24,2729400,2026-02-21T03:46:41Z
UPS,2007-04-10,37.25,37.31,36.84,36.87,6189319,70.79,70.9,70,70.07,3257100,2026-02-21T03:46:41Z
UPS,2007-04-11,37.08,37.24,36.94,37.16,6566900,70.47,70.76,70.19,70.62,3455800,2026-02-21T03:46:41Z
UPS,2007-04-12,37.04,37.15,36.74,36.99,5549319,70.38,70.6,69.81,70.29,2920300,2026-02-21T03:46:41Z
UPS,2007-04-13,37,37.26,36.68,37.26,5090972,70.31,70.81,69.71,70.81,2679100,2026-02-21T03:46:41Z
UPS,2007-04-16,37.41,37.45,36.94,37.05,5632167,71.08,71.17,70.19,70.41,2963900,2026-02-21T03:46:41Z
UPS,2007-04-17,37.7,37.83,37.29,37.49,5250025,71.64,71.88,70.86,71.25,2762800,2026-02-21T03:46:41Z
UPS,2007-04-18,37.57,37.67,37.41,37.44,5298671,71.4,71.58,71.09,71.15,2788400,2026-02-21T03:46:41Z
UPS,2007-04-19,37.88,37.92,37.36,37.76,6149999,71.99,72.05,71,71.75,3236400,2026-02-21T03:46:41Z
UPS,2007-04-20,38.32,38.52,37.88,37.88,10557267,72.82,73.2,71.99,71.99,5555700,2026-02-21T03:46:41Z
UPS,2007-04-23,37.86,38.42,37.84,38.23,4893356,71.94,73,71.9,72.65,2575100,2026-02-21T03:46:41Z
UPS,2007-04-24,37.85,37.97,37.59,37.79,6627712,71.93,72.15,71.44,71.81,3487800,2026-02-21T03:46:41Z
UPS,2007-04-25,38.42,38.44,37.42,37.62,8382024,73,73.05,71.11,71.48,4411000,2026-02-21T03:46:41Z
UPS,2007-04-26,37.84,38.28,37.7,38.1,9855480,71.91,72.75,71.65,72.4,5186400,2026-02-21T03:46:41Z
UPS,2007-04-27,37.63,37.84,37.41,37.82,7403019,71.5,71.9,71.09,71.87,3895800,2026-02-21T03:46:41Z
UPS,2007-04-30,37.06,37.64,37.03,37.57,8405028,70.43,71.52,70.37,71.39,4423100,2026-02-21T03:46:41Z
UPS,2007-05-01,36.81,37.2,36.68,37.15,10110901,69.94,70.68,69.71,70.6,5320800,2026-02-21T03:46:41Z
UPS,2007-05-02,37.23,37.3,36.84,36.84,8710218,70.74,70.88,70,70,4583700,2026-02-21T03:46:41Z
UPS,2007-05-03,37.31,37.57,37.18,37.35,6259823,70.89,71.4,70.66,70.97,3294200,2026-02-21T03:46:41Z
UPS,2007-05-04,37.41,37.54,37.27,37.36,4797962,71.09,71.34,70.83,70.99,2524900,2026-02-21T03:46:41Z
UPS,2007-05-07,37.25,37.62,37.23,37.56,4140278,70.78,71.48,70.75,71.38,2178800,2026-02-21T03:46:41Z
UPS,2007-05-08,37.28,37.31,36.97,37.16,5204989,70.84,70.89,70.25,70.62,2739100,2026-02-21T03:46:41Z
UPS,2007-05-09,37.31,37.42,37.14,37.28,5424099,70.9,71.1,70.58,70.84,2854400,2026-02-21T03:46:41Z
UPS,2007-05-10,36.75,37.4,36.71,37.1,9124454,69.83,71.06,69.75,70.5,4801700,2026-02-21T03:46:41Z
UPS,2007-05-11,37.51,37.58,36.8,36.83,8329195,71.27,71.42,69.92,69.99,4383200,2026-02-21T03:46:41Z
UPS,2007-05-14,37.2,37.59,37.07,37.39,4897528,70.68,71.43,70.44,71.05,2577300,2026-02-21T03:46:41Z
UPS,2007-05-15,37.09,37.51,37.05,37.26,7125208,70.48,71.28,70.4,70.8,3749600,2026-02-21T03:46:41Z
UPS,2007-05-16,37.54,37.55,36.98,37.15,5572501,71.34,71.36,70.28,70.6,2932500,2026-02-21T03:46:41Z
UPS,2007-05-17,37.13,37.54,37.1,37.54,5215529,70.15,70.92,70.09,70.92,2760900,2026-02-21T03:46:41Z
UPS,2007-05-18,37.08,37.25,37.05,37.19,6354838,70.05,70.36,70,70.25,3364000,2026-02-21T03:46:41Z
UPS,2007-05-21,37.22,37.32,37,37.07,6310055,70.31,70.5,69.9,70.02,3340300,2026-02-21T03:46:41Z
UPS,2007-05-22,37.11,37.32,37.01,37.32,5364203,70.1,70.5,69.91,70.5,2839600,2026-02-21T03:46:41Z
UPS,2007-05-23,37.04,37.29,36.98,37.11,6595307,69.98,70.45,69.85,70.1,3491300,2026-02-21T03:46:41Z
UPS,2007-05-24,37.4,37.54,37.11,37.19,8200821,70.65,70.91,70.11,70.25,4341200,2026-02-21T03:46:41Z
UPS,2007-05-25,37.63,37.71,37.41,37.44,5517215,71.08,71.24,70.68,70.73,2920600,2026-02-21T03:46:41Z
UPS,2007-05-29,37.76,37.85,37.54,37.64,5490017,71.34,71.5,70.91,71.1,2906200,2026-02-21T03:46:41Z
UPS,2007-05-30,37.88,37.88,37.53,37.67,5759014,71.56,71.56,70.9,71.17,3048600,2026-02-21T03:46:41Z
UPS,2007-05-31,38.1,38.22,37.77,37.88,6374668,71.97,72.2,71.35,71.56,3374500,2026-02-21T03:46:41Z
UPS,2007-06-01,38.3,38.36,38.1,38.32,6651598,72.36,72.47,71.97,72.39,3521100,2026-02-21T03:46:41Z
UPS,2007-06-04,38.26,38.3,38,38.3,4317660,72.27,72.36,71.79,72.36,2285600,2026-02-21T03:46:41Z
UPS,2007-06-05,37.97,38.38,37.92,38.38,6437189,71.72,72.5,71.63,72.5,3407600,2026-02-21T03:46:41Z
UPS,2007-06-06,37.91,37.92,37.59,37.92,6444190,71.62,71.63,71,71.63,3411300,2026-02-21T03:46:41Z
UPS,2007-06-07,37.72,38.27,37.55,37.91,11094122,71.25,72.3,70.93,71.62,5872800,2026-02-21T03:46:41Z
UPS,2007-06-08,38.28,38.35,37.72,37.72,7912744,72.32,72.44,71.25,71.25,4188700,2026-02-21T03:46:41Z
UPS,2007-06-11,38.37,38.58,37.98,38.15,6781003,72.48,72.88,71.75,72.07,3589600,2026-02-21T03:46:41Z
UPS,2007-06-12,37.72,38.33,37.69,38.14,6896422,71.25,72.4,71.2,72.05,3650700,2026-02-21T03:46:41Z
UPS,2007-06-13,38.19,38.25,37.56,37.93,6774205,72.14,72.26,70.96,71.65,3586000,2026-02-21T03:46:41Z
UPS,2007-06-14,39.15,39.19,38.19,38.19,12416872,73.95,74.04,72.14,72.14,6573000,2026-02-21T03:46:41Z
UPS,2007-06-15,39.2,39.43,39.17,39.31,10316585,74.05,74.48,74,74.26,5461200,2026-02-21T03:46:41Z
UPS,2007-06-18,38.81,39.25,38.78,39.17,6697499,73.32,74.14,73.25,74,3545400,2026-02-21T03:46:41Z
UPS,2007-06-19,38.64,38.75,38.36,38.64,6993895,73,73.2,72.46,73,3702300,2026-02-21T03:46:41Z
UPS,2007-06-20,38.6,39.22,38.24,38.24,7808095,72.91,74.09,72.24,72.24,4133300,2026-02-21T03:46:41Z
UPS,2007-06-21,38.84,38.96,38.46,38.69,5256150,73.37,73.59,72.66,73.09,2782400,2026-02-21T03:46:41Z
UPS,2007-06-22,38.56,38.7,38.29,38.64,6848247,72.85,73.1,72.34,73,3625200,2026-02-21T03:46:41Z
UPS,2007-06-25,38.8,39.12,38.47,38.47,7465220,73.29,73.91,72.68,72.68,3951800,2026-02-21T03:46:41Z
UPS,2007-06-26,38.72,39.04,38.55,38.87,5649068,73.15,73.75,72.83,73.43,2990400,2026-02-21T03:46:41Z
UPS,2007-06-27,38.94,38.99,38.37,38.42,6673516,73.56,73.66,72.48,72.58,3532700,2026-02-21T03:46:41Z
UPS,2007-06-28,38.97,39.12,38.7,39.08,4975238,73.62,73.9,73.11,73.83,2633700,2026-02-21T03:46:41Z
UPS,2007-06-29,38.64,39.03,38.42,38.95,8306798,73,73.73,72.57,73.58,4397300,2026-02-21T03:46:41Z
UPS,2007-07-02,38.82,39.09,38.59,38.9,5786983,73.33,73.85,72.89,73.48,3063400,2026-02-21T03:46:41Z
UPS,2007-07-03,38.75,38.9,38.66,38.83,2751243,73.2,73.48,73.04,73.35,1456400,2026-02-21T03:46:41Z
UPS,2007-07-05,39.04,39.07,38.48,38.7,5657382,73.75,73.8,72.7,73.1,2994800,2026-02-21T03:46:41Z
UPS,2007-07-06,39.01,39.09,38.84,39.05,4393599,73.7,73.84,73.38,73.76,2325800,2026-02-21T03:46:41Z
UPS,2007-07-09,39.38,39.47,38.95,39.07,7190171,74.4,74.57,73.58,73.8,3806200,2026-02-21T03:46:41Z
UPS,2007-07-10,39.19,39.44,38.98,39.02,8507046,74.04,74.5,73.63,73.72,4503300,2026-02-21T03:46:41Z
UPS,2007-07-11,39.35,39.43,38.95,39.08,4202425,74.33,74.49,73.58,73.82,2224600,2026-02-21T03:46:41Z
UPS,2007-07-12,39.58,39.6,38.93,39.05,5528745,74.76,74.81,73.55,73.76,2926700,2026-02-21T03:46:41Z
UPS,2007-07-13,39.78,39.92,39.35,39.48,8389355,75.15,75.42,74.34,74.58,4441000,2026-02-21T03:46:41Z
UPS,2007-07-16,39.98,40.23,39.58,40.22,7012422,75.53,76,74.76,75.98,3712100,2026-02-21T03:46:41Z
UPS,2007-07-17,39.98,40.18,39.6,39.84,5774704,75.52,75.9,74.81,75.26,3056900,2026-02-21T03:46:41Z
UPS,2007-07-18,39.81,40.17,39.51,40,7935028,75.2,75.88,74.64,75.57,4200500,2026-02-21T03:46:41Z
UPS,2007-07-19,40.15,40.22,39.76,39.84,6778367,75.84,75.98,75.1,75.26,3588200,2026-02-21T03:46:41Z
UPS,2007-07-20,39.71,40.03,39.57,40.03,9623670,75.01,75.62,74.75,75.62,5094400,2026-02-21T03:46:41Z
UPS,2007-07-23,39.46,39.99,39.33,39.69,8295278,74.54,75.55,74.29,74.98,4391200,2026-02-21T03:46:41Z
UPS,2007-07-24,39.53,40.31,39.2,39.2,13225372,74.68,76.15,74.05,74.05,7001000,2026-02-21T03:46:41Z
UPS,2007-07-25,40.34,41.5,39.65,39.96,10773744,76.21,78.4,74.91,75.48,5703200,2026-02-21T03:46:41Z
UPS,2007-07-26,40.07,40.51,39.82,40.02,15651900,75.7,76.53,75.22,75.6,8285500,2026-02-21T03:46:41Z
UPS,2007-07-27,40.06,40.7,39.97,40.07,14363523,75.67,76.89,75.51,75.7,7603500,2026-02-21T03:46:41Z
UPS,2007-07-30,40.67,40.76,39.97,40.06,12534360,76.82,77,75.5,75.67,6635200,2026-02-21T03:46:41Z
UPS,2007-07-31,40.08,40.84,40.04,40.76,13362153,75.72,77.15,75.64,77,7073400,2026-02-21T03:46:41Z
UPS,2007-08-01,40.72,40.8,39.79,39.97,12899716,76.93,77.07,75.16,75.51,6828600,2026-02-21T03:46:41Z
UPS,2007-08-02,40.54,40.97,40.24,40.74,10497364,76.58,77.4,76.02,76.96,5556900,2026-02-21T03:46:41Z
UPS,2007-08-03,39.79,40.71,39.77,40.46,11191219,75.17,76.91,75.13,76.44,5924200,2026-02-21T03:46:41Z
UPS,2007-08-06,41.2,41.2,39.89,39.93,13328701,77.83,77.83,75.35,75.43,7055700,2026-02-21T03:46:41Z
UPS,2007-08-07,41.15,41.55,40.77,40.77,14100781,77.74,78.5,77.01,77.01,7464400,2026-02-21T03:46:41Z
UPS,2007-08-08,41.49,41.61,40.81,41.06,10779606,78.37,78.61,77.1,77.56,5706300,2026-02-21T03:46:41Z
UPS,2007-08-09,41.34,41.81,40.97,41.03,14045610,78.1,78.99,77.4,77.5,7435200,2026-02-21T03:46:41Z
UPS,2007-08-10,40.63,41.3,40.4,40.68,19162705,76.75,78.01,76.32,76.84,10144000,2026-02-21T03:46:41Z
UPS,2007-08-13,40.61,41.1,40.5,40.66,8754324,76.71,77.64,76.51,76.8,4634200,2026-02-21T03:46:41Z
UPS,2007-08-14,40.08,40.71,40.06,40.67,9465756,75.71,76.9,75.67,76.82,5010800,2026-02-21T03:46:41Z
UPS,2007-08-15,39.29,40.1,39.21,40.08,12617277,74.23,75.75,74.07,75.71,6679100,2026-02-21T03:46:41Z
UPS,2007-08-16,39.61,39.97,38.58,38.64,16941174,74.82,75.51,72.87,73,8968000,2026-02-21T03:46:41Z
UPS,2007-08-17,40.4,40.64,39.72,40.27,14373756,76.32,76.78,75.03,76.07,7608900,2026-02-21T03:46:41Z
UPS,2007-08-20,40.2,40.61,40,40.3,6936283,75.94,76.72,75.56,76.13,3671800,2026-02-21T03:46:41Z
UPS,2007-08-21,39.98,40.41,39.79,40.02,6153840,75.52,76.34,75.17,75.6,3257600,2026-02-21T03:46:41Z
UPS,2007-08-22,40.25,40.36,39.96,40.1,6298160,76.04,76.24,75.48,75.76,3334000,2026-02-21T03:46:41Z
UPS,2007-08-23,40.45,40.57,40.07,40.38,6906056,76.42,76.64,75.69,76.28,3655800,2026-02-21T03:46:41Z
UPS,2007-08-24,40.78,40.84,40.37,40.63,7052461,77.03,77.14,76.27,76.76,3733300,2026-02-21T03:46:41Z
UPS,2007-08-27,40.45,40.82,40.29,40.56,5267667,76.42,77.11,76.11,76.63,2788500,2026-02-21T03:46:41Z
UPS,2007-08-28,39.88,40.63,39.86,40.29,7435938,75.34,76.75,75.3,76.11,3936300,2026-02-21T03:46:41Z
UPS,2007-08-29,40.27,40.31,39.84,40,6535046,76.08,76.15,75.27,75.57,3459400,2026-02-21T03:46:41Z
UPS,2007-08-30,39.96,40.3,39.72,39.97,6471382,75.48,76.12,75.03,75.51,3425700,2026-02-21T03:46:41Z
UPS,2007-08-31,40.16,40.33,39.83,40.18,6038983,75.86,76.18,75.25,75.91,3196800,2026-02-21T03:46:41Z
UPS,2007-09-04,40.31,40.4,39.77,39.99,5684406,76.15,76.32,75.12,75.54,3009100,2026-02-21T03:46:41Z
UPS,2007-09-05,39.89,40.21,39.73,40.12,7543801,75.36,75.96,75.05,75.78,3993400,2026-02-21T03:46:41Z
UPS,2007-09-06,39.97,40.13,39.48,40.08,5240003,75.09,75.39,74.17,75.3,2789400,2026-02-21T03:46:41Z
UPS,2007-09-07,39.46,39.74,39.19,39.6,9743798,74.13,74.66,73.62,74.4,5186900,2026-02-21T03:46:41Z
UPS,2007-09-10,39.28,39.71,39.05,39.6,6305320,73.79,74.59,73.35,74.39,3356500,2026-02-21T03:46:41Z
UPS,2007-09-11,39.47,39.62,39.02,39.29,8524636,74.15,74.43,73.31,73.81,4537900,2026-02-21T03:46:41Z
UPS,2007-09-12,39.48,39.81,39.33,39.44,5750209,74.17,74.79,73.89,74.09,3061000,2026-02-21T03:46:41Z
UPS,2007-09-13,39.59,39.97,39.45,39.63,5895808,74.38,75.09,74.1,74.44,3138500,2026-02-21T03:46:41Z
UPS,2007-09-14,39.59,39.77,39.16,39.45,5598059,74.38,74.7,73.56,74.1,2980000,2026-02-21T03:46:41Z
UPS,2007-09-17,39.57,39.87,39.45,39.54,3727592,74.33,74.89,74.11,74.28,1984300,2026-02-21T03:46:41Z
UPS,2007-09-18,40.34,40.41,39.45,39.83,7838402,75.78,75.92,74.11,74.83,4172600,2026-02-21T03:46:41Z
UPS,2007-09-19,40.44,40.68,40.09,40.67,7348112,75.97,76.42,75.32,76.4,3911600,2026-02-21T03:46:41Z
UPS,2007-09-20,40.07,40.31,39.95,40.12,7629699,75.27,75.72,75.05,75.37,4061500,2026-02-21T03:46:41Z
UPS,2007-09-21,40.32,40.62,40.07,40.1,8120566,75.75,76.3,75.27,75.33,4322800,2026-02-21T03:46:41Z
UPS,2007-09-24,40.17,40.57,40.09,40.28,5290531,75.46,76.22,75.31,75.66,2816300,2026-02-21T03:46:41Z
UPS,2007-09-25,40.14,40.31,39.69,40.02,6790179,75.4,75.73,74.56,75.18,3614600,2026-02-21T03:46:41Z
UPS,2007-09-26,39.84,40.31,39.67,40.17,7445413,74.84,75.73,74.53,75.46,3963400,2026-02-21T03:46:41Z
UPS,2007-09-27,39.83,40.08,39.64,40,7229749,74.82,75.29,74.47,75.15,3848600,2026-02-21T03:46:41Z
UPS,2007-09-28,39.98,40.1,39.83,40,6148845,75.1,75.33,74.82,75.15,3273200,2026-02-21T03:46:41Z
UPS,2007-10-01,40.4,40.74,40.21,40.21,7896446,75.9,76.53,75.54,75.54,4203500,2026-02-21T03:46:41Z
UPS,2007-10-02,40.27,40.61,40.12,40.34,5556538,75.65,76.29,75.37,75.78,2957900,2026-02-21T03:46:41Z
UPS,2007-10-03,40.24,40.56,40.05,40.3,4277247,75.59,76.19,75.23,75.71,2276900,2026-02-21T03:46:41Z
UPS,2007-10-04,40.24,41.84,40.17,40.26,3427022,75.6,78.6,75.47,75.62,1824300,2026-02-21T03:46:41Z
UPS,2007-10-05,40.68,40.92,40.3,40.46,5581894,76.41,76.87,75.71,76,2971400,2026-02-21T03:46:41Z
UPS,2007-10-08,40.7,40.82,40.52,40.65,2538658,76.45,76.69,76.11,76.36,1351400,2026-02-21T03:46:41Z
UPS,2007-10-09,40.93,40.99,40.53,40.69,5265359,76.88,77,76.14,76.44,2802900,2026-02-21T03:46:41Z
UPS,2007-10-10,40.63,40.92,40.46,40.84,6110142,76.33,76.88,76.01,76.71,3252600,2026-02-21T03:46:41Z
UPS,2007-10-11,40.73,41.39,40.51,40.67,6187352,76.51,77.76,76.09,76.4,3293700,2026-02-21T03:46:41Z
UPS,2007-10-12,40.79,40.92,40.54,40.73,4909564,76.62,76.88,76.16,76.51,2613500,2026-02-21T03:46:41Z
UPS,2007-10-15,40.74,40.91,40.55,40.76,5030355,76.54,76.86,76.17,76.57,2677800,2026-02-21T03:46:41Z
UPS,2007-10-16,40.36,40.75,40.26,40.72,5755471,75.81,76.55,75.63,76.5,3063800,2026-02-21T03:46:41Z
UPS,2007-10-17,40.46,40.64,40.2,40.58,5227795,76,76.35,75.52,76.23,2782900,2026-02-21T03:46:41Z
UPS,2007-10-18,40.47,40.68,40.27,40.37,5727855,76.02,76.42,75.64,75.83,3049100,2026-02-21T03:46:41Z
UPS,2007-10-19,39.94,40.43,39.92,40.2,9681805,75.03,75.95,74.99,75.51,5153900,2026-02-21T03:46:41Z
UPS,2007-10-22,39.97,40.24,39.58,39.75,9890145,75.09,75.6,74.36,74.67,5264800,2026-02-21T03:46:41Z
UPS,2007-10-23,40.27,40.71,39.74,40.67,8075658,75.64,76.47,74.65,76.4,4298900,2026-02-21T03:46:41Z
UPS,2007-10-24,40.17,40.4,39.39,40.11,8312162,75.46,75.9,74,75.35,4424800,2026-02-21T03:46:41Z
UPS,2007-10-25,39.91,40.38,39.57,40.26,5599371,74.97,75.85,74.34,75.63,2980700,2026-02-21T03:46:41Z
UPS,2007-10-26,39.91,40.09,39.6,40.02,5264615,74.97,75.32,74.4,75.18,2802500,2026-02-21T03:46:41Z
UPS,2007-10-29,39.98,40.16,39.6,39.7,3974244,75.1,75.44,74.4,74.58,2115600,2026-02-21T03:46:41Z
UPS,2007-10-30,39.79,40.07,39.56,39.92,4163412,74.75,75.27,74.31,75,2216300,2026-02-21T03:46:41Z
UPS,2007-10-31,39.98,40.25,39.76,39.95,7029318,75.1,75.61,74.69,75.04,3741900,2026-02-21T03:46:41Z
UPS,2007-11-01,39.17,39.98,39.07,39.78,7484673,73.59,75.1,73.39,74.73,3984300,2026-02-21T03:46:41Z
UPS,2007-11-02,39.41,39.7,39.1,39.23,6988555,74.03,74.57,73.46,73.7,3720200,2026-02-21T03:46:41Z
UPS,2007-11-05,39.65,39.89,38.93,38.93,6187537,74.48,74.93,73.14,73.14,3293800,2026-02-21T03:46:41Z
UPS,2007-11-06,39.51,39.82,39.07,39.62,8809607,74.23,74.8,73.39,74.42,4689600,2026-02-21T03:46:41Z
UPS,2007-11-07,38.16,39.37,38.13,39.13,10461211,71.68,73.96,71.63,73.5,5568800,2026-02-21T03:46:41Z
UPS,2007-11-08,38.36,38.57,37.82,38.21,12720183,72.06,72.45,71.05,71.78,6771300,2026-02-21T03:46:41Z
UPS,2007-11-09,37.64,38.28,37.6,37.93,9827402,70.71,71.92,70.63,71.25,5231400,2026-02-21T03:46:41Z
UPS,2007-11-12,38.67,39.22,37.74,37.87,10650584,72.65,73.67,70.9,71.14,5669600,2026-02-21T03:46:41Z
UPS,2007-11-13,39.39,39.44,38.62,38.92,8276469,74,74.08,72.54,73.11,4405800,2026-02-21T03:46:41Z
UPS,2007-11-14,39.04,39.64,38.96,39.55,6184159,73.33,74.47,73.18,74.3,3292000,2026-02-21T03:46:41Z
UPS,2007-11-15,39.14,39.44,38.84,39.08,6332159,73.1,73.67,72.54,73,3390200,2026-02-21T03:46:41Z
UPS,2007-11-16,38.55,38.71,37.95,38.01,12667282,72.01,72.3,70.89,71,6782000,2026-02-21T03:46:41Z
UPS,2007-11-19,38.53,38.68,37.94,38.23,10095729,71.96,72.24,70.86,71.41,5405200,2026-02-21T03:46:41Z
UPS,2007-11-20,38.36,39.01,38.09,38.51,10200146,71.65,72.87,71.14,71.93,5461100,2026-02-21T03:46:41Z
UPS,2007-11-21,37.55,38.37,37.48,38.01,11501976,70.14,71.67,70,71,6158100,2026-02-21T03:46:41Z
UPS,2007-11-23,37.97,37.98,37.68,37.72,3225283,70.92,70.94,70.38,70.46,1726800,2026-02-21T03:46:41Z
UPS,2007-11-26,37.67,38.54,37.52,38,8787155,70.36,71.98,70.07,70.98,4704600,2026-02-21T03:46:41Z
UPS,2007-11-27,38.25,38.3,37.74,37.79,8426120,71.44,71.54,70.5,70.58,4511300,2026-02-21T03:46:41Z
UPS,2007-11-28,39.39,39.48,38.22,38.46,10543246,73.57,73.73,71.39,71.83,5644800,2026-02-21T03:46:41Z
UPS,2007-11-29,39.24,39.44,38.97,39.19,6154717,73.3,73.66,72.79,73.19,3295200,2026-02-21T03:46:41Z
UPS,2007-11-30,39.45,39.79,39.26,39.57,8419579,73.68,74.32,73.32,73.91,4507800,2026-02-21T03:46:41Z
UPS,2007-12-03,39.03,39.45,38.91,39.08,7436191,72.9,73.68,72.67,73,3981300,2026-02-21T03:46:41Z
UPS,2007-12-04,38.89,39.21,38.63,38.88,4717269,72.63,73.24,72.16,72.61,2525600,2026-02-21T03:46:41Z
UPS,2007-12-05,39.27,39.37,39,39.33,4336431,73.34,73.54,72.85,73.45,2321700,2026-02-21T03:46:41Z
UPS,2007-12-06,39.53,39.62,39.08,39.62,4410390,73.83,74,73,74,2361300,2026-02-21T03:46:41Z
UPS,2007-12-07,39.71,40.05,39.52,39.52,6408920,74.17,74.81,73.82,73.82,3431300,2026-02-21T03:46:41Z
UPS,2007-12-10,40.23,40.39,39.7,39.9,8558744,75.14,75.44,74.16,74.53,4582300,2026-02-21T03:46:41Z
UPS,2007-12-11,39.64,40.58,39.56,40.37,9962947,74.03,75.79,73.89,75.41,5334100,2026-02-21T03:46:41Z
UPS,2007-12-12,39.64,40.59,39.21,40.59,10619649,74.04,75.82,73.24,75.82,5685700,2026-02-21T03:46:41Z
UPS,2007-12-13,39.58,39.62,39.02,39.37,9258397,73.92,74,72.89,73.53,4956900,2026-02-21T03:46:41Z
UPS,2007-12-14,38.88,39.28,38.86,39.14,7287522,72.61,73.36,72.59,73.1,3901700,2026-02-21T03:46:41Z
UPS,2007-12-17,38.56,39.03,38.37,38.63,9628977,72.02,72.9,71.66,72.15,5155300,2026-02-21T03:46:41Z
UPS,2007-12-18,38.81,38.89,38.44,38.84,7061147,72.48,72.64,71.79,72.55,3780500,2026-02-21T03:46:41Z
UPS,2007-12-19,38.17,38.84,38.1,38.74,8022128,71.3,72.55,71.17,72.35,4295000,2026-02-21T03:46:41Z
UPS,2007-12-20,38.33,38.36,37.61,37.86,8969657,71.6,71.64,70.25,70.72,4802300,2026-02-21T03:46:41Z
UPS,2007-12-21,38.76,39.24,38.53,38.53,13288692,72.4,73.3,71.96,71.96,7114700,2026-02-21T03:46:41Z
UPS,2007-12-24,39.33,39.41,38.6,38.82,2902344,73.46,73.6,72.1,72.5,1553900,2026-02-21T03:46:41Z
UPS,2007-12-26,39.19,39.35,38.81,39.17,4774980,73.2,73.5,72.49,73.17,2556500,2026-02-21T03:46:41Z
UPS,2007-12-27,38.49,39.19,38.47,39.18,5173937,71.9,73.19,71.85,73.18,2770100,2026-02-21T03:46:41Z
UPS,2007-12-28,38.31,38.83,38.15,38.68,5356241,71.56,72.53,71.26,72.25,2867700,2026-02-21T03:46:41Z
UPS,2007-12-31,37.86,38.19,37.8,38.12,6199354,70.72,71.33,70.61,71.19,3319100,2026-02-21T03:46:41Z
UPS,2008-01-02,37.03,37.77,36.86,37.77,12151781,69.16,70.55,68.85,70.55,6506000,2026-02-21T03:46:41Z
UPS,2008-01-03,37.07,37.42,36.9,37.08,7176756,69.23,69.89,68.92,69.25,3842400,2026-02-21T03:46:41Z
UPS,2008-01-04,36.41,36.99,36.3,36.68,10275034,68.01,69.09,67.8,68.51,5501200,2026-02-21T03:46:41Z
UPS,2008-01-07,36.32,36.83,36.04,36.56,12230033,67.84,68.79,67.32,68.29,6547900,2026-02-21T03:46:41Z
UPS,2008-01-08,35.69,36.5,35.58,36.35,10197355,66.67,68.18,66.46,67.89,5459600,2026-02-21T03:46:41Z
UPS,2008-01-09,35.72,35.96,35.2,35.65,9514470,66.71,67.16,65.74,66.59,5094000,2026-02-21T03:46:41Z
UPS,2008-01-10,37.3,37.74,36.57,36.82,23394513,69.66,70.49,68.31,68.78,12525300,2026-02-21T03:46:41Z
UPS,2008-01-11,37.26,37.77,37.08,37.24,13561403,69.59,70.55,69.25,69.55,7260700,2026-02-21T03:46:41Z
UPS,2008-01-14,37.43,37.51,37.1,37.48,9887658,69.92,70.06,69.29,70.01,5293800,2026-02-21T03:46:41Z
UPS,2008-01-15,36.92,37.37,36.7,37.04,12466509,68.96,69.8,68.54,69.19,6674500,2026-02-21T03:46:41Z
UPS,2008-01-16,36.74,37.21,36.49,36.79,12445971,68.63,69.5,68.15,68.72,6663500,2026-02-21T03:46:41Z
UPS,2008-01-17,35.96,37.02,35.92,36.78,17973313,67.17,69.14,67.09,68.7,9622800,2026-02-21T03:46:41Z
UPS,2008-01-18,35.96,36.5,35.75,36.09,13537119,67.16,68.18,66.77,67.4,7247700,2026-02-21T03:46:41Z
UPS,2008-01-22,36.16,36.39,34.27,34.27,15981133,67.54,67.97,64.01,64.01,8556200,2026-02-21T03:46:41Z
UPS,2008-01-23,38.35,38.54,35.34,35.99,20120307,71.63,71.98,66,67.23,10772300,2026-02-21T03:46:41Z
UPS,2008-01-24,38.13,38.44,37.7,37.93,12644320,71.22,71.79,70.41,70.84,6769700,2026-02-21T03:46:41Z
UPS,2008-01-25,37.46,38.49,37.31,38.42,11084926,69.97,71.89,69.69,71.76,5934800,2026-02-21T03:46:41Z
UPS,2008-01-28,38.04,38.07,37.04,37.44,11459955,71.05,71.11,69.18,69.93,6135600,2026-02-21T03:46:41Z
UPS,2008-01-29,37.97,38.53,37.68,37.99,12943158,70.92,71.96,70.37,70.96,6929700,2026-02-21T03:46:41Z
UPS,2008-01-30,38.56,39.3,37.11,37.11,16459455,72.02,73.4,69.31,69.31,8812300,2026-02-21T03:46:41Z
UPS,2008-01-31,39.07,39.36,37.64,38.27,15785385,72.97,73.52,70.3,71.48,8451400,2026-02-21T03:46:41Z
UPS,2008-02-01,39.5,39.59,38.44,39.1,8767368,73.78,73.95,71.8,73.03,4694000,2026-02-21T03:46:41Z
UPS,2008-02-04,38.93,39.59,38.89,39.5,6527708,72.72,73.95,72.64,73.78,3494900,2026-02-21T03:46:41Z
UPS,2008-02-05,38.41,39.07,38.3,38.8,9598543,71.75,72.97,71.53,72.46,5139000,2026-02-21T03:46:41Z
UPS,2008-02-06,38.42,38.88,38.37,38.74,6649491,71.76,72.62,71.67,72.36,3560100,2026-02-21T03:46:41Z
UPS,2008-02-07,38.65,39.1,38.01,38.37,11044903,71.74,72.57,70.55,71.22,5950700,2026-02-21T03:46:41Z
UPS,2008-02-08,38.03,38.63,37.91,38.52,8506550,70.58,71.71,70.37,71.49,4583100,2026-02-21T03:46:41Z
UPS,2008-02-11,38.47,38.68,37.68,37.97,10111303,71.41,71.79,69.93,70.48,5447700,2026-02-21T03:46:41Z
UPS,2008-02-12,39.04,39.25,38.49,38.63,9618517,72.47,72.85,71.45,71.71,5182200,2026-02-21T03:46:41Z
UPS,2008-02-13,39.61,39.73,39.05,39.09,11643680,73.51,73.74,72.48,72.56,6273300,2026-02-21T03:46:41Z
UPS,2008-02-14,38.97,39.7,38.98,39.54,6627658,72.34,73.69,72.34,73.39,3570800,2026-02-21T03:46:41Z
UPS,2008-02-15,39.02,39.16,38.72,38.9,6307857,72.42,72.68,71.87,72.2,3398500,2026-02-21T03:46:41Z
UPS,2008-02-19,38.92,39.38,38.58,39.38,7714932,72.23,73.1,71.61,73.1,4156600,2026-02-21T03:46:41Z
UPS,2008-02-20,39.14,39.26,38.55,38.55,5653582,72.64,72.87,71.56,71.56,3046000,2026-02-21T03:46:41Z
UPS,2008-02-21,38.74,39.33,38.71,39.06,5782766,71.9,73,71.85,72.5,3115600,2026-02-21T03:46:41Z
UPS,2008-02-22,38.73,38.95,38.09,38.82,8794054,71.89,72.3,70.69,72.05,4738000,2026-02-21T03:46:41Z
UPS,2008-02-25,39.05,39.15,38.49,38.92,8509142,72.48,72.66,71.44,72.23,4584500,2026-02-21T03:46:41Z
UPS,2008-02-26,39.08,39.26,38.64,38.94,6784119,72.53,72.87,71.72,72.27,3655100,2026-02-21T03:46:41Z
UPS,2008-02-27,38.96,39.33,38.81,38.81,4860114,72.31,73,72.03,72.04,2618500,2026-02-21T03:46:41Z
UPS,2008-02-28,38.66,38.83,38.47,38.79,5770513,71.75,72.07,71.41,72,3109000,2026-02-21T03:46:41Z
UPS,2008-02-29,37.84,38.47,37.78,38.25,12185099,70.24,71.41,70.13,71,6565000,2026-02-21T03:46:41Z
UPS,2008-03-03,38.04,38.15,37.4,37.72,8811680,70.61,70.8,69.41,70.01,4747500,2026-02-21T03:46:41Z
UPS,2008-03-04,38.28,38.37,37.71,37.77,9544655,71.05,71.22,70,70.1,5142400,2026-02-21T03:46:41Z
UPS,2008-03-05,38.95,38.98,38.19,38.19,13683681,72.3,72.34,70.89,70.89,7372400,2026-02-21T03:46:41Z
UPS,2008-03-06,38.81,39.14,38.55,38.84,9924589,72.04,72.65,71.56,72.09,5347100,2026-02-21T03:46:41Z
UPS,2008-03-07,38.77,39.08,38.44,38.44,10228798,71.96,72.54,71.34,71.34,5511000,2026-02-21T03:46:41Z
UPS,2008-03-10,38.36,38.98,38.2,38.73,9701500,71.19,72.34,70.9,71.88,5226900,2026-02-21T03:46:41Z
UPS,2008-03-11,39.22,39.26,38.41,38.52,11900926,72.79,72.86,71.3,71.5,6411900,2026-02-21T03:46:41Z
UPS,2008-03-12,38.76,39.2,38.27,38.27,9642473,71.94,72.76,71.03,71.03,5195100,2026-02-21T03:46:41Z
UPS,2008-03-13,38.11,38.61,37.72,38.16,15406681,70.73,71.67,70.01,70.82,8300700,2026-02-21T03:46:41Z
UPS,2008-03-14,37.5,38.25,37.13,38.03,15850825,69.61,71,68.92,70.59,8540000,2026-02-21T03:46:41Z
UPS,2008-03-17,37.5,37.87,36.83,36.93,11931180,69.61,70.28,68.36,68.55,6428200,2026-02-21T03:46:41Z
UPS,2008-03-18,38.74,38.74,37.66,37.93,16465552,71.9,71.9,69.89,70.4,8871200,2026-02-21T03:46:41Z
UPS,2008-03-19,38.06,39.07,38.04,38.74,12562998,70.64,72.52,70.6,71.9,6768600,2026-02-21T03:46:41Z
UPS,2008-03-20,38.61,38.7,37.72,37.83,16758809,71.66,71.83,70.01,70.22,9029200,2026-02-21T03:46:41Z
UPS,2008-03-24,39.52,39.72,38.33,38.68,12819309,73.36,73.72,71.15,71.8,6906700,2026-02-21T03:46:41Z
UPS,2008-03-25,39.51,39.73,39.08,39.6,9567111,73.34,73.74,72.53,73.5,5154500,2026-02-21T03:46:41Z
UPS,2008-03-26,39.19,39.43,39.06,39.35,8240382,72.73,73.19,72.49,73.03,4439700,2026-02-21T03:46:41Z
UPS,2008-03-27,39.24,39.57,39.02,39.2,7738331,72.83,73.45,72.42,72.75,4169200,2026-02-21T03:46:41Z
UPS,2008-03-28,38.93,39.5,38.91,39.35,6087170,72.26,73.31,72.21,73.04,3279600,2026-02-21T03:46:41Z
UPS,2008-03-31,39.34,39.54,38.79,38.89,8432308,73.02,73.39,72,72.19,4543100,2026-02-21T03:46:41Z
UPS,2008-04-01,40.26,40.27,39.42,39.42,14766518,74.73,74.75,73.17,73.17,7955800,2026-02-21T03:46:41Z
UPS,2008-04-02,40.14,40.45,39.92,40.23,11413334,74.51,75.08,74.1,74.66,6149200,2026-02-21T03:46:41Z
UPS,2008-04-03,40.18,40.26,39.68,39.98,7338895,74.58,74.73,73.65,74.21,3954000,2026-02-21T03:46:41Z
UPS,2008-04-04,40.09,40.35,39.96,40.21,7040256,74.41,74.9,74.17,74.64,3793100,2026-02-21T03:46:41Z
UPS,2008-04-07,39.75,40.2,39.6,40.11,9974694,73.78,74.62,73.51,74.45,5374100,2026-02-21T03:46:41Z
UPS,2008-04-08,39.5,39.79,39.38,39.76,12679010,73.31,73.86,73.1,73.8,6831100,2026-02-21T03:46:41Z
UPS,2008-04-09,38.02,38.58,37.95,38.28,26275267,70.57,71.61,70.43,71.05,14156400,2026-02-21T03:46:41Z
UPS,2008-04-10,38.43,38.65,37.96,38.1,8672665,71.33,71.74,70.46,70.71,4672600,2026-02-21T03:46:41Z
UPS,2008-04-11,38.19,38.78,37.99,38.05,10355386,70.89,71.98,70.51,70.62,5579200,2026-02-21T03:46:41Z
UPS,2008-04-14,37.85,38.32,37.73,37.94,10257381,70.25,71.12,70.02,70.42,5526400,2026-02-21T03:46:41Z
UPS,2008-04-15,38.27,38.51,37.82,38.03,6488268,71.03,71.47,70.2,70.58,3495700,2026-02-21T03:46:41Z
UPS,2008-04-16,39.22,39.31,38.35,38.52,9085270,72.79,72.96,71.18,71.49,4894900,2026-02-21T03:46:41Z
UPS,2008-04-17,38.9,39.13,38.6,39.02,7043228,72.2,72.62,71.65,72.43,3794700,2026-02-21T03:46:41Z
UPS,2008-04-18,39.43,39.51,39.11,39.51,10596484,73.19,73.34,72.59,73.34,5709100,2026-02-21T03:46:41Z
UPS,2008-04-21,39.07,39.35,38.99,39.15,7865838,72.52,73.04,72.36,72.66,4237900,2026-02-21T03:46:41Z
UPS,2008-04-22,38.74,38.95,38.48,38.79,8185817,71.9,72.3,71.42,72,4410300,2026-02-21T03:46:41Z
UPS,2008-04-23,38.61,39.28,38.23,38.45,9207208,71.67,72.9,70.95,71.37,4960600,2026-02-21T03:46:41Z
UPS,2008-04-24,39.21,39.41,38.4,38.4,8900781,72.77,73.14,71.27,71.27,4795500,2026-02-21T03:46:41Z
UPS,2008-04-25,39.18,39.42,38.53,39.32,6040573,72.72,73.17,71.51,72.98,3254500,2026-02-21T03:46:41Z
UPS,2008-04-28,39.2,39.4,38.96,39.32,5214258,72.76,73.12,72.32,72.98,2809300,2026-02-21T03:46:41Z
UPS,2008-04-29,39.43,39.57,39.07,39.07,5981739,73.19,73.45,72.52,72.52,3222800,2026-02-21T03:46:41Z
UPS,2008-04-30,39.01,39.67,38.95,39.58,9611643,72.41,73.64,72.3,73.47,5178500,2026-02-21T03:46:41Z
UPS,2008-05-01,39.64,39.87,38.88,38.88,8027874,73.58,74,72.17,72.17,4325200,2026-02-21T03:46:41Z
UPS,2008-05-02,39.48,39.95,39.09,39.95,7537494,73.28,74.14,72.55,74.14,4061000,2026-02-21T03:46:41Z
UPS,2008-05-05,39.19,39.27,38.88,39.14,6332916,72.74,72.88,72.17,72.65,3412000,2026-02-21T03:46:41Z
UPS,2008-05-06,39.51,39.55,38.84,38.93,6155471,73.33,73.4,72.08,72.25,3316400,2026-02-21T03:46:41Z
UPS,2008-05-07,38.57,39.6,38.49,39.41,9117191,71.58,73.5,71.45,73.14,4912100,2026-02-21T03:46:41Z
UPS,2008-05-08,38.29,38.95,38.07,38.79,8597126,71.07,72.3,70.66,71.99,4631900,2026-02-21T03:46:41Z
UPS,2008-05-09,37.87,38.15,37.74,37.99,7762257,70.29,70.8,70.05,70.51,4182100,2026-02-21T03:46:41Z
UPS,2008-05-12,37.94,38.08,37.5,37.61,7564594,70.42,70.68,69.6,69.8,4075600,2026-02-21T03:46:41Z
UPS,2008-05-13,38.15,38.32,37.87,38.06,7195058,70.8,71.13,70.29,70.64,3876500,2026-02-21T03:46:41Z
UPS,2008-05-14,38.58,38.81,38.15,38.24,6595178,71.6,72.04,70.8,70.98,3553300,2026-02-21T03:46:41Z
UPS,2008-05-15,38.69,38.76,38.1,38.76,8307750,71.36,71.49,70.27,71.49,4504300,2026-02-21T03:46:41Z
UPS,2008-05-16,38.37,38.67,37.98,38.67,7799619,70.77,71.33,70.05,71.33,4228800,2026-02-21T03:46:41Z
UPS,2008-05-19,38.45,38.96,38.28,38.33,6521635,70.92,71.85,70.6,70.7,3535900,2026-02-21T03:46:41Z
UPS,2008-05-20,38.06,38.44,37.94,38.21,6152743,70.2,70.9,69.98,70.48,3335900,2026-02-21T03:46:41Z
UPS,2008-05-21,37.62,38.39,37.49,38.2,12578461,69.38,70.81,69.15,70.46,6819800,2026-02-21T03:46:41Z
UPS,2008-05-22,37.6,37.83,37.47,37.74,7742996,69.35,69.78,69.1,69.61,4198100,2026-02-21T03:46:41Z
UPS,2008-05-23,36.34,37.67,36.22,37.5,21379432,67.02,69.48,66.8,69.16,11591500,2026-02-21T03:46:41Z
UPS,2008-05-27,37.09,37.18,36.28,36.28,11655911,68.4,68.57,66.92,66.92,6319600,2026-02-21T03:46:41Z
UPS,2008-05-28,38.25,38.48,37.68,38.1,17337406,70.54,70.98,69.5,70.27,9400000,2026-02-21T03:46:41Z
UPS,2008-05-29,38.82,38.98,38.15,38.44,12535132,71.6,71.9,70.37,70.9,6796300,2026-02-21T03:46:41Z
UPS,2008-05-30,38.51,38.88,38.42,38.86,8363257,71.02,71.72,70.86,71.67,4534400,2026-02-21T03:46:41Z
UPS,2008-06-02,38.49,38.7,38.23,38.51,7884826,70.99,71.38,70.52,71.02,4275000,2026-02-21T03:46:41Z
UPS,2008-06-03,38.4,38.9,38.17,38.55,7957138,70.83,71.74,70.41,71.1,4314200,2026-02-21T03:46:41Z
UPS,2008-06-04,38.35,38.58,38.09,38.22,6454684,70.74,71.15,70.26,70.5,3499600,2026-02-21T03:46:41Z
UPS,2008-06-05,38.52,38.61,38.19,38.34,5584859,71.05,71.22,70.43,70.72,3028000,2026-02-21T03:46:41Z
UPS,2008-06-06,37.19,38.21,37.16,38.21,10966999,68.59,70.48,68.54,70.48,5946100,2026-02-21T03:46:41Z
UPS,2008-06-09,37.67,37.78,37.28,37.52,6138174,69.47,69.68,68.76,69.21,3328000,2026-02-21T03:46:41Z
UPS,2008-06-10,37.95,38.07,37.16,37.46,10185356,69.99,70.22,68.54,69.09,5522300,2026-02-21T03:46:41Z
UPS,2008-06-11,36.9,37.63,36.83,37.51,9450913,68.06,69.4,67.93,69.18,5124100,2026-02-21T03:46:41Z
UPS,2008-06-12,37.03,37.72,36.7,37.14,7406206,68.29,69.57,67.68,68.5,4015500,2026-02-21T03:46:41Z
UPS,2008-06-13,37.04,37.49,36.6,37.31,11492497,68.31,69.14,67.5,68.81,6231000,2026-02-21T03:46:41Z
UPS,2008-06-16,36.91,37.11,36.81,36.86,6329635,68.08,68.45,67.89,67.99,3431800,2026-02-21T03:46:41Z
UPS,2008-06-17,36.51,37.04,36.45,37.03,6519237,67.34,68.32,67.23,68.29,3534600,2026-02-21T03:46:41Z
UPS,2008-06-18,35.68,36.02,35.25,35.51,15117465,65.8,66.44,65.01,65.5,8196400,2026-02-21T03:46:41Z
UPS,2008-06-19,36.24,36.37,35.39,35.6,10589290,66.84,67.08,65.28,65.67,5741300,2026-02-21T03:46:41Z
UPS,2008-06-20,35.98,36.37,35.7,35.7,15622850,66.37,67.08,65.85,65.85,8470400,2026-02-21T03:46:41Z
UPS,2008-06-23,35.92,36.27,35.88,36.26,7984421,66.26,66.9,66.17,66.88,4329000,2026-02-21T03:46:41Z
UPS,2008-06-24,33.76,35.09,33.71,34.53,26977697,62.26,64.72,62.18,63.68,14626800,2026-02-21T03:46:41Z
UPS,2008-06-25,33.29,33.91,33.17,33.85,18181204,61.4,62.55,61.18,62.43,9857500,2026-02-21T03:46:41Z
UPS,2008-06-26,32.47,33.3,32.44,33.15,19534987,59.88,61.42,59.83,61.15,10591500,2026-02-21T03:46:41Z
UPS,2008-06-27,32.73,32.77,32.15,32.44,17460797,60.36,60.44,59.3,59.83,9466900,2026-02-21T03:46:41Z
UPS,2008-06-30,33.33,33.69,32.5,32.71,16747946,61.47,62.13,59.94,60.33,9080400,2026-02-21T03:46:41Z
UPS,2008-07-01,32.8,33.07,32.26,32.76,17397539,60.5,61,59.5,60.42,9432600,2026-02-21T03:46:41Z
UPS,2008-07-02,31.74,33.05,31.74,32.94,16303819,58.54,60.96,58.54,60.76,8839600,2026-02-21T03:46:41Z
UPS,2008-07-03,32.24,32.54,31.59,31.65,9562675,59.47,60.02,58.26,58.37,5184700,2026-02-21T03:46:41Z
UPS,2008-07-07,31.39,32.8,31.24,32.44,15767971,57.9,60.5,57.62,59.83,8549100,2026-02-21T03:46:41Z
UPS,2008-07-08,32.75,32.77,31.86,31.96,18945721,60.4,60.45,58.77,58.94,10272000,2026-02-21T03:46:41Z
UPS,2008-07-09,32.15,33.07,32.11,32.72,11448395,59.29,61,59.22,60.35,6207100,2026-02-21T03:46:41Z
UPS,2008-07-10,32.15,32.48,31.79,32.22,9403143,59.3,59.9,58.63,59.42,5098200,2026-02-21T03:46:41Z
UPS,2008-07-11,31.44,31.95,30.99,31.72,12929109,57.99,58.93,57.15,58.51,7009900,2026-02-21T03:46:41Z
UPS,2008-07-14,31.01,31.86,30.9,31.76,9566741,57.19,58.77,57,58.58,5186900,2026-02-21T03:46:41Z
UPS,2008-07-15,30.6,31.26,30.42,30.93,11446912,56.44,57.65,56.1,57.05,6206300,2026-02-21T03:46:41Z
UPS,2008-07-16,32.06,32.1,30.58,30.69,11266526,59.14,59.21,56.41,56.61,6108500,2026-02-21T03:46:41Z
UPS,2008-07-17,32.41,32.55,31.67,32.26,13533511,59.77,60.04,58.42,59.5,7337600,2026-02-21T03:46:41Z
UPS,2008-07-18,32.97,33.08,31.99,32.37,17694658,60.81,61.02,59.01,59.71,9593700,2026-02-21T03:46:41Z
UPS,2008-07-21,32.24,33.35,32.02,33.35,9687535,59.46,61.52,59.06,61.52,5252400,2026-02-21T03:46:41Z
UPS,2008-07-22,33.67,33.72,32.01,32.01,13127743,62.11,62.2,59.03,59.03,7117600,2026-02-21T03:46:41Z
UPS,2008-07-23,34.37,34.47,33.35,34.12,13229375,63.4,63.57,61.51,62.93,7172700,2026-02-21T03:46:41Z
UPS,2008-07-24,33.89,34.51,33.86,34.33,12965424,62.51,63.65,62.45,63.32,7029600,2026-02-21T03:46:41Z
UPS,2008-07-25,33.91,34.37,33.69,34.07,7915996,62.55,63.39,62.13,62.84,4291900,2026-02-21T03:46:41Z
UPS,2008-07-28,33.39,34.02,33.39,33.88,8509527,61.59,62.74,61.59,62.49,4613700,2026-02-21T03:46:41Z
UPS,2008-07-29,34.49,34.58,33.46,33.67,10925513,63.61,63.77,61.71,62.1,5923600,2026-02-21T03:46:41Z
UPS,2008-07-30,34.12,35.16,33.72,34.7,11406915,62.94,64.85,62.2,64,6184600,2026-02-21T03:46:41Z
UPS,2008-07-31,34.2,34.44,33.88,33.92,10923684,63.08,63.52,62.48,62.56,5922600,2026-02-21T03:46:41Z
UPS,2008-08-01,33.76,34.27,33.28,33.98,8863826,62.26,63.2,61.38,62.67,4805800,2026-02-21T03:46:41Z
UPS,2008-08-04,33.92,34.29,33.6,33.67,6351212,62.57,63.25,61.98,62.11,3443500,2026-02-21T03:46:41Z
UPS,2008-08-05,35.38,35.48,34.14,34.14,13058926,65.25,65.43,62.97,62.97,7080300,2026-02-21T03:46:41Z
UPS,2008-08-06,34.86,35.31,34.56,35.31,7840932,64.3,65.13,63.74,65.13,4251200,2026-02-21T03:46:41Z
UPS,2008-08-07,34.3,34.82,34.16,34.33,8200044,63.26,64.22,63.01,63.32,4445900,2026-02-21T03:46:41Z
UPS,2008-08-08,35.62,35.8,34.48,34.48,11756034,65.7,66.02,63.59,63.59,6373900,2026-02-21T03:46:41Z
UPS,2008-08-11,35.52,35.96,34.99,35.36,9695492,65.51,66.33,64.54,65.21,5256700,2026-02-21T03:46:41Z
UPS,2008-08-12,35.2,35.59,35.01,35.18,6628969,64.93,65.64,64.58,64.89,3594100,2026-02-21T03:46:41Z
UPS,2008-08-13,35.02,35.25,34.43,35.02,7324490,64.6,65.01,63.5,64.59,3971200,2026-02-21T03:46:41Z
UPS,2008-08-14,35.56,35.83,34.56,34.85,8750226,65.59,66.08,63.75,64.27,4744200,2026-02-21T03:46:41Z
UPS,2008-08-15,35.86,36.25,35.59,35.78,9370869,66.14,66.86,65.64,66,5080700,2026-02-21T03:46:41Z
UPS,2008-08-18,35.4,36.01,35.2,35.92,7431655,65.3,66.41,64.92,66.26,4029300,2026-02-21T03:46:41Z
UPS,2008-08-19,34.7,35.31,34.65,35.19,10254135,64,65.12,63.9,64.91,5559600,2026-02-21T03:46:41Z
UPS,2008-08-20,34.2,35.12,33.8,34.74,9478584,63.07,64.77,62.34,64.08,5139100,2026-02-21T03:46:41Z
UPS,2008-08-21,33.96,34.06,33.3,33.92,6780368,62.19,62.37,60.99,62.11,3702600,2026-02-21T03:46:41Z
UPS,2008-08-22,34.69,34.81,34.08,34.08,6694296,63.52,63.74,62.41,62.41,3655600,2026-02-21T03:46:41Z
UPS,2008-08-25,34.33,34.69,34.11,34.44,6950131,62.87,63.52,62.47,63.06,3795300,2026-02-21T03:46:41Z
UPS,2008-08-26,34.29,34.38,33.9,34.08,7204486,62.8,62.95,62.07,62.4,3934200,2026-02-21T03:46:41Z
UPS,2008-08-27,34.69,34.95,33.94,34.27,6522525,63.52,64,62.15,62.76,3561800,2026-02-21T03:46:41Z
UPS,2008-08-28,35.33,35.54,34.73,34.85,5865470,64.7,65.08,63.6,63.82,3203000,2026-02-21T03:46:41Z
UPS,2008-08-29,35.01,35.58,34.97,35.22,5939831,64.12,65.16,64.04,64.5,3243600,2026-02-21T03:46:41Z
UPS,2008-09-02,35.5,36.58,35.41,35.98,9706314,65.01,66.99,64.85,65.88,5300400,2026-02-21T03:46:41Z
UPS,2008-09-03,35.85,35.94,35.25,35.52,9782518,65.65,65.81,64.55,65.05,5342000,2026-02-21T03:46:41Z
UPS,2008-09-04,35.04,36.01,34.76,35.77,9321030,64.16,65.95,63.65,65.5,5090000,2026-02-21T03:46:41Z
UPS,2008-09-05,34.89,34.99,34.21,34.82,7448412,63.89,64.07,62.65,63.77,4067400,2026-02-21T03:46:41Z
UPS,2008-09-08,36.04,36.18,35.36,35.43,10629276,65.99,66.26,64.76,64.88,5804400,2026-02-21T03:46:41Z
UPS,2008-09-09,35.58,36.55,35.58,36.04,10819346,65.16,66.94,65.16,65.99,5908200,2026-02-21T03:46:41Z
UPS,2008-09-10,36.42,36.84,36.07,36.59,11891904,66.69,67.47,66.05,67,6493900,2026-02-21T03:46:41Z
UPS,2008-09-11,37.2,37.27,35.95,36.16,13221785,68.12,68.25,65.84,66.22,7220100,2026-02-21T03:46:41Z
UPS,2008-09-12,37.46,37.71,36.73,37.06,12933884,68.6,69.05,67.27,67.86,7062900,2026-02-21T03:46:41Z
UPS,2008-09-15,36.94,37.83,36.52,37.07,11758601,67.65,69.27,66.87,67.89,6421100,2026-02-21T03:46:41Z
UPS,2008-09-16,37.58,37.7,35.92,35.93,14412809,68.82,69.04,65.78,65.79,7870500,2026-02-21T03:46:41Z
UPS,2008-09-17,35.8,36.84,35.27,36.73,18164840,65.56,67.47,64.58,67.26,9919400,2026-02-21T03:46:41Z
UPS,2008-09-18,36.3,36.69,35.35,35.91,19981797,66.48,67.18,64.73,65.76,10911600,2026-02-21T03:46:41Z
UPS,2008-09-19,36.97,38.23,35.02,36.59,16837557,67.7,70,64.13,67.01,9194600,2026-02-21T03:46:41Z
UPS,2008-09-22,35.98,36.91,35.72,36.58,9404365,65.88,67.6,65.41,66.98,5135500,2026-02-21T03:46:41Z
UPS,2008-09-23,35.38,36.67,35.26,36.01,8709951,64.79,67.16,64.56,65.94,4756300,2026-02-21T03:46:41Z
UPS,2008-09-24,34.62,35.75,34.24,35.13,11201174,63.39,65.47,62.71,64.34,6116700,2026-02-21T03:46:41Z
UPS,2008-09-25,34.82,35.24,34.63,34.89,9597922,63.77,64.54,63.42,63.89,5241200,2026-02-21T03:46:41Z
UPS,2008-09-26,35.16,35.39,34.26,34.26,9106407,64.39,64.8,62.73,62.73,4972800,2026-02-21T03:46:41Z
UPS,2008-09-29,34.71,35.59,33.63,34.66,14816432,63.56,65.18,61.58,63.48,8090900,2026-02-21T03:46:41Z
UPS,2008-09-30,34.34,35.52,34.18,34.71,13348660,62.89,65.04,62.59,63.56,7289400,2026-02-21T03:46:41Z
UPS,2008-10-01,34.84,35.19,33.67,34.18,11011088,63.8,64.44,61.65,62.6,6012900,2026-02-21T03:46:41Z
UPS,2008-10-02,33.35,34.64,33.02,34.59,13360380,61.08,63.43,60.47,63.34,7295800,2026-02-21T03:46:41Z
UPS,2008-10-03,33.18,34.61,32.98,33.71,13004591,60.76,63.38,60.4,61.73,7101500,2026-02-21T03:46:41Z
UPS,2008-10-06,32.76,33.72,31.3,32.78,17724251,60,61.75,57.32,60.03,9678800,2026-02-21T03:46:41Z
UPS,2008-10-07,32.32,33.66,32.1,33.24,13938142,59.19,61.63,58.79,60.88,7611300,2026-02-21T03:46:41Z
UPS,2008-10-08,31.62,32.86,30.98,31.84,21774991,57.9,60.18,56.73,58.31,11890800,2026-02-21T03:46:41Z
UPS,2008-10-09,28.94,32.16,28.76,31.68,18260233,53,58.9,52.67,58.01,9971500,2026-02-21T03:46:41Z
UPS,2008-10-10,28.23,29.16,23.66,27.8,34712845,51.7,53.4,43.32,50.91,18955900,2026-02-21T03:46:41Z
UPS,2008-10-13,30.39,30.84,28.27,29.08,15613541,55.65,56.47,51.76,53.26,8526200,2026-02-21T03:46:41Z
UPS,2008-10-14,29.98,32.01,28.98,31.08,14904504,54.9,58.61,53.07,56.92,8139000,2026-02-21T03:46:41Z
UPS,2008-10-15,28.01,29.69,27.94,29.37,13649564,51.3,54.37,51.16,53.79,7453700,2026-02-21T03:46:41Z
UPS,2008-10-16,28.2,28.6,26.43,28.42,20638859,51.64,52.37,48.4,52.05,11270400,2026-02-21T03:46:41Z
UPS,2008-10-17,27.6,28.75,26.81,27.59,15916638,50.54,52.64,49.09,50.52,8691700,2026-02-21T03:46:41Z
UPS,2008-10-20,28.49,28.9,27.6,27.94,10095658,52.17,52.92,50.54,51.16,5513000,2026-02-21T03:46:41Z
UPS,2008-10-21,27.69,28.68,27.53,28.12,9070883,50.7,52.53,50.41,51.5,4953400,2026-02-21T03:46:41Z
UPS,2008-10-22,25.33,27.43,24.45,27.42,16667985,46.39,50.24,44.77,50.21,9102000,2026-02-21T03:46:41Z
UPS,2008-10-23,26.28,26.57,25.28,26.05,20826173,48.13,48.65,46.3,47.7,11372700,2026-02-21T03:46:41Z
UPS,2008-10-24,25.42,26.43,24.57,24.78,11823050,46.55,48.4,45,45.38,6456300,2026-02-21T03:46:41Z
UPS,2008-10-27,24.4,25.55,24.37,24.93,10490836,44.68,46.78,44.62,45.65,5728800,2026-02-21T03:46:41Z
UPS,2008-10-28,26.68,26.7,24.49,24.71,14202405,48.86,48.9,44.85,45.26,7755600,2026-02-21T03:46:41Z
UPS,2008-10-29,26.05,27.5,25.88,26.65,11790083,47.7,50.36,47.4,48.8,6438300,2026-02-21T03:46:41Z
UPS,2008-10-30,27.92,28.07,26.64,26.64,16976370,51.13,51.4,48.79,48.79,9270400,2026-02-21T03:46:41Z
UPS,2008-10-31,28.82,29.3,27.57,27.63,13672268,52.78,53.65,50.49,50.6,7466100,2026-02-21T03:46:41Z
UPS,2008-11-03,28.95,29.36,28.4,28.68,7644161,53.02,53.77,52.01,52.52,4174300,2026-02-21T03:46:41Z
UPS,2008-11-04,30.13,30.19,29.14,29.47,11182866,55.18,55.28,53.37,53.96,6106700,2026-02-21T03:46:41Z
UPS,2008-11-05,28.64,30.48,28.44,29.73,10530191,52.44,55.82,52.08,54.45,5750300,2026-02-21T03:46:41Z
UPS,2008-11-06,27.23,28.8,27.18,28.47,14162868,49.87,52.75,49.78,52.13,7734000,2026-02-21T03:46:41Z
UPS,2008-11-07,28.35,28.65,27.25,27.41,9923148,51.92,52.46,49.9,50.19,5418800,2026-02-21T03:46:41Z
UPS,2008-11-10,29.27,30.04,28.83,30.03,12891967,53.6,55.01,52.8,55,7040000,2026-02-21T03:46:41Z
UPS,2008-11-11,29.15,29.88,28.57,28.91,9850622,53.38,54.71,52.32,52.95,5379200,2026-02-21T03:46:41Z
UPS,2008-11-12,27.96,29.12,27.61,28.64,11948332,51.2,53.33,50.57,52.44,6524700,2026-02-21T03:46:41Z
UPS,2008-11-13,30.35,30.42,27.17,28.41,20541151,55.09,55.22,49.32,51.57,11316500,2026-02-21T03:46:41Z
UPS,2008-11-14,29.28,30.31,28.34,30.11,14672773,53.14,55.01,51.44,54.66,8083500,2026-02-21T03:46:41Z
UPS,2008-11-17,29.35,30.06,28.37,28.95,14371785,53.28,54.57,51.5,52.54,7917700,2026-02-21T03:46:41Z
UPS,2008-11-18,29.92,30.38,28.88,28.95,14118051,54.31,55.15,52.42,52.54,7777900,2026-02-21T03:46:41Z
UPS,2008-11-19,28.3,30.49,27.96,29.88,14940490,51.36,55.35,50.75,54.24,8231000,2026-02-21T03:46:41Z
UPS,2008-11-20,27.11,29.17,26.64,27.91,19625043,49.21,52.95,48.36,50.66,10811800,2026-02-21T03:46:41Z
UPS,2008-11-21,28.82,28.86,26.61,27.19,18538461,52.31,52.39,48.31,49.36,10213200,2026-02-21T03:46:41Z
UPS,2008-11-24,30.09,30.55,28.87,29.28,19719225,54.61,55.46,52.41,53.15,10863700,2026-02-21T03:46:41Z
UPS,2008-11-25,31.09,31.15,30.37,30.58,16750769,56.43,56.54,55.12,55.5,9228300,2026-02-21T03:46:41Z
UPS,2008-11-26,31.62,31.78,30.08,30.35,11545268,57.39,57.69,54.6,55.09,6360500,2026-02-21T03:46:41Z
UPS,2008-11-28,31.73,31.81,30.92,31.54,5746404,57.6,57.74,56.12,57.24,3165800,2026-02-21T03:46:41Z
UPS,2008-12-01,29.6,31.32,29.52,31.1,11837299,53.72,56.85,53.59,56.45,6521400,2026-02-21T03:46:41Z
UPS,2008-12-02,30.41,30.55,29.3,29.9,9766051,55.19,55.45,53.19,54.28,5380300,2026-02-21T03:46:41Z
UPS,2008-12-03,31.25,31.4,29.54,29.83,12389313,56.73,57,53.62,54.15,6825500,2026-02-21T03:46:41Z
UPS,2008-12-04,31.31,32.31,30.72,30.91,15817221,56.83,58.64,55.76,56.1,8714000,2026-02-21T03:46:41Z
UPS,2008-12-05,31.86,31.95,29.88,30.95,11172802,57.83,57.99,54.24,56.17,6155300,2026-02-21T03:46:41Z
UPS,2008-12-08,32.29,32.77,31.52,32.45,15345800,58.62,59.48,57.21,58.9,8454300,2026-02-21T03:46:41Z
UPS,2008-12-09,30.03,30.82,29.53,30.02,19022031,54.51,55.94,53.6,54.49,10479600,2026-02-21T03:46:41Z
UPS,2008-12-10,29.84,30.45,29.31,29.99,10641664,54.16,55.27,53.2,54.43,5862700,2026-02-21T03:46:41Z
UPS,2008-12-11,28.55,29.68,28.24,29.59,11989071,51.83,53.88,51.26,53.71,6605000,2026-02-21T03:46:41Z
UPS,2008-12-12,28.66,29.03,27.84,28.1,10497918,52.03,52.69,50.53,51.01,5783500,2026-02-21T03:46:41Z
UPS,2008-12-15,28.57,29.16,28.15,28.85,8206846,51.85,52.92,51.1,52.37,4521300,2026-02-21T03:46:41Z
UPS,2008-12-16,29,29.21,27.58,27.91,14208247,52.64,53.02,50.06,50.66,7827600,2026-02-21T03:46:41Z
UPS,2008-12-17,28.9,29.25,28.34,28.57,10256139,52.46,53.1,51.45,51.86,5650300,2026-02-21T03:46:41Z
UPS,2008-12-18,29.08,29.96,28.68,29.2,13028778,52.78,54.39,52.06,53,7177800,2026-02-21T03:46:41Z
UPS,2008-12-19,29.38,29.89,29.23,29.75,12613837,53.33,54.25,53.06,54,6949200,2026-02-21T03:46:41Z
UPS,2008-12-22,29.3,29.5,28.94,29.35,7619445,53.19,53.54,52.53,53.27,4197700,2026-02-21T03:46:41Z
UPS,2008-12-23,29.01,29.68,28.82,29.12,6926425,52.66,53.88,52.31,52.85,3815900,2026-02-21T03:46:41Z
UPS,2008-12-24,29.14,29.2,28.93,29.11,2186528,52.89,53,52.52,52.83,1204600,2026-02-21T03:46:41Z
UPS,2008-12-26,29.29,29.35,28.99,29.2,2325572,53.16,53.28,52.62,53,1281200,2026-02-21T03:46:41Z
UPS,2008-12-29,29.26,29.28,28.58,29.18,5749487,53.12,53.15,51.88,52.97,3167500,2026-02-21T03:46:41Z
UPS,2008-12-30,29.85,29.93,28.82,29.38,6189474,54.18,54.32,52.32,53.32,3409900,2026-02-21T03:46:41Z
UPS,2008-12-31,30.39,30.66,29.85,29.85,7219389,55.16,55.65,54.19,54.19,3977300,2026-02-21T03:46:41Z
UPS,2009-01-02,30.91,31.06,29.95,30.48,7683698,56.11,56.38,54.37,55.32,4233100,2026-02-21T03:46:41Z
UPS,2009-01-05,30.4,30.87,30.11,30.82,6522558,55.18,56.03,54.66,55.94,3593400,2026-02-21T03:46:41Z
UPS,2009-01-06,30.53,30.97,29.94,30.54,8311937,55.42,56.21,54.35,55.44,4579200,2026-02-21T03:46:41Z
UPS,2009-01-07,29.42,30.3,29.31,30.23,9478701,53.41,55,53.2,54.87,5222000,2026-02-21T03:46:41Z
UPS,2009-01-08,28.76,29.58,28.48,29.35,10394806,52.21,53.7,51.69,53.27,5726700,2026-02-21T03:46:41Z
UPS,2009-01-09,28.06,29.05,28.05,28.76,8026771,50.93,52.74,50.92,52.2,4422100,2026-02-21T03:46:41Z
UPS,2009-01-12,27.9,28.37,27.75,28.2,7341200,50.65,51.5,50.37,51.18,4044400,2026-02-21T03:46:41Z
UPS,2009-01-13,27.4,27.98,27.21,27.91,8223716,49.74,50.79,49.4,50.66,4530600,2026-02-21T03:46:41Z
UPS,2009-01-14,26.53,27.21,26.32,27.21,10127279,48.15,49.39,47.77,49.39,5579300,2026-02-21T03:46:41Z
UPS,2009-01-15,26.61,26.76,25.92,26.53,11790656,48.3,48.57,47.05,48.15,6495700,2026-02-21T03:46:41Z
UPS,2009-01-16,26.55,27.04,26.02,26.95,10631506,48.2,49.08,47.24,48.91,5857100,2026-02-21T03:46:41Z
UPS,2009-01-20,25.3,26.48,25.26,26.44,9631365,45.93,48.06,45.85,48,5306100,2026-02-21T03:46:41Z
UPS,2009-01-21,26.29,26.39,25.47,25.72,10650952,47.72,47.9,46.23,46.69,5867800,2026-02-21T03:46:41Z
UPS,2009-01-22,26.24,26.61,25.73,25.87,9098968,47.63,48.3,46.7,46.96,5012800,2026-02-21T03:46:41Z
UPS,2009-01-23,25.85,26.32,25.67,25.94,10631334,46.92,47.78,46.59,47.08,5857000,2026-02-21T03:46:41Z
UPS,2009-01-26,25.88,26.39,25.62,26.01,9026179,46.97,47.91,46.5,47.21,4972700,2026-02-21T03:46:41Z
UPS,2009-01-27,25.95,26.22,25.58,26.07,7014459,47.11,47.6,46.43,47.33,3864400,2026-02-21T03:46:41Z
UPS,2009-01-28,25.81,26.26,25.37,26.14,11853491,46.85,47.67,46.05,47.44,6530300,2026-02-21T03:46:41Z
UPS,2009-01-29,24.7,25.77,24.59,25.55,11587914,44.84,46.77,44.64,46.38,6384000,2026-02-21T03:46:41Z
UPS,2009-01-30,23.41,25.24,23.27,24.82,20114976,42.49,45.81,42.24,45.05,11081700,2026-02-21T03:46:41Z
UPS,2009-02-02,23.37,23.66,22.81,23.24,13676773,42.42,42.95,41.4,42.19,7534800,2026-02-21T03:46:41Z
UPS,2009-02-03,24.79,25.11,23.36,23.52,22892707,45,45.57,42.4,42.7,12612000,2026-02-21T03:46:41Z
UPS,2009-02-04,24.81,25.24,24.55,25.12,13374007,45.03,45.82,44.57,45.6,7368000,2026-02-21T03:46:41Z
UPS,2009-02-05,25.29,25.48,24.47,24.66,12513269,45.91,46.25,44.42,44.77,6893800,2026-02-21T03:46:41Z
UPS,2009-02-06,25.93,26.11,25.24,25.28,10680903,47.07,47.4,45.82,45.88,5884300,2026-02-21T03:46:41Z
UPS,2009-02-09,26.04,26.24,25.59,26.24,8657907,47.26,47.63,46.44,47.63,4769800,2026-02-21T03:46:41Z
UPS,2009-02-10,24.64,26.04,24.41,25.86,13041117,44.72,47.26,44.31,46.94,7184600,2026-02-21T03:46:41Z
UPS,2009-02-11,24.96,25.03,24.41,24.82,9850098,45.3,45.44,44.3,45.06,5426600,2026-02-21T03:46:41Z
UPS,2009-02-12,24.74,24.76,23.85,24.43,11598603,44.9,44.95,43.29,44.34,6389900,2026-02-21T03:46:41Z
UPS,2009-02-13,24.7,25.28,24.61,24.7,7316504,44.84,45.88,44.67,44.84,4030800,2026-02-21T03:46:41Z
UPS,2009-02-17,23.66,24.18,23.24,24.18,11750533,42.95,43.9,42.19,43.9,6473600,2026-02-21T03:46:41Z
UPS,2009-02-18,23.54,23.87,23.28,23.79,10816094,42.73,43.33,42.25,43.18,5958800,2026-02-21T03:46:41Z
UPS,2009-02-19,23.9,24.27,23.55,23.93,11066067,42.93,43.58,42.29,42.97,6161400,2026-02-21T03:46:41Z
UPS,2009-02-20,23.83,24.22,23.25,23.79,13017107,42.8,43.5,41.75,42.72,7247700,2026-02-21T03:46:41Z
UPS,2009-02-23,22.78,24.23,22.73,23.95,10012903,40.92,43.51,40.82,43.02,5575000,2026-02-21T03:46:41Z
UPS,2009-02-24,24.04,24.16,22.86,22.94,12550860,43.17,43.4,41.05,41.2,6988100,2026-02-21T03:46:41Z
UPS,2009-02-25,23.4,23.88,23.15,23.71,13422278,42.03,42.88,41.58,42.59,7473300,2026-02-21T03:46:41Z
UPS,2009-02-26,22.93,23.81,22.86,23.69,10275812,41.19,42.77,41.06,42.55,5721400,2026-02-21T03:46:41Z
UPS,2009-02-27,22.93,23.25,21.97,22.52,15055252,41.18,41.76,39.46,40.45,8382500,2026-02-21T03:46:41Z
UPS,2009-03-02,21.67,22.76,21.44,22.54,16169849,38.92,40.87,38.5,40.49,9003100,2026-02-21T03:46:41Z
UPS,2009-03-03,21.43,22.03,21.29,21.93,11771361,38.49,39.57,38.23,39.39,6554100,2026-02-21T03:46:41Z
UPS,2009-03-04,22.66,22.92,21.56,21.72,15848053,40.7,41.16,38.72,39.01,8823900,2026-02-21T03:46:41Z
UPS,2009-03-05,22.25,22.31,21.7,22.31,24121623,39.97,40.07,38.97,40.07,13430500,2026-02-21T03:46:41Z
UPS,2009-03-06,21.93,22.97,21.4,22.42,17059800,39.38,41.26,38.44,40.27,9498600,2026-02-21T03:46:41Z
UPS,2009-03-09,21.32,21.93,21.15,21.73,13343790,38.3,39.39,37.99,39.03,7429600,2026-02-21T03:46:41Z
UPS,2009-03-10,22.95,23.05,21.6,21.71,17969295,41.22,41.39,38.79,39,10005000,2026-02-21T03:46:41Z
UPS,2009-03-11,23.78,24.01,22.88,23.1,17458508,42.71,43.12,41.09,41.49,9720600,2026-02-21T03:46:41Z
UPS,2009-03-12,24.09,24.13,23.25,23.69,11895119,43.27,43.34,41.75,42.55,6623000,2026-02-21T03:46:41Z
UPS,2009-03-13,23.99,24.33,23.71,24.29,10005325,43.09,43.69,42.58,43.63,5570800,2026-02-21T03:46:41Z
UPS,2009-03-16,24.9,25.42,24.25,24.25,16715311,44.73,45.66,43.55,43.56,9306800,2026-02-21T03:46:41Z
UPS,2009-03-17,25.75,25.77,24.6,24.88,11581373,46.24,46.28,44.19,44.68,6448300,2026-02-21T03:46:41Z
UPS,2009-03-18,25.9,26.36,24.8,25.43,15414290,46.52,47.34,44.55,45.67,8582400,2026-02-21T03:46:41Z
UPS,2009-03-19,25.61,26.28,25.51,26.14,12935226,45.99,47.2,45.81,46.94,7202100,2026-02-21T03:46:41Z
UPS,2009-03-20,24.89,25.83,24.82,25.64,16086023,44.71,46.39,44.58,46.05,8956400,2026-02-21T03:46:41Z
UPS,2009-03-23,26.47,26.52,25.07,25.07,11501995,47.54,47.64,45.03,45.03,6404100,2026-02-21T03:46:41Z
UPS,2009-03-24,26.3,26.98,26.1,26.39,10733097,47.24,48.46,46.87,47.39,5976000,2026-02-21T03:46:41Z
UPS,2009-03-25,26.76,27.39,26.13,26.56,16537538,48.07,49.19,46.93,47.7,9207800,2026-02-21T03:46:41Z
UPS,2009-03-26,28.1,28.14,26.87,26.87,16356862,50.46,50.54,48.26,48.26,9107200,2026-02-21T03:46:41Z
UPS,2009-03-27,27.9,28.39,27.64,28.03,15037453,50.11,50.99,49.65,50.35,8372600,2026-02-21T03:46:41Z
UPS,2009-03-30,27.07,27.52,26.73,27.38,11498923,48.61,49.43,48.01,49.18,6402400,2026-02-21T03:46:41Z
UPS,2009-03-31,27.4,27.8,26.61,27.26,14276868,49.22,49.92,47.8,48.96,7949100,2026-02-21T03:46:41Z
UPS,2009-04-01,27.88,28.03,27.11,27.11,11217306,50.07,50.34,48.69,48.69,6245600,2026-02-21T03:46:41Z
UPS,2009-04-02,29.16,29.86,28.12,28.41,19476006,52.37,53.62,50.51,51.03,10843900,2026-02-21T03:46:41Z
UPS,2009-04-03,29.37,29.41,28.81,28.91,12196493,52.75,52.82,51.75,51.93,6790800,2026-02-21T03:46:41Z
UPS,2009-04-06,29.28,29.36,28.71,29.05,10146520,52.58,52.73,51.56,52.17,5649400,2026-02-21T03:46:41Z
UPS,2009-04-07,28.55,28.92,28.41,28.84,9280466,51.28,51.94,51.02,51.79,5167200,2026-02-21T03:46:41Z
UPS,2009-04-08,29.06,29.1,28.35,28.72,7555565,52.2,52.26,50.92,51.59,4206800,2026-02-21T03:46:41Z
UPS,2009-04-09,29.78,30.23,29.34,29.58,11769405,53.49,54.29,52.7,53.12,6553000,2026-02-21T03:46:41Z
UPS,2009-04-13,29.75,30.04,29.37,29.48,6406808,53.43,53.95,52.75,52.94,3567200,2026-02-21T03:46:41Z
UPS,2009-04-14,29.75,30.05,29.25,29.48,8423394,53.43,53.98,52.53,52.95,4690000,2026-02-21T03:46:41Z
UPS,2009-04-15,30.21,30.24,29.52,29.55,8682399,54.25,54.31,53.02,53.07,4834200,2026-02-21T03:46:41Z
UPS,2009-04-16,31.14,31.25,29.95,30.38,10514331,55.92,56.13,53.8,54.57,5854200,2026-02-21T03:46:41Z
UPS,2009-04-17,30.43,31.25,29.97,31.12,14902570,54.65,56.13,53.82,55.89,8297500,2026-02-21T03:46:41Z
UPS,2009-04-20,29.6,29.98,29.34,29.98,10698596,53.16,53.85,52.69,53.85,5956800,2026-02-21T03:46:41Z
UPS,2009-04-21,30.82,30.97,29.37,29.39,11213539,55.35,55.62,52.75,52.78,6243500,2026-02-21T03:46:41Z
UPS,2009-04-22,30.48,31.88,30.32,30.48,13713093,54.75,57.25,54.46,54.75,7635200,2026-02-21T03:46:41Z
UPS,2009-04-23,29.69,29.91,28.18,29.45,22700076,53.33,53.72,50.61,52.9,12639000,2026-02-21T03:46:41Z
UPS,2009-04-24,29.67,30.09,29.25,29.52,10875869,53.28,54.04,52.53,53.01,6055500,2026-02-21T03:46:41Z
UPS,2009-04-27,28.51,29.28,28.34,29.28,10487410,51.21,52.58,50.9,52.58,5839200,2026-02-21T03:46:41Z
UPS,2009-04-28,28.42,28.76,28.18,28.38,7843092,51.04,51.66,50.62,50.97,4366900,2026-02-21T03:46:41Z
UPS,2009-04-29,28.84,29.19,28.53,28.57,8004013,51.79,52.42,51.24,51.31,4456500,2026-02-21T03:46:41Z
UPS,2009-04-30,29.14,29.46,28.96,29.16,8943706,52.34,52.92,52.01,52.38,4979700,2026-02-21T03:46:41Z
UPS,2009-05-01,28.76,29.29,28.51,29.01,6781459,51.66,52.6,51.21,52.1,3775800,2026-02-21T03:46:41Z
UPS,2009-05-04,30.13,30.22,28.61,28.85,8947649,54.12,54.28,51.39,51.81,4981900,2026-02-21T03:46:41Z
UPS,2009-05-05,30.71,30.71,30.07,30.07,8439189,55.15,55.16,54.01,54.01,4698800,2026-02-21T03:46:41Z
UPS,2009-05-06,31.09,31.09,30.39,30.91,8755654,55.83,55.83,54.59,55.51,4875000,2026-02-21T03:46:41Z
UPS,2009-05-07,31.09,31.69,30.76,31.28,13860514,55.83,56.92,55.24,56.18,7717300,2026-02-21T03:46:41Z
UPS,2009-05-08,32.08,32.23,31.4,31.48,12636894,57.62,57.89,56.4,56.53,7036000,2026-02-21T03:46:41Z
UPS,2009-05-11,31.09,31.66,30.95,31.52,7994137,55.83,56.86,55.59,56.62,4451000,2026-02-21T03:46:41Z
UPS,2009-05-12,30.42,31.31,29.99,31.18,11978463,54.64,56.24,53.86,56.01,6669400,2026-02-21T03:46:41Z
UPS,2009-05-13,29.18,29.97,28.91,29.97,12231155,52.41,53.83,51.93,53.83,6810100,2026-02-21T03:46:41Z
UPS,2009-05-14,29.35,29.75,29.13,29.38,7812094,52.26,52.97,51.87,52.31,4387300,2026-02-21T03:46:41Z
UPS,2009-05-15,29.2,30.05,29.09,29.23,9515599,51.99,53.5,51.8,52.05,5344000,2026-02-21T03:46:41Z
UPS,2009-05-18,29.65,29.86,29.23,29.23,9087539,52.8,53.17,52.05,52.05,5103600,2026-02-21T03:46:41Z
UPS,2009-05-19,29.1,29.99,29.07,29.7,10362824,51.82,53.4,51.76,52.89,5819800,2026-02-21T03:46:41Z
UPS,2009-05-20,29.12,29.84,29.08,29.49,9140243,51.86,53.14,51.78,52.51,5133200,2026-02-21T03:46:41Z
UPS,2009-05-21,27.79,28.9,27.71,28.9,12705563,49.49,51.46,49.34,51.46,7135500,2026-02-21T03:46:41Z
UPS,2009-05-22,27.88,28.23,27.29,27.96,10850683,49.65,50.27,48.59,49.79,6093800,2026-02-21T03:46:41Z
UPS,2009-05-26,28.72,28.87,27.6,27.64,8729113,51.14,51.4,49.15,49.22,4902300,2026-02-21T03:46:41Z
UPS,2009-05-27,27.94,28.92,27.84,28.77,7990149,49.75,51.49,49.57,51.23,4487300,2026-02-21T03:46:41Z
UPS,2009-05-28,27.52,28.34,27.43,28.02,10558689,49.01,50.47,48.85,49.9,5929800,2026-02-21T03:46:41Z
UPS,2009-05-29,28.72,28.72,27.6,27.61,10616031,51.14,51.14,49.14,49.17,5962000,2026-02-21T03:46:41Z
UPS,2009-06-01,29.52,29.77,28.93,29.32,12042651,52.56,53,51.51,52.2,6763200,2026-02-21T03:46:41Z
UPS,2009-06-02,29.52,30.39,29.15,29.41,9137401,52.56,54.12,51.9,52.37,5131600,2026-02-21T03:46:41Z
UPS,2009-06-03,28.65,29.21,28.43,29.05,11592663,51.02,52.02,50.63,51.72,6510500,2026-02-21T03:46:41Z
UPS,2009-06-04,28.64,28.88,28.23,28.7,8312620,51,51.43,50.26,51.1,4668400,2026-02-21T03:46:41Z
UPS,2009-06-05,28.93,29.36,28.76,29.15,7163216,51.52,52.27,51.21,51.9,4022900,2026-02-21T03:46:41Z
UPS,2009-06-08,28.88,29.06,28.19,28.82,7523983,51.43,51.74,50.2,51.31,4225500,2026-02-21T03:46:41Z
UPS,2009-06-09,29.14,29.3,28.67,28.84,5464707,51.88,52.18,51.05,51.36,3069000,2026-02-21T03:46:41Z
UPS,2009-06-10,29.01,29.39,28.53,29.3,8365665,51.65,52.33,50.8,52.18,4698200,2026-02-21T03:46:41Z
UPS,2009-06-11,29.08,29.38,28.95,29.07,6574907,51.78,52.32,51.55,51.77,3692500,2026-02-21T03:46:41Z
UPS,2009-06-12,28.38,29.06,28.12,28.98,9982817,50.53,51.74,50.08,51.6,5606400,2026-02-21T03:46:41Z
UPS,2009-06-15,27.52,28.08,27.35,28.04,11247781,49,50,48.7,49.92,6316800,2026-02-21T03:46:41Z
UPS,2009-06-16,27.2,27.86,27.17,27.68,7545885,48.44,49.6,48.38,49.28,4237800,2026-02-21T03:46:41Z
UPS,2009-06-17,27.02,27.29,26.69,27.02,11314371,48.12,48.6,47.53,48.11,6354200,2026-02-21T03:46:41Z
UPS,2009-06-18,27.13,27.34,26.77,27.1,6689226,48.3,48.69,47.66,48.26,3756700,2026-02-21T03:46:41Z
UPS,2009-06-19,27.04,27.37,26.78,27.37,11429946,48.14,48.74,47.69,48.73,6419100,2026-02-21T03:46:41Z
UPS,2009-06-22,26.31,26.94,26.06,26.91,12763586,46.84,47.97,46.41,47.92,7168100,2026-02-21T03:46:41Z
UPS,2009-06-23,26.51,26.82,26.36,26.51,10293377,47.2,47.76,46.94,47.2,5780800,2026-02-21T03:46:41Z
UPS,2009-06-24,26.75,27.23,26.61,26.77,8362658,47.64,48.49,47.38,47.66,4696500,2026-02-21T03:46:41Z
UPS,2009-06-25,27.73,27.77,26.6,26.6,8985687,49.37,49.45,47.37,47.37,5046400,2026-02-21T03:46:41Z
UPS,2009-06-26,28,28.14,27.52,27.58,9871003,49.86,50.1,49,49.11,5543600,2026-02-21T03:46:41Z
UPS,2009-06-29,28.26,28.56,27.74,28.05,7282536,50.32,50.86,49.4,49.94,4089900,2026-02-21T03:46:41Z
UPS,2009-06-30,28.07,28.49,27.8,28.22,8086298,49.99,50.73,49.5,50.25,4541300,2026-02-21T03:46:41Z
UPS,2009-07-01,28.56,28.78,28.05,28.05,6593961,50.85,51.24,49.95,49.95,3703200,2026-02-21T03:46:41Z
UPS,2009-07-02,27.29,28.23,27.29,28.15,7884367,48.6,50.27,48.6,50.13,4427900,2026-02-21T03:46:41Z
UPS,2009-07-06,27.6,27.62,27.04,27.1,7835954,49.14,49.18,48.14,48.25,4400700,2026-02-21T03:46:41Z
UPS,2009-07-07,26.8,27.61,26.73,27.59,8146647,47.72,49.17,47.59,49.13,4575200,2026-02-21T03:46:41Z
UPS,2009-07-08,26.89,27.09,26.27,26.96,13407489,47.88,48.23,46.78,48.01,7529700,2026-02-21T03:46:41Z
UPS,2009-07-09,26.97,27.29,26.84,27.08,7083467,48.02,48.59,47.8,48.22,3978100,2026-02-21T03:46:41Z
UPS,2009-07-10,27.28,27.39,26.69,26.75,6736420,48.57,48.78,47.53,47.63,3783200,2026-02-21T03:46:41Z
UPS,2009-07-13,27.75,27.77,26.91,27.28,6818498,49.42,49.44,47.91,48.58,3829300,2026-02-21T03:46:41Z
UPS,2009-07-14,27.84,27.89,27.35,27.58,6338458,49.58,49.67,48.7,49.11,3559700,2026-02-21T03:46:41Z
UPS,2009-07-15,28.38,28.44,27.92,28.16,8007585,50.53,50.64,49.71,50.14,4497100,2026-02-21T03:46:41Z
UPS,2009-07-16,29.73,30,28.24,28.34,13901966,52.93,53.41,50.29,50.46,7807400,2026-02-21T03:46:41Z
UPS,2009-07-17,29.3,29.73,29.15,29.53,9201139,52.17,52.93,51.91,52.58,5167400,2026-02-21T03:46:41Z
UPS,2009-07-20,29.62,29.72,29.3,29.39,6917154,52.75,52.92,52.17,52.33,3884700,2026-02-21T03:46:41Z
UPS,2009-07-21,29.37,29.92,29.04,29.71,6709169,52.29,53.27,51.71,52.9,3767900,2026-02-21T03:46:41Z
UPS,2009-07-22,29.37,30.07,29.15,29.15,9033763,52.3,53.54,51.9,51.9,5073400,2026-02-21T03:46:41Z
UPS,2009-07-23,30.05,30.33,28.53,28.75,13768744,53.51,54,50.8,51.2,7732600,2026-02-21T03:46:41Z
UPS,2009-07-24,29.99,30.16,29.55,29.95,6096813,53.4,53.7,52.61,53.32,3424000,2026-02-21T03:46:41Z
UPS,2009-07-27,30.44,30.47,29.8,30.01,6366038,54.2,54.25,53.07,53.44,3575200,2026-02-21T03:46:41Z
UPS,2009-07-28,30.03,30.27,29.66,30.21,6128692,53.48,53.9,52.81,53.8,3441900,2026-02-21T03:46:41Z
UPS,2009-07-29,29.73,30.09,29.54,29.89,6980189,52.94,53.58,52.59,53.23,3920100,2026-02-21T03:46:41Z
UPS,2009-07-30,30.11,30.36,29.79,30.13,7702226,53.62,54.05,53.05,53.65,4325600,2026-02-21T03:46:41Z
UPS,2009-07-31,30.18,30.33,29.98,30.13,6132609,53.73,54,53.38,53.65,3444100,2026-02-21T03:46:41Z
UPS,2009-08-03,30.54,30.68,29.87,30.45,6184256,54.38,54.62,53.18,54.22,3473100,2026-02-21T03:46:41Z
UPS,2009-08-04,30.37,30.65,30.17,30.42,4805512,54.08,54.58,53.72,54.17,2698800,2026-02-21T03:46:41Z
UPS,2009-08-05,30.15,30.5,29.73,30.48,5811924,53.68,54.3,52.94,54.27,3264000,2026-02-21T03:46:41Z
UPS,2009-08-06,29.9,30.27,29.78,30.2,5016345,53.24,53.9,53.02,53.78,2817200,2026-02-21T03:46:41Z
UPS,2009-08-07,30.39,30.61,30.07,30.16,6900412,54.11,54.5,53.55,53.7,3875300,2026-02-21T03:46:41Z
UPS,2009-08-10,30.17,30.37,30.01,30.2,4122651,53.72,54.07,53.43,53.78,2315300,2026-02-21T03:46:41Z
UPS,2009-08-11,30.14,30.3,29.82,30.14,5140271,53.66,53.95,53.1,53.67,2886800,2026-02-21T03:46:41Z
UPS,2009-08-12,30.62,30.91,29.9,30.16,7099478,54.53,55.04,53.24,53.71,3987100,2026-02-21T03:46:41Z
UPS,2009-08-13,30.39,30.87,30.18,30.78,6413773,54.12,54.97,53.73,54.8,3602000,2026-02-21T03:46:41Z
UPS,2009-08-14,30.06,30.54,29.77,30.42,6029507,53.53,54.38,53.01,54.16,3386200,2026-02-21T03:46:41Z
UPS,2009-08-17,29.27,29.88,29.16,29.82,7513119,52.11,53.2,51.93,53.09,4219400,2026-02-21T03:46:41Z
UPS,2009-08-18,29.53,29.63,29.15,29.3,6087732,52.59,52.76,51.9,52.18,3418900,2026-02-21T03:46:41Z
UPS,2009-08-19,29.64,29.97,29.27,29.27,6124769,52.78,53.37,52.11,52.11,3439700,2026-02-21T03:46:41Z
UPS,2009-08-20,29.89,29.97,29.59,29.84,5640025,52.77,52.91,52.24,52.68,3194700,2026-02-21T03:46:41Z
UPS,2009-08-21,30.37,30.43,30.02,30.14,9105382,53.62,53.72,53,53.21,5157600,2026-02-21T03:46:41Z
UPS,2009-08-24,30.32,30.56,30.16,30.36,4528160,53.52,53.95,53.24,53.59,2564900,2026-02-21T03:46:41Z
UPS,2009-08-25,30.8,30.88,30.39,30.46,7354435,54.37,54.52,53.66,53.77,4165800,2026-02-21T03:46:41Z
UPS,2009-08-26,30.59,30.85,30.38,30.76,5855404,54.01,54.46,53.64,54.31,3316700,2026-02-21T03:46:41Z
UPS,2009-08-27,30.56,30.79,30.11,30.48,5120457,53.95,54.35,53.15,53.81,2900400,2026-02-21T03:46:41Z
UPS,2009-08-28,30.42,30.87,30.23,30.7,5409451,53.71,54.5,53.36,54.2,3064100,2026-02-21T03:46:41Z
UPS,2009-08-31,30.28,30.41,29.95,30.28,6133098,53.46,53.68,52.88,53.45,3474000,2026-02-21T03:46:41Z
UPS,2009-09-01,29.78,30.72,29.7,30.24,7236147,52.58,54.23,52.43,53.39,4098800,2026-02-21T03:46:41Z
UPS,2009-09-02,29.88,30.03,29.49,29.7,6711989,52.75,53.01,52.06,52.44,3801900,2026-02-21T03:46:41Z
UPS,2009-09-03,29.92,30.11,29.55,29.95,7094915,52.83,53.16,52.17,52.88,4018800,2026-02-21T03:46:41Z
UPS,2009-09-04,30.48,30.51,29.88,29.98,5145880,53.81,53.86,52.75,52.92,2914800,2026-02-21T03:46:41Z
UPS,2009-09-08,30.64,30.76,30.24,30.53,6560336,54.1,54.3,53.38,53.9,3716000,2026-02-21T03:46:41Z
UPS,2009-09-09,31.4,31.57,31.02,31.24,11719296,55.43,55.74,54.76,55.15,6638200,2026-02-21T03:46:41Z
UPS,2009-09-10,31.89,32.04,31.46,31.53,10214617,56.3,56.56,55.54,55.67,5785900,2026-02-21T03:46:41Z
UPS,2009-09-11,33.31,33.37,32.55,32.76,21734936,58.8,58.92,57.47,57.84,12311400,2026-02-21T03:46:41Z
UPS,2009-09-14,33.53,33.57,32.98,33.16,8294177,59.19,59.27,58.23,58.54,4698100,2026-02-21T03:46:41Z
UPS,2009-09-15,33.58,33.7,33.34,33.58,8280745,59.29,59.5,58.86,59.28,4690500,2026-02-21T03:46:41Z
UPS,2009-09-16,33.53,33.78,33.24,33.78,7932078,59.2,59.63,58.68,59.63,4493000,2026-02-21T03:46:41Z
UPS,2009-09-17,33.33,33.75,33.02,33.25,7287340,58.84,59.59,58.29,58.7,4127800,2026-02-21T03:46:41Z
UPS,2009-09-18,33.29,33.57,33.14,33.43,8943679,58.77,59.27,58.51,59.02,5066000,2026-02-21T03:46:41Z
UPS,2009-09-21,33.15,33.34,32.8,33.21,5195665,58.52,58.86,57.91,58.63,2943000,2026-02-21T03:46:41Z
UPS,2009-09-22,33.21,33.39,33.02,33.39,6389628,58.63,58.95,58.3,58.95,3619300,2026-02-21T03:46:41Z
UPS,2009-09-23,32.99,33.66,32.94,33.22,5523505,58.24,59.42,58.15,58.64,3128700,2026-02-21T03:46:41Z
UPS,2009-09-24,32.88,33.19,32.6,32.97,6294995,58.05,58.6,57.55,58.2,3565700,2026-02-21T03:46:41Z
UPS,2009-09-25,32.18,32.92,31.9,32.85,7091385,56.81,58.11,56.32,58,4016800,2026-02-21T03:46:41Z
UPS,2009-09-28,32.64,32.81,32.12,32.32,4818212,57.63,57.92,56.71,57.06,2729200,2026-02-21T03:46:41Z
UPS,2009-09-29,32.16,32.78,32.1,32.76,5611072,56.78,57.88,56.68,57.84,3178300,2026-02-21T03:46:41Z
UPS,2009-09-30,31.99,32.34,31.6,32.22,9382213,56.47,57.1,55.79,56.89,5314400,2026-02-21T03:46:41Z
UPS,2009-10-01,31.27,32.07,31.2,31.93,8969817,55.2,56.62,55.09,56.37,5080800,2026-02-21T03:46:41Z
UPS,2009-10-02,31.12,31.42,30.92,31.03,8251265,54.94,55.47,54.59,54.78,4673800,2026-02-21T03:46:41Z
UPS,2009-10-05,31.5,31.56,30.91,31.18,6253860,55.61,55.71,54.57,55.04,3542400,2026-02-21T03:46:41Z
UPS,2009-10-06,31.49,32,31.35,31.64,7217779,55.59,56.49,55.34,55.85,4088400,2026-02-21T03:46:41Z
UPS,2009-10-07,31.51,31.61,31.24,31.44,4147882,55.63,55.8,55.15,55.5,2349500,2026-02-21T03:46:41Z
UPS,2009-10-08,31.91,32.1,31.56,31.58,12367559,56.33,56.68,55.72,55.75,7005400,2026-02-21T03:46:41Z
UPS,2009-10-09,31.7,31.98,31.52,31.89,5825393,55.97,56.46,55.64,56.3,3299700,2026-02-21T03:46:41Z
UPS,2009-10-12,31.68,31.96,31.48,31.75,3847056,55.93,56.43,55.57,56.05,2179100,2026-02-21T03:46:41Z
UPS,2009-10-13,31.57,31.69,31.23,31.69,6065660,55.73,55.94,55.13,55.94,3435800,2026-02-21T03:46:41Z
UPS,2009-10-14,32.41,32.45,31.74,31.78,8598174,57.21,57.28,56.04,56.11,4870300,2026-02-21T03:46:41Z
UPS,2009-10-15,32.69,32.74,32.12,32.33,7456827,57.71,57.8,56.7,57.07,4223800,2026-02-21T03:46:41Z
UPS,2009-10-16,32.35,32.49,32.12,32.38,7943735,57.12,57.36,56.7,57.16,4499600,2026-02-21T03:46:41Z
UPS,2009-10-19,32.64,32.72,32.35,32.46,4835165,57.62,57.76,57.12,57.3,2738800,2026-02-21T03:46:41Z
UPS,2009-10-20,32.7,32.8,32.34,32.73,5880479,57.73,57.91,57.1,57.79,3330900,2026-02-21T03:46:41Z
UPS,2009-10-21,32.34,33.01,32.11,32.56,7861988,57.1,58.27,56.69,57.49,4453300,2026-02-21T03:46:41Z
UPS,2009-10-22,32.34,32.51,31.61,32.26,9759825,57.1,57.39,55.81,56.96,5528300,2026-02-21T03:46:41Z
UPS,2009-10-23,31.55,32.34,31.33,32.34,10708034,55.7,57.09,55.31,57.09,6065400,2026-02-21T03:46:41Z
UPS,2009-10-26,30.88,31.94,30.73,31.53,15652300,54.52,56.38,54.26,55.67,8866000,2026-02-21T03:46:41Z
UPS,2009-10-27,30.87,31.04,30.59,30.93,10337850,54.5,54.79,54,54.6,5855700,2026-02-21T03:46:41Z
UPS,2009-10-28,30.8,31.2,30.72,30.81,8413340,54.37,55.08,54.24,54.4,4765600,2026-02-21T03:46:41Z
UPS,2009-10-29,31.12,31.25,30.76,30.93,5756184,54.94,55.17,54.31,54.61,3260500,2026-02-21T03:46:41Z
UPS,2009-10-30,30.41,31.09,30.36,30.93,9669609,53.68,54.89,53.6,54.61,5477200,2026-02-21T03:46:41Z
UPS,2009-11-02,30.59,30.69,30.12,30.46,7420634,54.01,54.18,53.17,53.77,4203300,2026-02-21T03:46:41Z
UPS,2009-11-03,30.7,30.91,30.51,30.62,7536805,54.2,54.56,53.86,54.06,4269100,2026-02-21T03:46:41Z
UPS,2009-11-04,30.3,31.16,30.29,30.95,7262633,53.5,55.02,53.47,54.64,4113800,2026-02-21T03:46:41Z
UPS,2009-11-05,30.85,30.9,30.38,30.39,5215611,54.46,54.55,53.64,53.65,2954300,2026-02-21T03:46:41Z
UPS,2009-11-06,31.07,31.17,30.62,30.81,5783721,54.86,55.03,54.05,54.39,3276100,2026-02-21T03:46:41Z
UPS,2009-11-09,31.83,31.9,31.15,31.21,9005106,56.2,56.32,55,55.1,5100800,2026-02-21T03:46:41Z
UPS,2009-11-10,32.2,32.33,31.73,31.79,8960082,56.85,57.08,56.01,56.13,5075300,2026-02-21T03:46:41Z
UPS,2009-11-11,32.89,33.12,32.29,32.41,10744242,58.07,58.48,57.01,57.22,6085900,2026-02-21T03:46:41Z
UPS,2009-11-12,32.44,33.1,32.3,33.1,9339118,56.83,57.99,56.58,57.99,5331300,2026-02-21T03:46:41Z
UPS,2009-11-13,32.36,32.56,32.28,32.55,7790388,56.69,57.04,56.55,57.02,4447200,2026-02-21T03:46:41Z
UPS,2009-11-16,32.96,33.24,32.54,32.57,7417090,57.74,58.23,57,57.06,4234100,2026-02-21T03:46:41Z
UPS,2009-11-17,32.58,32.9,32.48,32.8,6561714,57.07,57.63,56.9,57.46,3745800,2026-02-21T03:46:41Z
UPS,2009-11-18,32.75,32.81,32.3,32.55,7547416,57.37,57.47,56.59,57.01,4308500,2026-02-21T03:46:41Z
UPS,2009-11-19,32.63,32.69,32.25,32.53,6974072,57.16,57.27,56.5,56.98,3981200,2026-02-21T03:46:41Z
UPS,2009-11-20,32.83,32.9,32.44,32.44,7405879,57.51,57.64,56.83,56.83,4227700,2026-02-21T03:46:41Z
UPS,2009-11-23,33.2,33.57,33.01,33.1,7107371,58.16,58.8,57.82,57.99,4057300,2026-02-21T03:46:41Z
UPS,2009-11-24,33.06,33.35,32.93,33.22,6348688,57.92,58.42,57.68,58.2,3624200,2026-02-21T03:46:41Z
UPS,2009-11-25,33.22,33.37,33.08,33.12,5263311,58.2,58.45,57.94,58.02,3004600,2026-02-21T03:46:41Z
UPS,2009-11-27,32.78,32.96,32.26,32.61,3648200,57.43,57.73,56.51,57.13,2082600,2026-02-21T03:46:41Z
UPS,2009-11-30,32.81,33.09,32.54,32.68,7569835,57.47,57.97,57,57.25,4321300,2026-02-21T03:46:41Z
UPS,2009-12-01,33.04,33.2,32.93,33.05,7004557,57.88,58.16,57.69,57.9,3998600,2026-02-21T03:46:41Z
UPS,2009-12-02,33.05,33.25,32.92,33.06,7123658,57.9,58.25,57.67,57.92,4066600,2026-02-21T03:46:41Z
UPS,2009-12-03,32.86,33.19,32.83,33.05,9300210,57.57,58.14,57.51,57.89,5309100,2026-02-21T03:46:41Z
UPS,2009-12-04,33.04,33.4,32.73,33.27,8721272,57.87,58.5,57.34,58.29,4978600,2026-02-21T03:46:41Z
UPS,2009-12-07,33.04,33.09,32.88,33.09,7635361,57.87,57.97,57.6,57.97,4358700,2026-02-21T03:46:41Z
UPS,2009-12-08,32.96,33.49,32.8,33.49,11200523,57.74,58.66,57.46,58.66,6393900,2026-02-21T03:46:41Z
UPS,2009-12-09,32.97,33.21,32.77,33.12,7217394,57.76,58.18,57.4,58.02,4120100,2026-02-21T03:46:41Z
UPS,2009-12-10,32.9,33.35,32.68,33.16,8709534,57.63,58.43,57.25,58.09,4971900,2026-02-21T03:46:41Z
UPS,2009-12-11,33.12,33.53,32.92,33.03,8718824,58.01,58.73,57.66,57.86,4977200,2026-02-21T03:46:41Z
UPS,2009-12-14,33.67,33.68,33.24,33.38,6332225,58.99,59,58.23,58.47,3614800,2026-02-21T03:46:41Z
UPS,2009-12-15,33.82,34.06,33.52,33.61,8203800,59.25,59.66,58.72,58.87,4683200,2026-02-21T03:46:41Z
UPS,2009-12-16,33.68,34.11,33.61,33.89,7797566,59,59.75,58.87,59.36,4451300,2026-02-21T03:46:41Z
UPS,2009-12-17,33.24,33.38,32.81,33.23,7270998,58.23,58.48,57.47,58.22,4150700,2026-02-21T03:46:41Z
UPS,2009-12-18,33.1,33.53,32.93,33.41,9868667,57.98,58.73,57.68,58.53,5633600,2026-02-21T03:46:41Z
