ticker,tradeDate,clsPx,hiPx,loPx,open,stockVolume,unadjClsPx,unadjHiPx,unadjLoPx,unadjOpen,unadjStockVolume,updatedAt
USB,2006-01-03,15.93,15.96,15.64,15.81,17934468,30.28,30.33,29.72,30.05,9436800,2026-01-03T03:47:03Z
USB,2006-01-04,15.99,16.15,15.93,15.95,10692098,30.39,30.69,30.28,30.32,5626000,2026-01-03T03:47:03Z
USB,2006-01-05,16.07,16.15,15.95,15.96,8794865,30.54,30.7,30.32,30.33,4627700,2026-01-03T03:47:03Z
USB,2006-01-06,16.2,16.23,15.98,16.18,8223191,30.78,30.85,30.38,30.75,4326900,2026-01-03T03:47:03Z
USB,2006-01-09,16.2,16.29,16.11,16.16,7189737,30.79,30.95,30.61,30.72,3783100,2026-01-03T03:47:03Z
USB,2006-01-10,16.13,16.16,15.99,16.15,6589345,30.65,30.72,30.39,30.7,3467200,2026-01-03T03:47:03Z
USB,2006-01-11,16.06,16.15,15.97,16.12,7202250,30.52,30.69,30.35,30.63,3789700,2026-01-03T03:47:03Z
USB,2006-01-12,15.99,16.06,15.92,16.06,8788388,30.39,30.52,30.25,30.52,4624300,2026-01-03T03:47:03Z
USB,2006-01-13,16.1,16.13,15.97,16.07,6235868,30.59,30.66,30.35,30.55,3281200,2026-01-03T03:47:03Z
USB,2006-01-17,15.8,16.05,15.75,15.79,10824233,30.03,30.5,29.93,30,5695500,2026-01-03T03:47:03Z
USB,2006-01-18,15.75,15.89,15.63,15.8,8787279,29.93,30.2,29.7,30.03,4623700,2026-01-03T03:47:03Z
USB,2006-01-19,15.6,15.79,15.57,15.77,20164930,29.64,30.01,29.6,29.97,10610400,2026-01-03T03:47:03Z
USB,2006-01-20,15.28,15.58,15.26,15.57,19779612,29.03,29.61,29.01,29.6,10407700,2026-01-03T03:47:03Z
USB,2006-01-23,15.34,15.4,15.25,15.31,10758611,29.16,29.26,28.99,29.1,5661000,2026-01-03T03:47:03Z
USB,2006-01-24,15.35,15.49,15.29,15.43,10523349,29.18,29.44,29.06,29.32,5537200,2026-01-03T03:47:03Z
USB,2006-01-25,15.35,15.41,15.31,15.36,8652536,29.17,29.29,29.1,29.2,4552800,2026-01-03T03:47:03Z
USB,2006-01-26,15.58,15.82,15.46,15.65,11282823,29.61,30.07,29.38,29.74,5936800,2026-01-03T03:47:03Z
USB,2006-01-27,15.66,15.73,15.52,15.59,8020248,29.77,29.89,29.5,29.63,4220100,2026-01-03T03:47:03Z
USB,2006-01-30,15.62,15.69,15.52,15.65,8358348,29.69,29.81,29.5,29.75,4398000,2026-01-03T03:47:03Z
USB,2006-01-31,15.74,15.77,15.56,15.61,11155457,29.91,29.97,29.58,29.67,5869800,2026-01-03T03:47:03Z
USB,2006-02-01,15.7,15.74,15.6,15.69,10196478,29.83,29.92,29.65,29.82,5365200,2026-01-03T03:47:03Z
USB,2006-02-02,15.53,15.68,15.45,15.68,7144292,29.52,29.8,29.37,29.8,3759200,2026-01-03T03:47:03Z
USB,2006-02-03,15.42,15.59,15.34,15.4,9035296,29.3,29.63,29.16,29.26,4754200,2026-01-03T03:47:03Z
USB,2006-02-06,15.47,15.51,15.4,15.42,6267038,29.41,29.48,29.27,29.3,3297600,2026-01-03T03:47:03Z
USB,2006-02-07,15.44,15.5,15.36,15.4,8914050,29.35,29.45,29.2,29.27,4690400,2026-01-03T03:47:03Z
USB,2006-02-08,15.56,15.6,15.39,15.41,6094469,29.57,29.65,29.25,29.28,3206800,2026-01-03T03:47:03Z
USB,2006-02-09,15.59,15.71,15.5,15.56,6617107,29.62,29.86,29.45,29.57,3481800,2026-01-03T03:47:03Z
USB,2006-02-10,15.76,15.79,15.47,15.5,8521392,29.96,30,29.4,29.45,4483800,2026-01-03T03:47:03Z
USB,2006-02-13,15.75,15.78,15.69,15.72,5647852,29.94,29.98,29.81,29.87,2971800,2026-01-03T03:47:03Z
USB,2006-02-14,15.88,16.01,15.72,15.77,10401706,30.18,30.42,29.88,29.97,5473200,2026-01-03T03:47:03Z
USB,2006-02-15,15.95,16.03,15.8,15.82,8226450,30.32,30.46,30.02,30.06,4328600,2026-01-03T03:47:03Z
USB,2006-02-16,16.02,16.04,15.86,15.88,10607574,30.45,30.48,30.14,30.18,5581500,2026-01-03T03:47:03Z
USB,2006-02-17,16.03,16.06,15.95,15.95,7719555,30.47,30.53,30.31,30.31,4061900,2026-01-03T03:47:03Z
USB,2006-02-21,15.9,16.07,15.88,16.03,7320859,30.22,30.55,30.17,30.47,3852100,2026-01-03T03:47:03Z
USB,2006-02-22,16.2,16.3,15.91,15.92,11987140,30.79,30.98,30.23,30.25,6307400,2026-01-03T03:47:03Z
USB,2006-02-23,16.27,16.31,16.08,16.22,8224174,30.92,31,30.56,30.83,4327400,2026-01-03T03:47:03Z
USB,2006-02-24,16.27,16.31,16.24,16.25,5429493,30.93,31,30.87,30.89,2856900,2026-01-03T03:47:03Z
USB,2006-02-27,16.37,16.45,16.25,16.25,9662997,31.12,31.27,30.89,30.89,5084500,2026-01-03T03:47:03Z
USB,2006-02-28,16.26,16.34,16.18,16.3,8309665,30.91,31.05,30.75,30.97,4372400,2026-01-03T03:47:03Z
USB,2006-03-01,16.34,16.42,16.24,16.26,6781134,31.05,31.21,30.86,30.9,3568100,2026-01-03T03:47:03Z
USB,2006-03-02,16.15,16.26,16.05,16.24,6850666,30.7,30.91,30.5,30.86,3604700,2026-01-03T03:47:03Z
USB,2006-03-03,16,16.22,15.98,16.06,7583703,30.4,30.82,30.38,30.52,3990400,2026-01-03T03:47:03Z
USB,2006-03-06,15.96,16.04,15.89,16.03,8231942,30.33,30.49,30.2,30.46,4331500,2026-01-03T03:47:03Z
USB,2006-03-07,16.04,16.09,15.91,15.96,6192909,30.49,30.58,30.23,30.33,3258600,2026-01-03T03:47:03Z
USB,2006-03-08,16.08,16.13,15.94,15.98,8051978,30.56,30.65,30.3,30.37,4236800,2026-01-03T03:47:03Z
USB,2006-03-09,16.02,16.18,16.01,16.13,6435027,30.44,30.76,30.42,30.65,3386000,2026-01-03T03:47:03Z
USB,2006-03-10,16.14,16.15,16.01,16.02,4376233,30.68,30.7,30.42,30.44,2302700,2026-01-03T03:47:03Z
USB,2006-03-13,16.03,16.22,16.01,16.14,7905440,30.46,30.82,30.42,30.68,4159700,2026-01-03T03:47:03Z
USB,2006-03-14,16.24,16.25,16,16,9486817,30.86,30.88,30.4,30.41,4991800,2026-01-03T03:47:03Z
USB,2006-03-15,16.32,16.39,16.15,16.2,9839160,31.02,31.15,30.7,30.79,5177200,2026-01-03T03:47:03Z
USB,2006-03-16,16.36,16.47,16.34,16.34,7494364,31.09,31.3,31.06,31.06,3943400,2026-01-03T03:47:03Z
USB,2006-03-17,16.4,16.48,16.33,16.45,13599692,31.16,31.31,31.04,31.27,7155900,2026-01-03T03:47:03Z
USB,2006-03-20,16.35,16.44,16.33,16.35,7385103,31.08,31.25,31.03,31.08,3885900,2026-01-03T03:47:03Z
USB,2006-03-21,16.36,16.45,16.3,16.33,8722436,31.1,31.27,30.98,31.03,4589600,2026-01-03T03:47:03Z
USB,2006-03-22,16.41,16.44,16.17,16.17,6338117,31.19,31.24,30.73,30.73,3335000,2026-01-03T03:47:03Z
USB,2006-03-23,16.28,16.46,16.23,16.38,8689754,30.94,31.28,30.84,31.12,4572400,2026-01-03T03:47:03Z
USB,2006-03-24,16.26,16.31,16.21,16.28,7116558,30.9,30.99,30.8,30.94,3744600,2026-01-03T03:47:03Z
USB,2006-03-27,16.26,16.29,16.22,16.26,7763846,30.91,30.96,30.83,30.9,4085200,2026-01-03T03:47:03Z
USB,2006-03-28,16.16,16.42,16.14,16.26,9130306,30.72,31.2,30.67,30.91,4804200,2026-01-03T03:47:03Z
USB,2006-03-29,16.38,16.41,16.16,16.16,10568405,30.79,30.85,30.39,30.39,5621300,2026-01-03T03:47:03Z
USB,2006-03-30,16.28,16.43,16.25,16.31,7708846,30.6,30.88,30.56,30.66,4100300,2026-01-03T03:47:03Z
USB,2006-03-31,16.22,16.34,16.17,16.28,10130570,30.5,30.72,30.4,30.61,5388400,2026-01-03T03:47:03Z
USB,2006-04-03,16.23,16.4,16.22,16.27,8850960,30.52,30.83,30.49,30.59,4707800,2026-01-03T03:47:03Z
USB,2006-04-04,16.28,16.34,16.16,16.23,9193349,30.6,30.73,30.38,30.52,4889900,2026-01-03T03:47:03Z
USB,2006-04-05,16.38,16.44,16.22,16.22,8980136,30.8,30.9,30.5,30.5,4776500,2026-01-03T03:47:03Z
USB,2006-04-06,16.39,16.43,16.23,16.33,8107241,30.82,30.88,30.52,30.7,4312200,2026-01-03T03:47:03Z
USB,2006-04-07,16.22,16.46,16.19,16.37,8039367,30.5,30.95,30.44,30.77,4276100,2026-01-03T03:47:03Z
USB,2006-04-10,16.21,16.32,16.16,16.29,5135393,30.47,30.69,30.38,30.62,2731500,2026-01-03T03:47:03Z
USB,2006-04-11,16.16,16.3,16.14,16.16,7629498,30.38,30.65,30.34,30.38,4058100,2026-01-03T03:47:03Z
USB,2006-04-12,16.13,16.23,16.07,16.19,7445066,30.33,30.51,30.21,30.43,3960000,2026-01-03T03:47:03Z
USB,2006-04-13,16.18,16.24,16.05,16.05,4647518,30.42,30.53,30.17,30.17,2472000,2026-01-03T03:47:03Z
USB,2006-04-17,16.16,16.27,16.09,16.23,6140862,30.38,30.59,30.26,30.52,3266300,2026-01-03T03:47:03Z
USB,2006-04-18,16.25,16.34,16.05,16.16,10985057,30.55,30.72,30.17,30.38,5842900,2026-01-03T03:47:03Z
USB,2006-04-19,16.22,16.24,16.14,16.17,12972295,30.5,30.54,30.34,30.4,6899900,2026-01-03T03:47:03Z
USB,2006-04-20,16.28,16.32,16.18,16.22,8182248,30.6,30.69,30.41,30.5,4352100,2026-01-03T03:47:03Z
USB,2006-04-21,16.24,16.37,16.17,16.37,7741919,30.53,30.78,30.4,30.78,4117900,2026-01-03T03:47:03Z
USB,2006-04-24,16.22,16.25,16.14,16.23,6371933,30.5,30.56,30.34,30.51,3389200,2026-01-03T03:47:03Z
USB,2006-04-25,16.16,16.25,16.1,16.22,8092756,30.39,30.56,30.27,30.5,4304500,2026-01-03T03:47:03Z
USB,2006-04-26,16.27,16.32,16.19,16.22,6567260,30.59,30.69,30.44,30.5,3493100,2026-01-03T03:47:03Z
USB,2006-04-27,16.48,16.59,16.2,16.22,12847090,30.98,31.19,30.45,30.5,6833300,2026-01-03T03:47:03Z
USB,2006-04-28,16.72,16.76,16.46,16.48,18278398,31.44,31.51,30.95,30.98,9722200,2026-01-03T03:47:03Z
USB,2006-05-01,16.46,16.69,16.43,16.65,13360679,30.95,31.37,30.89,31.3,7106500,2026-01-03T03:47:03Z
USB,2006-05-02,16.53,16.61,16.4,16.49,7609574,31.07,31.22,30.83,31.01,4047500,2026-01-03T03:47:03Z
USB,2006-05-03,16.52,16.58,16.44,16.52,8652991,31.05,31.17,30.9,31.05,4602500,2026-01-03T03:47:03Z
USB,2006-05-04,16.62,16.75,16.57,16.57,16438206,31.24,31.5,31.15,31.16,8743400,2026-01-03T03:47:03Z
USB,2006-05-05,16.68,16.72,16.58,16.62,12628828,31.36,31.44,31.18,31.25,6717200,2026-01-03T03:47:03Z
USB,2006-05-08,16.68,16.75,16.62,16.62,7773351,31.36,31.5,31.24,31.25,4134600,2026-01-03T03:47:03Z
USB,2006-05-09,16.79,16.79,16.64,16.64,8792716,31.56,31.56,31.28,31.28,4676800,2026-01-03T03:47:03Z
USB,2006-05-10,16.92,16.96,16.72,16.92,12297351,31.82,31.88,31.44,31.81,6540900,2026-01-03T03:47:03Z
USB,2006-05-11,16.87,16.96,16.74,16.86,13866450,31.71,31.89,31.47,31.69,7375500,2026-01-03T03:47:03Z
USB,2006-05-12,16.69,16.88,16.67,16.87,8714849,31.37,31.74,31.34,31.71,4635400,2026-01-03T03:47:03Z
USB,2006-05-15,16.75,16.82,16.61,16.61,6892146,31.5,31.63,31.22,31.22,3665900,2026-01-03T03:47:03Z
USB,2006-05-16,16.79,16.86,16.67,16.75,5946664,31.56,31.69,31.34,31.5,3163000,2026-01-03T03:47:03Z
USB,2006-05-17,16.6,16.77,16.48,16.62,9431574,31.2,31.52,30.98,31.25,5016600,2026-01-03T03:47:03Z
USB,2006-05-18,16.41,16.66,16.4,16.62,7442428,30.85,31.33,30.84,31.24,3958600,2026-01-03T03:47:03Z
USB,2006-05-19,16.54,16.75,16.46,16.55,10472201,31.1,31.49,30.95,31.12,5570100,2026-01-03T03:47:03Z
USB,2006-05-22,16.55,16.66,16.44,16.54,8265715,31.12,31.32,30.91,31.1,4396500,2026-01-03T03:47:03Z
USB,2006-05-23,16.51,16.68,16.48,16.55,7951767,31.04,31.35,30.98,31.12,4229500,2026-01-03T03:47:03Z
USB,2006-05-24,16.48,16.64,16.39,16.51,8007222,30.98,31.29,30.82,31.04,4259000,2026-01-03T03:47:03Z
USB,2006-05-25,16.44,16.58,16.34,16.58,8844390,30.9,31.18,30.73,31.17,4704300,2026-01-03T03:47:03Z
USB,2006-05-26,16.5,16.52,16.44,16.48,4799820,31.03,31.06,30.9,30.99,2553000,2026-01-03T03:47:03Z
USB,2006-05-30,16.36,16.5,16.33,16.5,5451824,30.76,31.03,30.71,31.03,2899800,2026-01-03T03:47:03Z
USB,2006-05-31,16.42,16.44,16.26,16.42,9343573,30.87,30.9,30.57,30.87,4969800,2026-01-03T03:47:03Z
USB,2006-06-01,16.65,16.68,16.38,16.45,7354849,31.31,31.35,30.8,30.93,3912000,2026-01-03T03:47:03Z
USB,2006-06-02,16.85,16.88,16.65,16.65,11859318,31.68,31.74,31.31,31.31,6307900,2026-01-03T03:47:03Z
USB,2006-06-05,16.63,16.81,16.62,16.75,6845122,31.26,31.61,31.25,31.5,3640900,2026-01-03T03:47:03Z
USB,2006-06-06,16.64,16.7,16.5,16.65,8816953,31.28,31.4,31.02,31.3,4689700,2026-01-03T03:47:03Z
USB,2006-06-07,16.79,16.93,16.66,16.69,9242429,31.56,31.83,31.32,31.37,4916000,2026-01-03T03:47:03Z
USB,2006-06-08,16.8,16.84,16.61,16.73,10755093,31.58,31.66,31.22,31.45,5720600,2026-01-03T03:47:03Z
USB,2006-06-09,16.8,16.84,16.69,16.8,8326051,31.58,31.66,31.37,31.58,4428600,2026-01-03T03:47:03Z
USB,2006-06-12,16.76,16.87,16.72,16.8,6552425,31.51,31.72,31.43,31.58,3485200,2026-01-03T03:47:03Z
USB,2006-06-13,16.7,16.89,16.63,16.78,14147719,31.4,31.75,31.27,31.55,7525100,2026-01-03T03:47:03Z
USB,2006-06-14,16.54,16.78,16.31,16.7,12671888,31.1,31.55,30.67,31.39,6740100,2026-01-03T03:47:03Z
USB,2006-06-15,16.65,16.68,16.39,16.53,13257889,31.3,31.35,30.82,31.07,7051800,2026-01-03T03:47:03Z
USB,2006-06-16,16.64,16.71,16.49,16.59,13248836,31.28,31.41,31,31.19,7047000,2026-01-03T03:47:03Z
USB,2006-06-19,16.61,16.77,16.57,16.66,8198026,31.22,31.53,31.15,31.33,4360500,2026-01-03T03:47:03Z
USB,2006-06-20,16.56,16.66,16.53,16.6,9644567,31.13,31.32,31.08,31.21,5129900,2026-01-03T03:47:03Z
USB,2006-06-21,16.6,16.7,16.53,16.58,8035768,31.21,31.39,31.07,31.18,4274200,2026-01-03T03:47:03Z
USB,2006-06-22,16.57,16.61,16.5,16.59,7681754,31.16,31.22,31.03,31.2,4085900,2026-01-03T03:47:03Z
USB,2006-06-23,16.5,16.56,16.37,16.54,7374568,31.02,31.14,30.77,31.09,3922500,2026-01-03T03:47:03Z
USB,2006-06-26,16.58,16.6,16.47,16.56,8155926,31.18,31.21,30.96,31.14,4338100,2026-01-03T03:47:03Z
USB,2006-06-27,16.49,16.66,16.49,16.58,8080139,31,31.33,31,31.17,4297800,2026-01-03T03:47:03Z
USB,2006-06-28,16.55,16.63,16.48,16.56,7691315,30.79,30.94,30.65,30.8,4135000,2026-01-03T03:47:03Z
USB,2006-06-29,16.66,16.7,16.44,16.57,15156864,30.98,31.06,30.58,30.82,8148600,2026-01-03T03:47:03Z
USB,2006-06-30,16.6,16.76,16.54,16.69,10879993,30.88,31.18,30.76,31.04,5849300,2026-01-03T03:47:03Z
USB,2006-07-03,16.74,16.77,16.67,16.77,3812377,31.14,31.19,31,31.19,2049600,2026-01-03T03:47:03Z
USB,2006-07-05,16.68,16.75,16.55,16.75,7706219,31.02,31.15,30.78,31.15,4143000,2026-01-03T03:47:03Z
USB,2006-07-06,16.74,16.77,16.63,16.74,6044979,31.13,31.19,30.94,31.13,3249900,2026-01-03T03:47:03Z
USB,2006-07-07,16.66,16.78,16.65,16.74,7585488,30.99,31.21,30.97,31.13,4078100,2026-01-03T03:47:03Z
USB,2006-07-10,16.74,16.78,16.7,16.75,5967442,31.14,31.21,31.06,31.15,3208200,2026-01-03T03:47:03Z
USB,2006-07-11,16.76,16.78,16.66,16.74,7508283,31.17,31.22,30.98,31.14,4036600,2026-01-03T03:47:03Z
USB,2006-07-12,16.66,16.83,16.6,16.79,8291577,30.98,31.3,30.87,31.23,4457700,2026-01-03T03:47:03Z
USB,2006-07-13,16.51,16.66,16.46,16.66,7968272,30.71,30.98,30.61,30.98,4283900,2026-01-03T03:47:03Z
USB,2006-07-14,16.54,16.61,16.42,16.52,9895320,30.77,30.89,30.54,30.72,5319900,2026-01-03T03:47:03Z
USB,2006-07-17,16.68,16.76,16.47,16.56,8853131,31.02,31.18,30.63,30.8,4759600,2026-01-03T03:47:03Z
USB,2006-07-18,16.71,16.77,16.5,16.68,8760106,31.08,31.2,30.7,31.03,4709600,2026-01-03T03:47:03Z
USB,2006-07-19,16.96,17.02,16.76,16.77,11694140,31.55,31.66,31.17,31.19,6287000,2026-01-03T03:47:03Z
USB,2006-07-20,17.06,17.17,16.88,16.97,9761390,31.74,31.94,31.4,31.56,5247900,2026-01-03T03:47:03Z
USB,2006-07-21,17.1,17.16,16.91,17.16,11101394,31.81,31.92,31.46,31.92,5968300,2026-01-03T03:47:03Z
USB,2006-07-24,17.2,17.2,17.1,17.1,6733219,31.99,32,31.81,31.81,3619900,2026-01-03T03:47:03Z
USB,2006-07-25,17.14,17.2,17.04,17.16,9646592,31.89,32,31.69,31.92,5186200,2026-01-03T03:47:03Z
USB,2006-07-26,17.14,17.18,17.07,17.11,13124717,31.88,31.95,31.76,31.82,7056100,2026-01-03T03:47:03Z
USB,2006-07-27,17.02,17.2,17.01,17.18,9739262,31.65,31.99,31.64,31.95,5236000,2026-01-03T03:47:03Z
USB,2006-07-28,17.2,17.25,17.07,17.1,18647972,32,32.08,31.76,31.8,10025500,2026-01-03T03:47:03Z
USB,2006-07-31,17.2,17.23,17.1,17.1,15713365,32,32.04,31.8,31.8,8447800,2026-01-03T03:47:03Z
USB,2006-08-01,17.15,17.19,17.11,17.13,11862335,31.9,31.98,31.82,31.86,6377400,2026-01-03T03:47:03Z
USB,2006-08-02,17.16,17.21,17.13,17.17,12805721,31.92,32.01,31.86,31.93,6884600,2026-01-03T03:47:03Z
USB,2006-08-03,17.3,17.33,17.07,17.1,13108169,32.17,32.24,31.75,31.8,7047200,2026-01-03T03:47:03Z
USB,2006-08-04,17.37,17.45,17.3,17.35,15192331,32.31,32.45,32.17,32.28,8167700,2026-01-03T03:47:03Z
USB,2006-08-07,17.37,17.41,17.33,17.33,7811104,32.3,32.38,32.23,32.23,4199400,2026-01-03T03:47:03Z
USB,2006-08-08,17.34,17.47,17.34,17.42,12086432,32.26,32.49,32.26,32.4,6497900,2026-01-03T03:47:03Z
USB,2006-08-09,17.27,17.46,17.25,17.42,13900382,32.12,32.48,32.09,32.41,7473100,2026-01-03T03:47:03Z
USB,2006-08-10,17.26,17.31,17.15,17.26,8647597,32.11,32.2,31.9,32.1,4649100,2026-01-03T03:47:03Z
USB,2006-08-11,17.15,17.23,17.06,17.21,8077303,31.9,32.04,31.73,32.02,4342500,2026-01-03T03:47:03Z
USB,2006-08-14,17.2,17.26,17.16,17.2,7052590,31.99,32.11,31.91,31.99,3791600,2026-01-03T03:47:03Z
USB,2006-08-15,17.36,17.39,17.2,17.2,7892028,32.29,32.35,32,32,4242900,2026-01-03T03:47:03Z
USB,2006-08-16,17.42,17.46,17.38,17.4,7952869,32.4,32.48,32.33,32.36,4275600,2026-01-03T03:47:03Z
USB,2006-08-17,17.47,17.52,17.36,17.38,7103561,32.49,32.59,32.3,32.32,3819000,2026-01-03T03:47:03Z
USB,2006-08-18,17.47,17.48,17.4,17.46,7580282,32.5,32.52,32.37,32.47,4075300,2026-01-03T03:47:03Z
USB,2006-08-21,17.38,17.46,17.37,17.39,4766764,32.33,32.48,32.31,32.35,2562700,2026-01-03T03:47:03Z
USB,2006-08-22,17.43,17.47,17.36,17.41,5432288,32.42,32.49,32.3,32.38,2920500,2026-01-03T03:47:03Z
USB,2006-08-23,17.33,17.44,17.21,17.43,6706631,32.23,32.44,32.02,32.42,3605600,2026-01-03T03:47:03Z
USB,2006-08-24,17.43,17.45,17.32,17.38,5938400,32.43,32.46,32.22,32.32,3192600,2026-01-03T03:47:03Z
USB,2006-08-25,17.27,17.36,17.24,17.28,6052993,32.12,32.3,32.07,32.15,3254200,2026-01-03T03:47:03Z
USB,2006-08-28,17.26,17.34,17.21,17.27,5419813,32.1,32.26,32.02,32.13,2913800,2026-01-03T03:47:03Z
USB,2006-08-29,17.2,17.32,17.12,17.27,11276578,32,32.21,31.84,32.13,6062500,2026-01-03T03:47:03Z
USB,2006-08-30,17.16,17.25,17.14,17.19,9061634,31.91,32.08,31.89,31.98,4871700,2026-01-03T03:47:03Z
USB,2006-08-31,17.24,17.26,17.11,17.2,10779406,32.07,32.11,31.83,31.99,5795200,2026-01-03T03:47:03Z
USB,2006-09-01,17.23,17.31,17.18,17.31,4223992,32.05,32.19,31.95,32.19,2270900,2026-01-03T03:47:03Z
USB,2006-09-05,17.27,17.36,17.24,17.31,6802409,32.12,32.29,32.06,32.2,3657100,2026-01-03T03:47:03Z
USB,2006-09-06,17.33,17.35,17.2,17.2,7684268,32.24,32.28,31.99,32,4131200,2026-01-03T03:47:03Z
USB,2006-09-07,17.22,17.38,17.19,17.33,8107059,32.03,32.33,31.98,32.24,4358500,2026-01-03T03:47:03Z
USB,2006-09-08,17.31,17.32,16.81,16.93,9715275,32.19,32.22,31.26,31.5,5223100,2026-01-03T03:47:03Z
USB,2006-09-11,17.43,17.45,17.34,17.35,11677419,32.42,32.46,32.26,32.28,6278000,2026-01-03T03:47:03Z
USB,2006-09-12,17.66,17.67,17.39,17.42,14298587,32.85,32.87,32.35,32.4,7687200,2026-01-03T03:47:03Z
USB,2006-09-13,17.64,17.65,17.55,17.59,13076532,32.81,32.83,32.64,32.72,7030200,2026-01-03T03:47:03Z
USB,2006-09-14,17.74,17.79,17.59,17.59,10109777,33,33.09,32.71,32.71,5435200,2026-01-03T03:47:03Z
USB,2006-09-15,17.88,17.93,17.74,17.82,16693611,33.26,33.36,32.99,33.15,8974800,2026-01-03T03:47:03Z
USB,2006-09-18,17.79,17.85,17.7,17.82,7580280,33.09,33.21,32.92,33.15,4075300,2026-01-03T03:47:03Z
USB,2006-09-19,17.76,17.82,17.74,17.8,8968263,33.04,33.14,33,33.1,4821500,2026-01-03T03:47:03Z
USB,2006-09-20,17.82,17.91,17.79,17.82,7565010,33.15,33.32,33.09,33.14,4067100,2026-01-03T03:47:03Z
USB,2006-09-21,17.81,17.9,17.76,17.85,7583630,33.13,33.29,33.03,33.2,4077100,2026-01-03T03:47:03Z
USB,2006-09-22,17.82,17.88,17.78,17.85,6226898,33.14,33.25,33.08,33.2,3347700,2026-01-03T03:47:03Z
USB,2006-09-25,17.88,17.97,17.82,17.88,9015309,33.26,33.42,33.15,33.25,4846800,2026-01-03T03:47:03Z
USB,2006-09-26,17.89,17.92,17.81,17.91,8807530,33.27,33.33,33.12,33.32,4735100,2026-01-03T03:47:03Z
USB,2006-09-27,18.02,18.09,17.89,17.93,11073751,33.18,33.31,32.95,33.01,6013100,2026-01-03T03:47:03Z
USB,2006-09-28,18.08,18.08,17.98,18.02,6319301,33.3,33.3,33.12,33.19,3431400,2026-01-03T03:47:03Z
USB,2006-09-29,18.04,18.09,18,18.04,9857013,33.22,33.32,33.15,33.22,5352400,2026-01-03T03:47:03Z
USB,2006-10-02,17.96,18.1,17.92,18.09,5508054,33.08,33.33,33,33.32,2990900,2026-01-03T03:47:03Z
USB,2006-10-03,18.07,18.1,17.96,17.97,8145402,33.27,33.33,33.07,33.09,4423000,2026-01-03T03:47:03Z
USB,2006-10-04,18.15,18.16,17.9,17.96,10183364,33.43,33.44,32.96,33.07,5529600,2026-01-03T03:47:03Z
USB,2006-10-05,18.29,18.31,18.08,18.08,10029946,33.69,33.72,33.29,33.3,5446300,2026-01-03T03:47:03Z
USB,2006-10-06,18.28,18.31,18.2,18.29,9110585,33.67,33.72,33.52,33.69,4947100,2026-01-03T03:47:03Z
USB,2006-10-09,18.32,18.32,18.22,18.27,6617823,33.73,33.74,33.55,33.65,3593500,2026-01-03T03:47:03Z
USB,2006-10-10,18.21,18.33,18.17,18.3,10348884,33.54,33.75,33.46,33.71,5619500,2026-01-03T03:47:03Z
USB,2006-10-11,18.39,18.4,18.16,18.21,10521293,33.86,33.88,33.45,33.54,5713100,2026-01-03T03:47:03Z
USB,2006-10-12,18.39,18.42,18.33,18.42,7391636,33.87,33.93,33.75,33.92,4013700,2026-01-03T03:47:03Z
USB,2006-10-13,18.33,18.42,18.29,18.39,9483362,33.76,33.92,33.68,33.87,5149500,2026-01-03T03:47:03Z
USB,2006-10-16,18.24,18.36,18.2,18.35,8894595,33.59,33.82,33.51,33.8,4829800,2026-01-03T03:47:03Z
USB,2006-10-17,18.05,18.2,17.92,18.19,18837566,33.24,33.51,33,33.5,10228900,2026-01-03T03:47:03Z
USB,2006-10-18,18.05,18.21,17.98,18.1,12046862,33.25,33.54,33.11,33.34,6541500,2026-01-03T03:47:03Z
USB,2006-10-19,18.15,18.18,17.98,18.05,15455523,33.43,33.48,33.12,33.25,8392400,2026-01-03T03:47:03Z
USB,2006-10-20,18.15,18.26,18.1,18.2,14071186,33.43,33.63,33.33,33.52,7640700,2026-01-03T03:47:03Z
USB,2006-10-23,18.28,18.3,18.07,18.09,9540600,33.67,33.71,33.28,33.31,5180600,2026-01-03T03:47:03Z
USB,2006-10-24,18.34,18.35,18.16,18.23,8907289,33.78,33.8,33.45,33.58,4836700,2026-01-03T03:47:03Z
USB,2006-10-25,18.45,18.45,18.25,18.33,10985890,33.97,33.98,33.6,33.75,5965400,2026-01-03T03:47:03Z
USB,2006-10-26,18.49,18.51,18.32,18.45,11814656,34.06,34.08,33.73,33.97,6415400,2026-01-03T03:47:03Z
USB,2006-10-27,18.46,18.54,18.39,18.41,10858814,34,34.15,33.87,33.9,5896400,2026-01-03T03:47:03Z
USB,2006-10-30,18.46,18.52,18.43,18.47,8472283,34,34.1,33.94,34.01,4600500,2026-01-03T03:47:03Z
USB,2006-10-31,18.38,18.5,18.34,18.46,10408369,33.84,34.07,33.77,34,5651800,2026-01-03T03:47:03Z
USB,2006-11-01,18.3,18.46,18.27,18.43,8648905,33.71,33.99,33.64,33.94,4696400,2026-01-03T03:47:03Z
USB,2006-11-02,18.31,18.35,18.25,18.27,6663853,33.72,33.8,33.6,33.64,3618500,2026-01-03T03:47:03Z
USB,2006-11-03,18.23,18.36,18.2,18.34,10163061,33.57,33.82,33.51,33.78,5518600,2026-01-03T03:47:03Z
USB,2006-11-06,18.3,18.33,18.23,18.23,7310244,33.71,33.75,33.57,33.58,3969500,2026-01-03T03:47:03Z
USB,2006-11-07,18.36,18.36,18.29,18.3,7312456,33.81,33.81,33.68,33.71,3970700,2026-01-03T03:47:03Z
USB,2006-11-08,18.4,18.43,18.31,18.36,5685226,33.89,33.94,33.72,33.81,3087100,2026-01-03T03:47:03Z
USB,2006-11-09,18.38,18.41,18.3,18.39,7154453,33.85,33.9,33.7,33.86,3884900,2026-01-03T03:47:03Z
USB,2006-11-10,18.28,18.44,18.22,18.41,9437506,33.66,33.96,33.55,33.9,5124600,2026-01-03T03:47:03Z
USB,2006-11-13,18.3,18.34,18.26,18.3,10377234,33.7,33.77,33.62,33.71,5634900,2026-01-03T03:47:03Z
USB,2006-11-14,18.31,18.36,18.16,18.36,13741147,33.72,33.82,33.45,33.82,7461500,2026-01-03T03:47:03Z
USB,2006-11-15,18.29,18.34,18.26,18.29,8805830,33.69,33.77,33.62,33.68,4781600,2026-01-03T03:47:03Z
USB,2006-11-16,18.45,18.5,18.3,18.33,7734726,33.97,34.06,33.71,33.75,4200000,2026-01-03T03:47:03Z
USB,2006-11-17,18.41,18.45,18.36,18.38,7611900,33.91,33.97,33.81,33.85,4133300,2026-01-03T03:47:03Z
USB,2006-11-20,18.47,18.5,18.39,18.41,6106020,34.01,34.06,33.86,33.91,3315600,2026-01-03T03:47:03Z
USB,2006-11-21,18.42,18.47,18.4,18.47,7209705,33.92,34.02,33.88,34.02,3914900,2026-01-03T03:47:03Z
USB,2006-11-22,18.35,18.46,18.29,18.41,6249679,33.79,34,33.68,33.9,3393600,2026-01-03T03:47:03Z
USB,2006-11-24,18.31,18.36,18.26,18.26,2185802,33.72,33.82,33.63,33.63,1186900,2026-01-03T03:47:03Z
USB,2006-11-27,18.17,18.35,18.09,18.28,11705586,33.47,33.79,33.31,33.66,6356200,2026-01-03T03:47:03Z
USB,2006-11-28,18.13,18.24,18.1,18.18,8173606,33.39,33.59,33.33,33.49,4438300,2026-01-03T03:47:03Z
USB,2006-11-29,18.34,18.36,18.17,18.17,6099384,33.77,33.81,33.46,33.46,3312000,2026-01-03T03:47:03Z
USB,2006-11-30,18.27,18.34,18.14,18.33,7617051,33.64,33.77,33.41,33.75,4136100,2026-01-03T03:47:03Z
USB,2006-12-01,18.28,18.34,18.16,18.3,10083358,33.66,33.77,33.45,33.71,5475300,2026-01-03T03:47:03Z
USB,2006-12-04,18.4,18.46,18.28,18.29,10773019,33.88,33.99,33.67,33.69,5849800,2026-01-03T03:47:03Z
USB,2006-12-05,18.46,18.5,18.32,18.41,9674112,34,34.06,33.74,33.9,5253100,2026-01-03T03:47:03Z
USB,2006-12-06,18.57,18.57,18.4,18.45,10381103,34.2,34.2,33.89,33.97,5637000,2026-01-03T03:47:03Z
USB,2006-12-07,18.51,18.67,18.39,18.62,8649649,34.08,34.38,33.86,34.3,4696800,2026-01-03T03:47:03Z
USB,2006-12-08,18.44,18.55,18.42,18.52,9182812,33.96,34.16,33.93,34.11,4986300,2026-01-03T03:47:03Z
USB,2006-12-11,18.46,18.55,18.42,18.46,9357724,34,34.16,33.92,34,5081300,2026-01-03T03:47:03Z
USB,2006-12-12,18.67,18.71,18.33,18.46,17467989,34.38,34.46,33.75,34,9485200,2026-01-03T03:47:03Z
USB,2006-12-13,19.32,19.47,18.72,18.73,41064484,35.58,35.85,34.48,34.49,22298200,2026-01-03T03:47:03Z
USB,2006-12-14,19.47,19.55,18.73,18.73,29544940,35.86,36,34.5,34.5,16043000,2026-01-03T03:47:03Z
USB,2006-12-15,19.43,19.55,19.35,19.47,28257271,35.79,36,35.64,35.86,15343800,2026-01-03T03:47:03Z
USB,2006-12-18,19.52,19.56,19.07,19.07,13916283,35.95,36.03,35.12,35.12,7556600,2026-01-03T03:47:03Z
USB,2006-12-19,19.61,19.63,19.47,19.53,15126778,36.12,36.15,35.85,35.96,8213900,2026-01-03T03:47:03Z
USB,2006-12-20,19.8,19.81,19.57,19.61,16944832,36.46,36.49,36.04,36.12,9201100,2026-01-03T03:47:03Z
USB,2006-12-21,19.78,19.86,19.71,19.82,11738364,36.43,36.58,36.3,36.5,6374000,2026-01-03T03:47:03Z
USB,2006-12-22,19.9,19.97,19.77,19.83,9867329,36.65,36.78,36.41,36.52,5358000,2026-01-03T03:47:03Z
USB,2006-12-26,19.92,20.01,19.86,19.93,8514677,36.69,36.85,36.58,36.7,4623500,2026-01-03T03:47:03Z
USB,2006-12-27,19.97,20.06,19.91,19.93,8334055,36.38,36.54,36.26,36.3,4575300,2026-01-03T03:47:03Z
USB,2006-12-28,19.93,20.1,19.88,19.99,6896856,36.31,36.61,36.21,36.42,3786300,2026-01-03T03:47:03Z
USB,2006-12-29,19.87,19.98,19.8,19.93,9061024,36.19,36.39,36.06,36.3,4974400,2026-01-03T03:47:03Z
USB,2007-01-03,19.86,19.92,19.55,19.55,14021179,36.17,36.29,35.61,35.61,7697500,2026-01-03T03:47:03Z
USB,2007-01-04,19.87,19.9,19.71,19.86,9852657,36.2,36.25,35.91,36.17,5409000,2026-01-03T03:47:03Z
USB,2007-01-05,19.64,19.87,19.6,19.87,10470303,35.77,36.19,35.7,36.19,5748100,2026-01-03T03:47:03Z
USB,2007-01-08,19.57,19.87,19.48,19.6,10477600,35.65,36.19,35.49,35.7,5752100,2026-01-03T03:47:03Z
USB,2007-01-09,19.56,19.7,19.41,19.61,11928095,35.63,35.88,35.36,35.73,6548400,2026-01-03T03:47:03Z
USB,2007-01-10,19.55,19.62,19.43,19.57,11911167,35.61,35.74,35.39,35.64,6539100,2026-01-03T03:47:03Z
USB,2007-01-11,19.49,19.63,19.45,19.55,10326435,35.51,35.75,35.42,35.61,5669100,2026-01-03T03:47:03Z
USB,2007-01-12,19.52,19.58,19.46,19.54,11579442,35.55,35.67,35.45,35.6,6357000,2026-01-03T03:47:03Z
USB,2007-01-16,19.63,19.66,19.35,19.54,11826622,35.75,35.82,35.24,35.6,6492700,2026-01-03T03:47:03Z
USB,2007-01-17,19.63,19.74,19.54,19.59,19736587,35.76,35.96,35.59,35.69,10835200,2026-01-03T03:47:03Z
USB,2007-01-18,19.53,19.64,19.22,19.22,13400044,35.57,35.77,35.01,35.01,7356500,2026-01-03T03:47:03Z
USB,2007-01-19,19.47,19.6,19.39,19.6,13489306,35.46,35.71,35.31,35.7,7405500,2026-01-03T03:47:03Z
USB,2007-01-22,19.37,19.5,19.36,19.46,9207298,35.29,35.52,35.26,35.45,5054700,2026-01-03T03:47:03Z
USB,2007-01-23,19.43,19.43,19.32,19.35,10890388,35.4,35.4,35.19,35.25,5978700,2026-01-03T03:47:03Z
USB,2007-01-24,19.5,19.59,19.42,19.49,11565435,35.52,35.68,35.38,35.5,6349300,2026-01-03T03:47:03Z
USB,2007-01-25,19.36,19.53,19.35,19.5,12317878,35.27,35.58,35.25,35.52,6762400,2026-01-03T03:47:03Z
USB,2007-01-26,19.51,19.57,19.4,19.4,13437770,35.54,35.65,35.33,35.34,7377200,2026-01-03T03:47:03Z
USB,2007-01-29,19.42,19.58,19.42,19.49,10832601,35.38,35.66,35.38,35.5,5947000,2026-01-03T03:47:03Z
USB,2007-01-30,19.4,19.43,19.33,19.43,7510162,35.33,35.39,35.21,35.39,4123000,2026-01-03T03:47:03Z
USB,2007-01-31,19.54,19.55,19.28,19.36,13403005,35.6,35.62,35.12,35.26,7358100,2026-01-03T03:47:03Z
USB,2007-02-01,19.54,19.54,19.43,19.54,24287576,35.59,35.6,35.4,35.6,13333600,2026-01-03T03:47:03Z
USB,2007-02-02,19.66,19.68,19.54,19.54,9775968,35.81,35.84,35.59,35.59,5366900,2026-01-03T03:47:03Z
USB,2007-02-05,19.61,19.66,19.5,19.6,9940447,35.72,35.81,35.51,35.71,5457200,2026-01-03T03:47:03Z
USB,2007-02-06,19.77,19.81,19.58,19.6,16421810,36.02,36.09,35.66,35.71,9015400,2026-01-03T03:47:03Z
USB,2007-02-07,19.77,19.79,19.71,19.77,11458513,36.01,36.05,35.9,36.01,6290600,2026-01-03T03:47:03Z
USB,2007-02-08,19.73,19.76,19.68,19.76,8361540,35.93,36,35.85,36,4590400,2026-01-03T03:47:03Z
USB,2007-02-09,19.68,19.8,19.64,19.73,8406346,35.84,36.07,35.78,35.94,4615000,2026-01-03T03:47:03Z
USB,2007-02-12,19.77,19.81,19.66,19.66,7724738,36.02,36.08,35.81,35.81,4240800,2026-01-03T03:47:03Z
USB,2007-02-13,19.9,19.99,19.77,19.99,9719660,36.25,36.42,36.02,36.42,5336000,2026-01-03T03:47:03Z
USB,2007-02-14,19.87,19.92,19.8,19.9,12571473,36.2,36.29,36.07,36.25,6901600,2026-01-03T03:47:03Z
USB,2007-02-15,19.96,20.09,19.84,20.09,9375574,36.35,36.6,36.14,36.6,5147100,2026-01-03T03:47:03Z
USB,2007-02-16,20.1,20.1,19.92,20.09,13726487,36.62,36.62,36.28,36.6,7535700,2026-01-03T03:47:03Z
USB,2007-02-20,20.14,20.23,19.98,19.98,11563447,36.68,36.84,36.39,36.39,6348200,2026-01-03T03:47:03Z
USB,2007-02-21,20.11,20.16,20.02,20.09,8777757,36.63,36.72,36.46,36.6,4818900,2026-01-03T03:47:03Z
USB,2007-02-22,20.11,20.16,20.08,20.12,8306888,36.64,36.72,36.57,36.65,4560400,2026-01-03T03:47:03Z
USB,2007-02-23,20.07,20.16,19.87,20.16,12459780,36.55,36.73,36.2,36.73,6840300,2026-01-03T03:47:03Z
USB,2007-02-26,20.01,20.12,19.88,20.09,9079762,36.44,36.65,36.21,36.59,4984700,2026-01-03T03:47:03Z
USB,2007-02-27,19.55,20.19,19.09,20.19,19247014,35.61,36.78,34.77,36.78,10566400,2026-01-03T03:47:03Z
USB,2007-02-28,19.58,19.71,19.46,19.54,18793768,35.66,35.91,35.45,35.6,10317600,2026-01-03T03:47:03Z
USB,2007-03-01,19.53,19.64,19.36,19.48,20701260,35.57,35.78,35.26,35.48,11364800,2026-01-03T03:47:03Z
USB,2007-03-02,19.43,19.69,19.4,19.5,14642931,35.39,35.87,35.34,35.51,8038800,2026-01-03T03:47:03Z
USB,2007-03-05,19.29,19.87,19.27,19.43,19003814,35.14,36.19,35.1,35.39,10432900,2026-01-03T03:47:03Z
USB,2007-03-06,19.55,19.55,19.35,19.36,19370696,35.61,35.62,35.25,35.26,10634300,2026-01-03T03:47:03Z
USB,2007-03-07,19.47,19.61,19.42,19.56,12609685,35.47,35.73,35.37,35.63,6922600,2026-01-03T03:47:03Z
USB,2007-03-08,19.52,19.66,19.49,19.55,11988193,35.55,35.81,35.5,35.61,6581400,2026-01-03T03:47:03Z
USB,2007-03-09,19.51,19.63,19.47,19.59,9932063,35.53,35.75,35.47,35.69,5452600,2026-01-03T03:47:03Z
USB,2007-03-12,19.58,19.6,19.44,19.46,10815306,35.66,35.71,35.41,35.44,5937500,2026-01-03T03:47:03Z
USB,2007-03-13,19.21,19.5,19.16,19.5,18237538,35,35.52,34.9,35.51,10012200,2026-01-03T03:47:03Z
USB,2007-03-14,19.16,19.31,18.89,19.31,23721261,34.9,35.18,34.4,35.18,13022700,2026-01-03T03:47:03Z
USB,2007-03-15,19.32,19.41,19.08,19.11,15732383,35.2,35.35,34.75,34.8,8636900,2026-01-03T03:47:03Z
USB,2007-03-16,19.27,19.48,19.21,19.31,20111709,35.1,35.48,35,35.18,11041100,2026-01-03T03:47:03Z
USB,2007-03-19,19.45,19.5,19.31,19.35,8692883,35.42,35.52,35.17,35.25,4772300,2026-01-03T03:47:03Z
USB,2007-03-20,19.53,19.58,19.41,19.42,9668464,35.58,35.66,35.35,35.38,5307900,2026-01-03T03:47:03Z
USB,2007-03-21,19.78,19.82,19.45,19.52,16170065,36.03,36.1,35.42,35.55,8877200,2026-01-03T03:47:03Z
USB,2007-03-22,19.76,19.85,19.66,19.78,12270922,36,36.16,35.82,36.03,6736600,2026-01-03T03:47:03Z
USB,2007-03-23,19.71,19.85,19.66,19.76,8572300,35.91,36.15,35.81,36,4706100,2026-01-03T03:47:03Z
USB,2007-03-26,19.77,19.8,19.58,19.76,13903551,36.01,36.07,35.66,36,7632900,2026-01-03T03:47:03Z
USB,2007-03-27,19.54,19.75,19.5,19.72,14324518,35.6,35.98,35.51,35.92,7864000,2026-01-03T03:47:03Z
USB,2007-03-28,19.31,19.69,19.29,19.54,18395124,34.77,35.46,34.74,35.2,10213500,2026-01-03T03:47:03Z
USB,2007-03-29,19.44,19.52,19.3,19.42,11446667,35.01,35.15,34.77,34.97,6355500,2026-01-03T03:47:03Z
USB,2007-03-30,19.42,19.68,19.22,19.48,12316577,34.97,35.44,34.62,35.09,6838500,2026-01-03T03:47:03Z
USB,2007-04-02,19.25,19.45,19.16,19.45,14304720,34.67,35.03,34.51,35.03,7942400,2026-01-03T03:47:03Z
USB,2007-04-03,19.45,19.53,19.36,19.37,11360939,35.03,35.18,34.86,34.89,6307900,2026-01-03T03:47:03Z
USB,2007-04-04,19.27,19.49,19.25,19.42,13418280,34.7,35.1,34.67,34.98,7450200,2026-01-03T03:47:03Z
USB,2007-04-05,19.28,19.32,19.17,19.26,12247051,34.72,34.79,34.53,34.69,6799900,2026-01-03T03:47:03Z
USB,2007-04-09,19.26,19.29,19.19,19.27,8751903,34.68,34.74,34.56,34.71,4859300,2026-01-03T03:47:03Z
USB,2007-04-10,19.32,19.38,19.22,19.25,11805441,34.8,34.91,34.61,34.68,6554700,2026-01-03T03:47:03Z
USB,2007-04-11,19.14,19.33,19.11,19.33,14982643,34.48,34.81,34.41,34.81,8318800,2026-01-03T03:47:03Z
USB,2007-04-12,19.11,19.13,18.93,19.07,18934558,34.41,34.45,34.1,34.35,10513000,2026-01-03T03:47:03Z
USB,2007-04-13,19.14,19.21,18.98,19.21,14729812,34.47,34.6,34.18,34.6,8178400,2026-01-03T03:47:03Z
USB,2007-04-16,19.38,19.43,19.18,19.18,15552856,34.9,35,34.54,34.55,8635400,2026-01-03T03:47:03Z
USB,2007-04-17,19.19,19.38,19.12,19.35,18661143,34.56,34.9,34.43,34.85,10361200,2026-01-03T03:47:03Z
USB,2007-04-18,19.1,19.19,19.01,19.19,16562602,34.4,34.56,34.23,34.56,9196000,2026-01-03T03:47:03Z
USB,2007-04-19,19.06,19.14,18.96,19.05,16819016,34.33,34.48,34.14,34.31,9338400,2026-01-03T03:47:03Z
USB,2007-04-20,19.18,19.46,19.06,19.43,22411365,34.55,35.05,34.33,35,12443400,2026-01-03T03:47:03Z
USB,2007-04-23,19.07,19.19,19.05,19.18,14345481,34.34,34.56,34.32,34.55,7965000,2026-01-03T03:47:03Z
USB,2007-04-24,18.95,19.32,18.89,19.16,18591672,34.13,34.79,34.02,34.5,10322600,2026-01-03T03:47:03Z
USB,2007-04-25,19.19,19.24,18.95,19.06,13904220,34.57,34.66,34.13,34.33,7720000,2026-01-03T03:47:03Z
USB,2007-04-26,19.18,19.48,19.08,19.47,18318265,34.55,35.08,34.36,35.07,10170800,2026-01-03T03:47:03Z
USB,2007-04-27,19.18,19.24,18.88,18.92,9236579,34.55,34.65,34,34.07,5128400,2026-01-03T03:47:03Z
USB,2007-04-30,19.07,19.26,19.06,19.19,16730588,34.35,34.69,34.33,34.56,9289300,2026-01-03T03:47:03Z
USB,2007-05-01,19.09,19.11,18.95,19.07,16295820,34.39,34.41,34.13,34.35,9047900,2026-01-03T03:47:03Z
USB,2007-05-02,19.16,19.18,18.88,19.09,11203485,34.5,34.55,34,34.39,6220500,2026-01-03T03:47:03Z
USB,2007-05-03,19.07,19.22,19.01,19.18,13927417,34.35,34.62,34.24,34.54,7732900,2026-01-03T03:47:03Z
USB,2007-05-04,19.15,19.23,19.08,19.14,9292226,34.49,34.63,34.37,34.48,5159300,2026-01-03T03:47:03Z
USB,2007-05-07,19.22,19.35,19.16,19.16,10503428,34.62,34.85,34.51,34.51,5831800,2026-01-03T03:47:03Z
USB,2007-05-08,19.23,19.27,19.13,19.19,11448957,34.63,34.71,34.45,34.56,6356800,2026-01-03T03:47:03Z
USB,2007-05-09,19.33,19.37,19.17,19.21,13275979,34.81,34.89,34.53,34.6,7371200,2026-01-03T03:47:03Z
USB,2007-05-10,19.1,19.32,19.09,19.32,12339283,34.4,34.8,34.38,34.8,6851100,2026-01-03T03:47:03Z
USB,2007-05-11,19.24,19.26,19.13,19.16,9639284,34.66,34.69,34.46,34.5,5352000,2026-01-03T03:47:03Z
USB,2007-05-14,19.11,19.3,19.08,19.23,12184180,34.41,34.76,34.36,34.64,6765000,2026-01-03T03:47:03Z
USB,2007-05-15,19.18,19.3,19.14,19.18,12692426,34.54,34.76,34.47,34.54,7047200,2026-01-03T03:47:03Z
USB,2007-05-16,19.2,19.3,19.11,19.26,14494213,34.58,34.76,34.41,34.69,8047600,2026-01-03T03:47:03Z
USB,2007-05-17,19.18,19.22,19.12,19.2,8204907,34.54,34.62,34.43,34.58,4555600,2026-01-03T03:47:03Z
USB,2007-05-18,19.31,19.38,19.19,19.25,13927812,34.78,34.9,34.57,34.67,7733100,2026-01-03T03:47:03Z
USB,2007-05-21,19.2,19.36,19.18,19.36,14863611,34.58,34.87,34.55,34.87,8252700,2026-01-03T03:47:03Z
USB,2007-05-22,19.11,19.21,19.05,19.18,16544328,34.42,34.6,34.31,34.55,9185900,2026-01-03T03:47:03Z
USB,2007-05-23,19.08,19.22,19.08,19.13,15225444,34.37,34.61,34.36,34.45,8453600,2026-01-03T03:47:03Z
USB,2007-05-24,18.98,19.38,18.97,19.27,14700983,34.18,34.9,34.16,34.7,8162400,2026-01-03T03:47:03Z
USB,2007-05-25,19.09,19.13,19.02,19.02,8554319,34.39,34.45,34.25,34.25,4749600,2026-01-03T03:47:03Z
USB,2007-05-29,19.14,19.19,19.09,19.14,10320089,34.47,34.57,34.39,34.47,5730000,2026-01-03T03:47:03Z
USB,2007-05-30,19.27,19.3,19.12,19.14,11377466,34.71,34.77,34.43,34.48,6317100,2026-01-03T03:47:03Z
USB,2007-05-31,19.2,19.37,19.13,19.3,11820179,34.58,34.88,34.45,34.76,6562900,2026-01-03T03:47:03Z
USB,2007-06-01,19.23,19.31,19.17,19.21,12954641,34.63,34.78,34.53,34.6,7192800,2026-01-03T03:47:03Z
USB,2007-06-04,19.16,19.27,19.13,19.18,14370145,34.51,34.7,34.45,34.55,7978700,2026-01-03T03:47:03Z
USB,2007-06-05,19.16,19.19,19.03,19.16,15123310,34.5,34.56,34.27,34.5,8396900,2026-01-03T03:47:03Z
USB,2007-06-06,19.05,19.17,19.01,19.12,13349272,34.31,34.52,34.23,34.44,7411900,2026-01-03T03:47:03Z
USB,2007-06-07,18.89,19.17,18.89,19.04,20632614,34.03,34.53,34.03,34.3,11455800,2026-01-03T03:47:03Z
USB,2007-06-08,18.99,19.02,18.83,18.94,17383442,34.21,34.25,33.91,34.12,9651800,2026-01-03T03:47:03Z
USB,2007-06-11,19.04,19.1,18.94,18.99,14172750,34.3,34.4,34.11,34.2,7869100,2026-01-03T03:47:03Z
USB,2007-06-12,18.79,19.02,18.79,18.96,13920742,33.85,34.25,33.85,34.14,7729200,2026-01-03T03:47:03Z
USB,2007-06-13,18.96,18.97,18.68,18.88,15680975,34.15,34.16,33.64,34,8706500,2026-01-03T03:47:03Z
USB,2007-06-14,18.84,18.99,18.82,18.94,16970899,33.94,34.21,33.89,34.11,9422700,2026-01-03T03:47:03Z
USB,2007-06-15,18.94,19.02,18.9,18.94,22938837,34.12,34.25,34.04,34.11,12736300,2026-01-03T03:47:03Z
USB,2007-06-18,18.99,19.03,18.93,19,14546275,34.2,34.28,34.09,34.22,8076500,2026-01-03T03:47:03Z
USB,2007-06-19,19.09,19.12,18.92,18.93,11814240,34.39,34.43,34.07,34.1,6559600,2026-01-03T03:47:03Z
USB,2007-06-20,18.86,19.13,18.84,19.11,11458922,33.96,34.45,33.94,34.41,6362300,2026-01-03T03:47:03Z
USB,2007-06-21,18.77,18.88,18.72,18.79,30750800,33.8,34.01,33.71,33.85,17073700,2026-01-03T03:47:03Z
USB,2007-06-22,18.56,18.83,18.53,18.83,27045493,33.42,33.91,33.38,33.91,15016400,2026-01-03T03:47:03Z
USB,2007-06-25,18.54,18.77,18.47,18.58,13963964,33.39,33.81,33.27,33.47,7753200,2026-01-03T03:47:03Z
USB,2007-06-26,18.6,18.69,18.51,18.66,26691972,33.5,33.66,33.33,33.6,14820100,2026-01-03T03:47:03Z
USB,2007-06-27,18.76,18.78,18.44,18.57,18885348,33.38,33.42,32.81,33.05,10612400,2026-01-03T03:47:03Z
USB,2007-06-28,18.66,19.09,18.54,19.09,14637946,33.2,33.97,33,33.97,8225600,2026-01-03T03:47:03Z
USB,2007-06-29,18.52,18.72,18.4,18.66,18844740,32.95,33.31,32.74,33.2,10589600,2026-01-03T03:47:03Z
USB,2007-07-02,18.65,18.65,18.52,18.6,12284110,33.19,33.19,32.95,33.1,6902900,2026-01-03T03:47:03Z
USB,2007-07-03,18.82,18.82,18.62,18.66,6837061,33.5,33.5,33.14,33.21,3842000,2026-01-03T03:47:03Z
USB,2007-07-05,18.76,18.8,18.7,18.78,8783705,33.38,33.45,33.27,33.42,4935900,2026-01-03T03:47:03Z
USB,2007-07-06,18.76,18.78,18.62,18.72,12483412,33.39,33.42,33.14,33.31,7014900,2026-01-03T03:47:03Z
USB,2007-07-09,18.74,18.81,18.68,18.68,10939481,33.35,33.48,33.24,33.24,6147300,2026-01-03T03:47:03Z
USB,2007-07-10,18.45,18.66,18.44,18.61,21006459,32.84,33.2,32.81,33.12,11804300,2026-01-03T03:47:03Z
USB,2007-07-11,18.39,18.62,18.29,18.53,23263459,32.73,33.14,32.54,32.98,13072600,2026-01-03T03:47:03Z
USB,2007-07-12,18.62,18.62,18.39,18.47,30327198,33.13,33.14,32.73,32.87,17042000,2026-01-03T03:47:03Z
USB,2007-07-13,18.65,18.72,18.23,18.23,14760349,33.18,33.31,32.44,32.44,8294400,2026-01-03T03:47:03Z
USB,2007-07-16,18.66,18.8,18.55,18.66,14806470,33.2,33.45,33.02,33.2,8320300,2026-01-03T03:47:03Z
USB,2007-07-17,18.47,18.66,18.41,18.41,20085669,32.87,33.2,32.77,32.77,11286900,2026-01-03T03:47:03Z
USB,2007-07-18,18.25,18.4,18.01,18.27,25945277,32.48,32.75,32.05,32.52,14579600,2026-01-03T03:47:03Z
USB,2007-07-19,18.17,18.3,18,18.26,24226458,32.33,32.56,32.03,32.5,13613800,2026-01-03T03:47:03Z
USB,2007-07-20,17.92,18.49,17.86,18.49,28050250,31.89,32.9,31.79,32.9,15762500,2026-01-03T03:47:03Z
USB,2007-07-23,17.84,18.27,17.81,18,28872811,31.75,32.51,31.7,32.04,16224700,2026-01-03T03:47:03Z
USB,2007-07-24,17.36,17.8,17.31,17.76,29628687,30.9,31.67,30.81,31.6,16649500,2026-01-03T03:47:03Z
USB,2007-07-25,17.5,17.59,17.3,17.54,26609595,31.14,31.31,30.78,31.21,14952900,2026-01-03T03:47:03Z
USB,2007-07-26,17.12,17.89,16.94,17.89,31895392,30.46,31.84,30.14,31.83,17923200,2026-01-03T03:47:03Z
USB,2007-07-27,16.85,17.41,16.82,17.09,24009082,29.99,30.98,29.94,30.41,13491600,2026-01-03T03:47:03Z
USB,2007-07-30,17.17,17.25,16.49,16.91,31444438,30.56,30.69,29.34,30.1,17669800,2026-01-03T03:47:03Z
USB,2007-07-31,16.83,17.48,16.77,17.33,25760559,29.95,31.1,29.84,30.84,14475800,2026-01-03T03:47:03Z
USB,2007-08-01,17.13,17.18,16.35,16.81,31012087,30.48,30.58,29.09,29.92,17426900,2026-01-03T03:47:03Z
USB,2007-08-02,17.08,17.27,16.94,17.08,20512424,30.4,30.74,30.14,30.4,11526700,2026-01-03T03:47:03Z
USB,2007-08-03,16.44,17.17,16.44,17.08,28803719,29.26,30.56,29.25,30.4,16185900,2026-01-03T03:47:03Z
USB,2007-08-06,17.49,17.52,16.42,16.54,28898759,31.12,31.18,29.22,29.44,16239300,2026-01-03T03:47:03Z
USB,2007-08-07,17.55,17.93,17.25,17.42,29587858,31.24,31.9,30.69,31,16626500,2026-01-03T03:47:03Z
USB,2007-08-08,17.42,17.83,16.76,17.29,34169743,31,31.73,29.83,30.76,19201300,2026-01-03T03:47:03Z
USB,2007-08-09,16.79,17.29,16.58,16.72,34604186,29.88,30.77,29.5,29.75,19445400,2026-01-03T03:47:03Z
USB,2007-08-10,16.84,17.2,16.46,16.71,25614157,29.96,30.6,29.3,29.74,14393600,2026-01-03T03:47:03Z
USB,2007-08-13,16.75,17.13,16.7,17.08,16539598,29.8,30.49,29.71,30.39,9294200,2026-01-03T03:47:03Z
USB,2007-08-14,16.61,16.86,16.48,16.72,25092752,29.55,30,29.32,29.75,14100600,2026-01-03T03:47:03Z
USB,2007-08-15,16.68,17.22,16.52,16.55,25078596,29.68,30.65,29.4,29.45,14092600,2026-01-03T03:47:03Z
USB,2007-08-16,17.66,17.89,16.46,16.6,37718601,31.43,31.83,29.29,29.54,21195500,2026-01-03T03:47:03Z
USB,2007-08-17,18.44,18.81,17.99,18.26,36778227,32.81,33.48,32.02,32.5,20667100,2026-01-03T03:47:03Z
USB,2007-08-20,18.32,18.68,17.99,18.68,21657013,32.61,33.25,32.02,33.25,12169900,2026-01-03T03:47:03Z
USB,2007-08-21,18.36,18.58,18.23,18.41,14291105,32.68,33.06,32.45,32.77,8030700,2026-01-03T03:47:03Z
USB,2007-08-22,18.53,18.62,18.18,18.53,25826332,32.97,33.13,32.35,32.97,14512800,2026-01-03T03:47:03Z
USB,2007-08-23,18.44,18.64,18.38,18.64,16552702,32.81,33.18,32.7,33.18,9301600,2026-01-03T03:47:03Z
USB,2007-08-24,18.57,18.59,18.34,18.34,13620400,33.05,33.09,32.63,32.63,7653800,2026-01-03T03:47:03Z
USB,2007-08-27,18.46,18.54,18.34,18.49,10423192,32.85,33,32.63,32.91,5857200,2026-01-03T03:47:03Z
USB,2007-08-28,17.87,18.43,17.85,18.37,17493059,31.8,32.8,31.76,32.69,9830000,2026-01-03T03:47:03Z
USB,2007-08-29,18.16,18.16,17.73,17.95,13850829,32.31,32.31,31.56,31.95,7783300,2026-01-03T03:47:03Z
USB,2007-08-30,18.09,18.2,17.82,18.09,14256541,32.19,32.38,31.71,32.19,8011300,2026-01-03T03:47:03Z
USB,2007-08-31,18.18,18.4,18.01,18.32,17260973,32.35,32.75,32.05,32.6,9699600,2026-01-03T03:47:03Z
USB,2007-09-04,18.12,18.21,17.94,18.15,11357303,32.25,32.41,31.92,32.3,6382100,2026-01-03T03:47:03Z
USB,2007-09-05,17.78,17.98,17.63,17.96,14637394,31.64,32,31.37,31.96,8225300,2026-01-03T03:47:03Z
USB,2007-09-06,17.88,17.99,17.63,17.65,10445261,31.82,32.02,31.37,31.41,5869600,2026-01-03T03:47:03Z
USB,2007-09-07,17.68,17.93,17.55,17.7,17774704,31.46,31.9,31.23,31.5,9988300,2026-01-03T03:47:03Z
USB,2007-09-10,17.61,17.81,17.44,17.71,10093294,31.33,31.7,31.03,31.52,5671800,2026-01-03T03:47:03Z
USB,2007-09-11,17.81,17.95,17.61,17.61,13955481,31.7,31.95,31.34,31.34,7842100,2026-01-03T03:47:03Z
USB,2007-09-12,17.89,17.98,17.64,17.8,12630045,31.84,32,31.4,31.67,7097300,2026-01-03T03:47:03Z
USB,2007-09-13,18.09,18.11,17.95,18.09,11765179,32.2,32.23,31.95,32.2,6611300,2026-01-03T03:47:03Z
USB,2007-09-14,18.13,18.17,17.93,17.98,10751565,32.27,32.33,31.9,32,6041700,2026-01-03T03:47:03Z
USB,2007-09-17,18.14,18.2,18.04,18.1,14925293,32.29,32.39,32.1,32.21,8387100,2026-01-03T03:47:03Z
USB,2007-09-18,18.89,18.91,17.98,18.13,21365116,33.62,33.66,32,32.26,12005900,2026-01-03T03:47:03Z
USB,2007-09-19,19.09,19.2,18.89,18.94,20366181,33.98,34.17,33.61,33.7,11444500,2026-01-03T03:47:03Z
USB,2007-09-20,18.76,19.11,18.64,19.07,14665311,33.38,34.01,33.18,33.93,8241000,2026-01-03T03:47:03Z
USB,2007-09-21,18.6,19.08,18.51,18.64,20782594,33.1,33.96,32.94,33.17,11678500,2026-01-03T03:47:03Z
USB,2007-09-24,18.5,18.62,18.4,18.57,12429660,32.92,33.13,32.75,33.04,6984700,2026-01-03T03:47:03Z
USB,2007-09-25,18.47,18.58,18.27,18.38,11621733,32.86,33.07,32.52,32.71,6530700,2026-01-03T03:47:03Z
USB,2007-09-26,18.39,18.64,18.29,18.59,16989904,32.32,32.77,32.15,32.68,9664900,2026-01-03T03:47:03Z
USB,2007-09-27,18.61,18.63,18.42,18.48,15377163,32.72,32.75,32.38,32.49,8747500,2026-01-03T03:47:03Z
USB,2007-09-28,18.51,18.69,18.47,18.61,9524268,32.53,32.85,32.47,32.71,5418000,2026-01-03T03:47:03Z
USB,2007-10-01,18.97,19.09,18.44,18.49,14860337,33.34,33.56,32.42,32.51,8453500,2026-01-03T03:47:03Z
USB,2007-10-02,19.09,19.14,18.93,19.01,10866618,33.55,33.65,33.28,33.41,6181600,2026-01-03T03:47:03Z
USB,2007-10-03,19.05,19.2,18.94,19.03,8539851,33.49,33.75,33.29,33.46,4858000,2026-01-03T03:47:03Z
USB,2007-10-04,19.06,19.21,18.99,19.06,7215273,33.5,33.77,33.38,33.5,4104500,2026-01-03T03:47:03Z
USB,2007-10-05,19.18,19.33,19.09,19.13,8633348,33.71,33.98,33.55,33.63,4911200,2026-01-03T03:47:03Z
USB,2007-10-08,19.02,19.4,18.95,19.34,7475258,33.43,34.1,33.32,33.99,4252400,2026-01-03T03:47:03Z
USB,2007-10-09,19.04,19.12,18.79,19.07,12752661,33.47,33.61,33.03,33.53,7254500,2026-01-03T03:47:03Z
USB,2007-10-10,18.79,19.05,18.72,19.01,12108568,33.03,33.48,32.91,33.42,6888100,2026-01-03T03:47:03Z
USB,2007-10-11,18.66,19.01,18.55,19,13465980,32.81,33.41,32.6,33.4,7660300,2026-01-03T03:47:03Z
USB,2007-10-12,18.7,18.9,18.59,18.59,13252411,32.88,33.22,32.67,32.67,7538800,2026-01-03T03:47:03Z
USB,2007-10-15,18.49,18.83,18.37,18.83,14165300,32.51,33.1,32.29,33.1,8058100,2026-01-03T03:47:03Z
USB,2007-10-16,18.4,18.72,18.2,18.62,19149267,32.35,32.9,32,32.73,10893300,2026-01-03T03:47:03Z
USB,2007-10-17,18.54,18.65,18.24,18.52,17269740,32.6,32.79,32.07,32.55,9824100,2026-01-03T03:47:03Z
USB,2007-10-18,18.29,18.52,18.15,18.41,19049788,32.16,32.56,31.91,32.36,10836700,2026-01-03T03:47:03Z
USB,2007-10-19,17.79,18.47,17.75,18.2,24359882,31.27,32.47,31.21,32,13857400,2026-01-03T03:47:03Z
USB,2007-10-22,17.92,18.05,17.58,17.68,15567706,31.5,31.73,30.9,31.07,8855900,2026-01-03T03:47:03Z
USB,2007-10-23,18.03,18.06,17.75,18.03,15503430,31.7,31.75,31.21,31.7,8819300,2026-01-03T03:47:03Z
USB,2007-10-24,17.9,18.06,17.67,17.91,23730532,31.46,31.75,31.06,31.49,13499400,2026-01-03T03:47:03Z
USB,2007-10-25,17.94,18.16,17.74,17.87,20526252,31.54,31.92,31.18,31.41,11676600,2026-01-03T03:47:03Z
USB,2007-10-26,18.42,18.48,17.87,18.32,19228691,32.38,32.48,31.42,32.2,10938500,2026-01-03T03:47:03Z
USB,2007-10-29,18.49,18.55,18.3,18.52,14116606,32.51,32.61,32.17,32.56,8030400,2026-01-03T03:47:03Z
USB,2007-10-30,18.6,18.65,18.37,18.49,16773300,32.7,32.78,32.3,32.51,9541700,2026-01-03T03:47:03Z
USB,2007-10-31,18.86,19.05,18.57,18.73,20891141,33.16,33.48,32.64,32.93,11884200,2026-01-03T03:47:03Z
USB,2007-11-01,18.03,18.63,17.98,18.43,22392699,31.69,32.75,31.61,32.4,12738400,2026-01-03T03:47:03Z
USB,2007-11-02,17.81,18.11,17.62,18.06,24581328,31.3,31.84,30.98,31.75,13983400,2026-01-03T03:47:03Z
USB,2007-11-05,17.77,17.98,17.48,17.6,20908175,31.24,31.6,30.72,30.94,11893900,2026-01-03T03:47:03Z
USB,2007-11-06,18.11,18.14,17.65,17.76,14856650,31.84,31.88,31.02,31.22,8451400,2026-01-03T03:47:03Z
USB,2007-11-07,17.36,17.95,17.33,17.95,21854131,30.51,31.56,30.47,31.55,12432000,2026-01-03T03:47:03Z
USB,2007-11-08,17.78,17.87,17.26,17.41,26529363,31.25,31.41,30.34,30.6,15091600,2026-01-03T03:47:03Z
USB,2007-11-09,17.59,18,17.29,17.52,28647744,30.92,31.65,30.4,30.79,16296600,2026-01-03T03:47:03Z
USB,2007-11-12,17.77,18.47,17.49,17.53,26799392,31.24,32.47,30.75,30.81,15245200,2026-01-03T03:47:03Z
USB,2007-11-13,18.45,18.48,17.89,17.89,22442505,32.44,32.48,31.44,31.44,12766700,2026-01-03T03:47:03Z
USB,2007-11-14,18.4,18.82,18.25,18.53,23792920,32.35,33.09,32.08,32.57,13534900,2026-01-03T03:47:03Z
USB,2007-11-15,17.98,18.65,17.76,18.32,25744117,31.6,32.78,31.22,32.21,14644900,2026-01-03T03:47:03Z
USB,2007-11-16,17.88,18.25,17.67,18.14,24751919,31.43,32.08,31.06,31.88,14080400,2026-01-03T03:47:03Z
USB,2007-11-19,17.61,17.9,17.21,17.73,26172205,30.96,31.47,30.25,31.17,14888400,2026-01-03T03:47:03Z
USB,2007-11-20,17.62,18.06,17.24,17.68,30015111,30.97,31.74,30.3,31.07,17074500,2026-01-03T03:47:03Z
USB,2007-11-21,17.34,17.77,17.18,17.44,26316051,30.49,31.23,30.21,30.65,14970200,2026-01-03T03:47:03Z
USB,2007-11-23,17.75,17.85,17.43,17.49,9490341,31.21,31.38,30.64,30.75,5398700,2026-01-03T03:47:03Z
USB,2007-11-26,17.35,17.79,17.35,17.79,25635026,30.5,31.27,30.5,31.27,14582800,2026-01-03T03:47:03Z
USB,2007-11-27,17.67,17.84,17.37,17.45,26424090,31.06,31.36,30.53,30.68,15031700,2026-01-03T03:47:03Z
USB,2007-11-28,18.54,18.69,17.67,17.77,40424244,32.59,32.85,31.06,31.23,22995800,2026-01-03T03:47:03Z
USB,2007-11-29,18.58,18.69,18.24,18.49,20276130,32.66,32.85,32.06,32.5,11534300,2026-01-03T03:47:03Z
USB,2007-11-30,18.82,19.21,18.7,19.02,23143857,33.09,33.77,32.87,33.44,13165700,2026-01-03T03:47:03Z
USB,2007-12-03,18.73,18.93,18.55,18.91,12970475,32.93,33.28,32.6,33.25,7378400,2026-01-03T03:47:03Z
USB,2007-12-04,18.47,18.73,18.43,18.64,14263876,32.47,32.93,32.4,32.76,8114200,2026-01-03T03:47:03Z
USB,2007-12-05,18.57,18.72,18.25,18.61,23481738,32.64,32.91,32.08,32.71,13357900,2026-01-03T03:47:03Z
USB,2007-12-06,18.85,18.86,18.4,18.56,20262016,33.14,33.15,32.35,32.63,11526300,2026-01-03T03:47:03Z
USB,2007-12-07,18.69,19.06,18.64,18.85,17561206,32.86,33.5,32.76,33.14,9989900,2026-01-03T03:47:03Z
USB,2007-12-10,19.1,19.27,18.78,18.78,19411548,33.58,33.87,33.02,33.02,11042500,2026-01-03T03:47:03Z
USB,2007-12-11,18.69,19.34,18.6,19.3,31174546,32.85,34,32.7,33.93,17734000,2026-01-03T03:47:03Z
USB,2007-12-12,18.89,19.46,18.5,19.14,31993205,33.2,34.21,32.52,33.65,18199700,2026-01-03T03:47:03Z
USB,2007-12-13,18.9,18.97,18.47,18.75,20159366,33.22,33.34,32.47,32.97,11467900,2026-01-03T03:47:03Z
USB,2007-12-14,18.59,19.06,18.57,18.86,16036234,32.68,33.5,32.65,33.15,9122400,2026-01-03T03:47:03Z
USB,2007-12-17,18.1,18.36,17.94,18.17,27518447,31.81,32.27,31.54,31.94,15654200,2026-01-03T03:47:03Z
USB,2007-12-18,17.99,18.43,17.64,18.26,27484723,31.62,32.4,31,32.1,15635000,2026-01-03T03:47:03Z
USB,2007-12-19,17.97,18.28,17.87,18.03,22405548,31.59,32.14,31.42,31.69,12745700,2026-01-03T03:47:03Z
USB,2007-12-20,17.98,18.2,17.74,18.13,20905701,31.6,32,31.19,31.87,11892500,2026-01-03T03:47:03Z
USB,2007-12-21,18.36,18.39,17.98,18.15,26820161,32.28,32.32,31.6,31.91,15257000,2026-01-03T03:47:03Z
USB,2007-12-24,18.51,18.66,18.38,18.38,8029878,32.54,32.81,32.31,32.31,4567900,2026-01-03T03:47:03Z
USB,2007-12-26,18.51,18.57,18.33,18.55,11866655,32.54,32.64,32.23,32.6,6750500,2026-01-03T03:47:03Z
USB,2007-12-27,18.21,18.56,18.17,18.37,14248531,31.6,32.2,31.52,31.87,8212700,2026-01-03T03:47:03Z
USB,2007-12-28,18.34,18.44,18.16,18.4,10830668,31.81,31.99,31.5,31.92,6242700,2026-01-03T03:47:03Z
USB,2007-12-31,18.29,18.47,18.16,18.31,13864411,31.74,32.04,31.5,31.77,7991300,2026-01-03T03:47:03Z
USB,2008-01-02,17.97,18.5,17.89,18.32,18431729,31.18,32.1,31.04,31.79,10623900,2026-01-03T03:47:03Z
USB,2008-01-03,17.48,18.06,17.41,18.06,24280622,30.33,31.34,30.21,31.34,13995100,2026-01-03T03:47:03Z
USB,2008-01-04,16.97,17.41,16.93,17.36,24859414,29.44,30.2,29.38,30.12,14328700,2026-01-03T03:47:03Z
USB,2008-01-07,17.12,17.32,16.82,17.1,20975837,29.71,30.05,29.18,29.67,12090300,2026-01-03T03:47:03Z
USB,2008-01-08,16.39,17.25,16.32,17.25,28067686,28.44,29.92,28.32,29.92,16178000,2026-01-03T03:47:03Z
USB,2008-01-09,16.73,16.73,16.06,16.37,32233090,29.02,29.02,27.86,28.4,18578900,2026-01-03T03:47:03Z
USB,2008-01-10,17.27,17.58,16.38,16.61,27898482,29.97,30.5,28.42,28.82,16080400,2026-01-03T03:47:03Z
USB,2008-01-11,17.21,17.6,16.86,17.15,19734489,29.85,30.53,29.25,29.75,11374800,2026-01-03T03:47:03Z
USB,2008-01-14,17.48,17.53,16.95,17.38,19344999,30.32,30.42,29.41,30.15,11150300,2026-01-03T03:47:03Z
USB,2008-01-15,17.53,17.71,17.03,17.2,30022874,30.42,30.73,29.54,29.85,17304900,2026-01-03T03:47:03Z
USB,2008-01-16,17.89,18.23,17.46,17.48,31044687,31.04,31.62,30.3,30.33,17893900,2026-01-03T03:47:03Z
USB,2008-01-17,17.42,18.14,17.34,18.04,28364483,30.22,31.48,30.08,31.29,16349000,2026-01-03T03:47:03Z
USB,2008-01-18,17.4,17.87,17.03,17.57,36626794,30.19,31.01,29.54,30.49,21111300,2026-01-03T03:47:03Z
USB,2008-01-22,17.69,18.16,16.66,16.71,42951843,30.69,31.5,28.91,29,24757000,2026-01-03T03:47:03Z
USB,2008-01-23,18.85,18.96,16.83,17.38,55570225,32.7,32.9,29.2,30.16,32030200,2026-01-03T03:47:03Z
USB,2008-01-24,19.27,19.37,18.65,18.98,42287124,33.44,33.6,32.35,32.93,24373900,2026-01-03T03:47:03Z
USB,2008-01-25,19,19.57,18.7,19.43,33064441,32.96,33.95,32.45,33.71,19058000,2026-01-03T03:47:03Z
USB,2008-01-28,19.38,19.45,18.73,18.99,21347000,33.63,33.74,32.49,32.94,12304200,2026-01-03T03:47:03Z
USB,2008-01-29,19.55,19.61,19.13,19.47,23644342,33.92,34.03,33.19,33.78,13628400,2026-01-03T03:47:03Z
USB,2008-01-30,19.36,19.89,19.23,19.5,43014667,33.59,34.5,33.37,33.84,24793300,2026-01-03T03:47:03Z
USB,2008-01-31,19.36,19.83,18.81,19.1,34983148,33.59,34.4,32.63,33.13,20164000,2026-01-03T03:47:03Z
USB,2008-02-01,19.6,19.8,19.33,19.61,26686390,34,34.35,33.54,34.03,15381800,2026-01-03T03:47:03Z
USB,2008-02-04,19.04,19.42,18.96,19.42,24893683,33.03,33.7,32.9,33.7,14348500,2026-01-03T03:47:03Z
USB,2008-02-05,18.48,18.83,18.45,18.68,23529510,32.06,32.67,32.01,32.41,13562200,2026-01-03T03:47:03Z
USB,2008-02-06,18.5,18.83,18.41,18.64,19104205,32.09,32.67,31.94,32.34,11011500,2026-01-03T03:47:03Z
USB,2008-02-07,18.8,18.93,18.31,18.36,20995439,32.62,32.84,31.76,31.85,12101600,2026-01-03T03:47:03Z
USB,2008-02-08,18.64,18.9,18.39,18.71,17997839,32.34,32.79,31.9,32.47,10373800,2026-01-03T03:47:03Z
USB,2008-02-11,18.5,18.72,18.32,18.61,14868715,32.09,32.48,31.79,32.28,8570200,2026-01-03T03:47:03Z
USB,2008-02-12,18.85,19.03,18.54,18.65,19425861,32.7,33.02,32.16,32.35,11196900,2026-01-03T03:47:03Z
USB,2008-02-13,18.99,19.02,18.64,18.96,14867527,32.94,33,32.33,32.89,8569500,2026-01-03T03:47:03Z
USB,2008-02-14,18.7,19.12,18.69,18.96,16218524,32.44,33.17,32.42,32.89,9348200,2026-01-03T03:47:03Z
USB,2008-02-15,18.84,18.95,18.48,18.61,16181948,32.68,32.88,32.07,32.29,9327100,2026-01-03T03:47:03Z
USB,2008-02-19,18.68,19.11,18.48,18.95,15582330,32.41,33.16,32.06,32.87,8981500,2026-01-03T03:47:03Z
USB,2008-02-20,18.85,18.95,18.45,18.53,18621547,32.7,32.88,32,32.15,10733300,2026-01-03T03:47:03Z
USB,2008-02-21,18.57,18.97,18.52,18.95,12160333,32.22,32.91,32.14,32.87,7009100,2026-01-03T03:47:03Z
USB,2008-02-22,18.97,19.02,18.28,18.61,17000116,32.91,33,31.71,32.29,9798700,2026-01-03T03:47:03Z
USB,2008-02-25,19.06,19.11,18.55,18.95,16966596,33.06,33.16,32.18,32.87,9779400,2026-01-03T03:47:03Z
USB,2008-02-26,19.16,19.36,18.84,19,15067896,33.25,33.59,32.68,32.96,8685000,2026-01-03T03:47:03Z
USB,2008-02-27,19.3,19.46,18.94,19.02,14311097,33.48,33.77,32.86,33,8248800,2026-01-03T03:47:03Z
USB,2008-02-28,18.92,19.29,18.7,19.15,22073097,32.82,33.46,32.45,33.23,12722700,2026-01-03T03:47:03Z
USB,2008-02-29,18.46,18.83,18.39,18.74,22697663,32.02,32.67,31.9,32.52,13082700,2026-01-03T03:47:03Z
USB,2008-03-03,18.42,18.54,18.01,18.46,17096199,31.95,32.16,31.25,32.02,9854100,2026-01-03T03:47:03Z
USB,2008-03-04,18.35,18.45,18,18.21,20964270,31.83,32,31.22,31.59,12083600,2026-01-03T03:47:03Z
USB,2008-03-05,18.32,18.67,18.05,18.46,20432838,31.78,32.39,31.32,32.03,11777300,2026-01-03T03:47:03Z
USB,2008-03-06,17.93,18.3,17.89,18.25,18604690,31.1,31.75,31.04,31.67,10723600,2026-01-03T03:47:03Z
USB,2008-03-07,17.8,18.24,17.52,17.82,27399364,30.88,31.64,30.4,30.91,15792700,2026-01-03T03:47:03Z
USB,2008-03-10,17.63,18.1,17.52,17.85,18365312,30.59,31.41,30.4,30.97,10585600,2026-01-03T03:47:03Z
USB,2008-03-11,18.93,18.96,17.95,18.16,32428929,32.85,32.9,31.15,31.51,18691700,2026-01-03T03:47:03Z
USB,2008-03-12,18.63,19.37,18.61,18.94,24692861,32.32,33.61,32.28,32.86,14232700,2026-01-03T03:47:03Z
USB,2008-03-13,18.83,19.02,18.08,18.38,26387459,32.67,33,31.37,31.89,15209500,2026-01-03T03:47:03Z
USB,2008-03-14,18.2,19.08,17.97,19,30745043,31.57,33.1,31.18,32.97,17721200,2026-01-03T03:47:03Z
USB,2008-03-17,18.78,18.94,17.4,17.41,35171058,32.59,32.86,30.19,30.2,20272300,2026-01-03T03:47:03Z
USB,2008-03-18,19.39,19.45,18.68,18.92,35203001,33.64,33.75,32.4,32.83,20290700,2026-01-03T03:47:03Z
USB,2008-03-19,18.98,19.6,18.86,19.6,37502952,32.93,34.01,32.72,34.01,21616300,2026-01-03T03:47:03Z
USB,2008-03-20,19.9,19.95,19.04,19.04,55538041,34.52,34.61,33.04,33.04,32011600,2026-01-03T03:47:03Z
USB,2008-03-24,19.98,20.18,19.86,20.02,35941181,34.67,35.01,34.46,34.73,20716200,2026-01-03T03:47:03Z
USB,2008-03-25,20.06,20.17,19.64,19.91,22523394,34.81,34.99,34.07,34.55,12982300,2026-01-03T03:47:03Z
USB,2008-03-26,19.54,20,19.41,20,21586275,33.9,34.7,33.67,34.7,12442100,2026-01-03T03:47:03Z
USB,2008-03-27,19.31,19.97,19.3,19.8,24723272,33.08,34.21,33.07,33.92,14431200,2026-01-03T03:47:03Z
USB,2008-03-28,19.06,19.59,19.03,19.4,15988819,32.66,33.57,32.6,33.23,9332800,2026-01-03T03:47:03Z
USB,2008-03-31,18.89,19.18,18.78,19.02,27795050,32.36,32.86,32.18,32.59,16224200,2026-01-03T03:47:03Z
USB,2008-04-01,19.85,19.89,19.22,19.24,34758316,34.01,34.07,32.92,32.96,20288700,2026-01-03T03:47:03Z
USB,2008-04-02,19.59,19.93,19.5,19.83,21091474,33.56,34.14,33.4,33.98,12311300,2026-01-03T03:47:03Z
USB,2008-04-03,19.74,19.78,19.4,19.41,15256575,33.81,33.88,33.24,33.25,8905400,2026-01-03T03:47:03Z
USB,2008-04-04,19.38,19.81,19.32,19.74,15960210,33.2,33.94,33.1,33.82,9316100,2026-01-03T03:47:03Z
USB,2008-04-07,19.38,19.7,19.3,19.56,13772129,33.2,33.75,33.06,33.51,8038900,2026-01-03T03:47:03Z
USB,2008-04-08,19.14,19.37,19.06,19.28,14351858,32.79,33.19,32.66,33.03,8377300,2026-01-03T03:47:03Z
USB,2008-04-09,18.94,19.34,18.85,19.19,12674333,32.45,33.13,32.29,32.87,7398100,2026-01-03T03:47:03Z
USB,2008-04-10,19.23,19.5,18.86,18.91,18053527,32.95,33.4,32.31,32.39,10538000,2026-01-03T03:47:03Z
USB,2008-04-11,19.04,19.44,18.96,18.96,17011548,32.62,33.3,32.49,32.49,9929800,2026-01-03T03:47:03Z
USB,2008-04-14,18.49,19.15,18.49,18.96,25242667,31.67,32.8,31.67,32.48,14734400,2026-01-03T03:47:03Z
USB,2008-04-15,18.8,19.09,18.19,18.77,28382927,32.21,32.71,31.16,32.16,16567400,2026-01-03T03:47:03Z
USB,2008-04-16,19.32,19.32,18.94,19.18,21920645,33.1,33.1,32.45,32.86,12795300,2026-01-03T03:47:03Z
USB,2008-04-17,19.47,19.55,19.06,19.21,17842996,33.36,33.5,32.65,32.91,10415100,2026-01-03T03:47:03Z
USB,2008-04-18,19.59,19.97,19.45,19.76,23477250,33.56,34.22,33.33,33.86,13703900,2026-01-03T03:47:03Z
USB,2008-04-21,19.42,19.61,19.18,19.52,12988149,33.27,33.6,32.86,33.44,7581300,2026-01-03T03:47:03Z
USB,2008-04-22,19.5,19.62,19.2,19.43,15250736,33.4,33.62,32.89,33.29,8902000,2026-01-03T03:47:03Z
USB,2008-04-23,19.51,19.64,19.34,19.49,17456862,33.42,33.64,33.13,33.39,10189700,2026-01-03T03:47:03Z
USB,2008-04-24,20.12,20.28,19.51,19.51,30975957,34.47,34.75,33.43,33.43,18080900,2026-01-03T03:47:03Z
USB,2008-04-25,20.37,20.41,19.83,20.22,21405363,34.89,34.96,33.97,34.64,12494500,2026-01-03T03:47:03Z
USB,2008-04-28,20.23,20.46,20.19,20.37,25123498,34.65,35.05,34.59,34.9,14664800,2026-01-03T03:47:03Z
USB,2008-04-29,20,20.31,19.96,20.28,16438848,34.27,34.8,34.2,34.75,9595500,2026-01-03T03:47:03Z
USB,2008-04-30,19.78,20.13,19.55,20.09,30494642,33.89,34.49,33.5,34.41,17800000,2026-01-03T03:47:03Z
USB,2008-05-01,20.39,20.44,19.72,19.78,24598282,34.93,35.02,33.79,33.89,14358200,2026-01-03T03:47:03Z
USB,2008-05-02,20.2,20.58,20.05,20.58,20679855,34.6,35.25,34.35,35.25,12071000,2026-01-03T03:47:03Z
USB,2008-05-05,20.11,20.25,19.98,20.11,12167028,34.46,34.7,34.23,34.45,7102000,2026-01-03T03:47:03Z
USB,2008-05-06,20.05,20.2,19.66,19.97,19360849,34.35,34.61,33.69,34.21,11301100,2026-01-03T03:47:03Z
USB,2008-05-07,19.67,20.19,19.58,20.12,19267471,33.7,34.59,33.54,34.47,11246600,2026-01-03T03:47:03Z
USB,2008-05-08,19.56,19.77,19.37,19.71,18394941,33.51,33.87,33.19,33.76,10737300,2026-01-03T03:47:03Z
USB,2008-05-09,19.58,19.85,19.26,19.45,13406875,33.55,34.01,33,33.33,7825700,2026-01-03T03:47:03Z
USB,2008-05-12,19.96,19.99,19.61,19.67,16670333,34.2,34.24,33.6,33.7,9730600,2026-01-03T03:47:03Z
USB,2008-05-13,19.84,20.08,19.78,19.99,20456737,33.99,34.4,33.88,34.25,11940800,2026-01-03T03:47:03Z
USB,2008-05-14,20.02,20.12,19.84,20.02,15990173,34.3,34.47,33.99,34.3,9333600,2026-01-03T03:47:03Z
USB,2008-05-15,20.08,20.08,19.7,20.06,18012905,34.4,34.4,33.75,34.37,10514300,2026-01-03T03:47:03Z
USB,2008-05-16,19.79,20.16,19.56,20.16,17744604,33.91,34.53,33.51,34.53,10357700,2026-01-03T03:47:03Z
USB,2008-05-19,19.81,20.08,19.65,19.8,18278327,33.93,34.4,33.66,33.92,10669200,2026-01-03T03:47:03Z
USB,2008-05-20,19.44,19.73,19.39,19.68,16967709,33.3,33.81,33.21,33.71,9904200,2026-01-03T03:47:03Z
USB,2008-05-21,19.23,19.6,19.12,19.51,22988650,32.94,33.58,32.76,33.42,13418700,2026-01-03T03:47:03Z
USB,2008-05-22,19.4,19.51,19.22,19.29,18347144,33.24,33.42,32.92,33.04,10709400,2026-01-03T03:47:03Z
USB,2008-05-23,19.08,19.35,19.06,19.35,15736103,32.68,33.15,32.66,33.15,9185300,2026-01-03T03:47:03Z
USB,2008-05-27,19.22,19.37,18.96,19.12,14814572,32.92,33.18,32.49,32.76,8647400,2026-01-03T03:47:03Z
USB,2008-05-28,19.2,19.34,18.86,19.27,19744929,32.89,33.13,32.31,33.01,11525300,2026-01-03T03:47:03Z
USB,2008-05-29,19.43,19.5,19.12,19.2,14409774,33.28,33.41,32.75,32.89,8411100,2026-01-03T03:47:03Z
USB,2008-05-30,19.37,19.49,19.23,19.44,16140063,33.19,33.39,32.95,33.31,9421100,2026-01-03T03:47:03Z
USB,2008-06-02,19.13,19.32,18.92,19.26,13839633,32.77,33.09,32.42,33,8078300,2026-01-03T03:47:03Z
USB,2008-06-03,19.17,19.34,18.94,19.17,18593515,32.84,33.13,32.44,32.84,10853200,2026-01-03T03:47:03Z
USB,2008-06-04,19.17,19.32,18.96,19.06,19145673,32.84,33.1,32.49,32.66,11175500,2026-01-03T03:47:03Z
USB,2008-06-05,19.57,19.58,19.16,19.21,19280007,33.52,33.54,32.82,32.91,11253900,2026-01-03T03:47:03Z
USB,2008-06-06,18.72,19.42,18.68,19.42,27082057,32.07,33.27,32,33.27,15808000,2026-01-03T03:47:03Z
USB,2008-06-09,18.07,18.82,17.89,18.76,27984483,30.95,32.25,30.64,32.14,16334800,2026-01-03T03:47:03Z
USB,2008-06-10,18.23,18.46,17.85,17.9,25197701,31.23,31.63,30.58,30.67,14708100,2026-01-03T03:47:03Z
USB,2008-06-11,17.83,18.34,17.65,18.23,25409763,30.55,31.42,30.24,31.23,14831900,2026-01-03T03:47:03Z
USB,2008-06-12,18.16,18.56,17.9,17.9,24436694,31.12,31.8,30.66,30.66,14263900,2026-01-03T03:47:03Z
USB,2008-06-13,18,18.5,17.52,18.38,39398675,30.83,31.7,30.02,31.48,22997300,2026-01-03T03:47:03Z
USB,2008-06-16,18.32,18.42,17.7,17.91,25469010,31.38,31.55,30.33,30.69,14866500,2026-01-03T03:47:03Z
USB,2008-06-17,17.9,18.57,17.87,18.45,22268527,30.67,31.81,30.61,31.6,12998300,2026-01-03T03:47:03Z
USB,2008-06-18,17.52,17.83,17.34,17.69,38649412,30.01,30.54,29.7,30.3,22560000,2026-01-03T03:47:03Z
USB,2008-06-19,17.46,17.61,17.07,17.51,41021576,29.92,30.16,29.25,30,23944700,2026-01-03T03:47:03Z
USB,2008-06-20,17.32,17.68,16.81,16.81,45104960,29.67,30.28,28.8,28.8,26328100,2026-01-03T03:47:03Z
USB,2008-06-23,16.87,17.42,16.78,17.36,28131125,28.9,29.85,28.75,29.75,16420400,2026-01-03T03:47:03Z
USB,2008-06-24,17.47,17.58,16.72,16.82,31387061,29.93,30.12,28.65,28.81,18320900,2026-01-03T03:47:03Z
USB,2008-06-25,17.48,18.12,17.38,17.57,40557477,29.94,31.05,29.78,30.1,23673700,2026-01-03T03:47:03Z
USB,2008-06-26,16.96,17.7,16.96,17.4,39904229,28.65,29.89,28.64,29.38,23627900,2026-01-03T03:47:03Z
USB,2008-06-27,16.76,17.12,16.67,17.02,31079239,28.31,28.91,28.15,28.74,18402400,2026-01-03T03:47:03Z
USB,2008-06-30,16.51,17.02,16.45,16.82,32338821,27.89,28.74,27.78,28.41,19148200,2026-01-03T03:47:03Z
USB,2008-07-01,16.82,16.86,16.17,16.35,36791813,28.4,28.48,27.31,27.62,21784900,2026-01-03T03:47:03Z
USB,2008-07-02,16.64,17.21,16.63,16.88,29908100,28.1,29.07,28.08,28.51,17709000,2026-01-03T03:47:03Z
USB,2008-07-03,16.38,17.03,16.34,16.75,22554770,27.67,28.76,27.59,28.29,13355000,2026-01-03T03:47:03Z
USB,2008-07-07,15.93,16.7,15.66,16.5,43734789,26.91,28.2,26.44,27.86,25896000,2026-01-03T03:47:03Z
USB,2008-07-08,16.6,16.7,15.61,15.98,49927818,28.04,28.2,26.37,26.99,29563000,2026-01-03T03:47:03Z
USB,2008-07-09,15.69,16.77,15.62,16.66,35185621,26.49,28.33,26.38,28.14,20833900,2026-01-03T03:47:03Z
USB,2008-07-10,15.53,15.99,15.35,15.66,44596394,26.22,27,25.92,26.44,26406100,2026-01-03T03:47:03Z
USB,2008-07-11,15.24,16.1,14.8,15.28,54995374,25.74,27.19,25,25.8,32563500,2026-01-03T03:47:03Z
USB,2008-07-14,13.81,15.93,13.71,15.76,76062822,23.33,26.9,23.15,26.61,45037800,2026-01-03T03:47:03Z
USB,2008-07-15,13.44,14.21,12.18,12.35,117417987,22.7,24,20.57,20.86,69524896,2026-01-03T03:47:03Z
USB,2008-07-16,15.83,15.88,13.58,13.8,82552661,26.74,26.81,22.94,23.3,48880500,2026-01-03T03:47:03Z
USB,2008-07-17,16.31,17.64,15.61,16.22,78383307,27.54,29.79,26.36,27.4,46411800,2026-01-03T03:47:03Z
USB,2008-07-18,16.81,17.11,15.93,16.34,56948884,28.39,28.89,26.9,27.59,33720200,2026-01-03T03:47:03Z
USB,2008-07-21,16.14,17.09,16.08,17.08,46493264,27.25,28.86,27.15,28.85,27529300,2026-01-03T03:47:03Z
USB,2008-07-22,17.99,18.09,15.67,16,71028303,30.38,30.56,26.47,27.03,42056800,2026-01-03T03:47:03Z
USB,2008-07-23,18.12,18.58,17.44,17.7,68341524,30.6,31.38,29.46,29.9,40466000,2026-01-03T03:47:03Z
USB,2008-07-24,17.19,18.23,17.17,18.16,48814331,29.03,30.79,29,30.67,28903700,2026-01-03T03:47:03Z
USB,2008-07-25,17.11,17.61,16.71,17.2,31424342,28.9,29.74,28.23,29.05,18606800,2026-01-03T03:47:03Z
USB,2008-07-28,16.49,17.61,16.41,17.11,34397546,27.85,29.74,27.72,28.89,20367300,2026-01-03T03:47:03Z
USB,2008-07-29,17.78,17.79,16.33,16.6,42504397,30.02,30.05,27.58,28.04,25167500,2026-01-03T03:47:03Z
USB,2008-07-30,18.37,18.43,17.79,18.01,43030728,31.03,31.13,30.04,30.41,25479100,2026-01-03T03:47:03Z
USB,2008-07-31,18.12,18.5,17.98,18.21,36249797,30.61,31.25,30.36,30.76,21464000,2026-01-03T03:47:03Z
USB,2008-08-01,18.24,18.34,17.59,18.26,28961161,30.8,30.97,29.71,30.84,17148300,2026-01-03T03:47:03Z
USB,2008-08-04,18.04,18.34,17.66,18.01,21831285,30.47,30.98,29.82,30.42,12926600,2026-01-03T03:47:03Z
USB,2008-08-05,18.91,18.95,18.01,18.23,30389078,31.93,32,30.42,30.78,17993800,2026-01-03T03:47:03Z
USB,2008-08-06,18.84,18.97,18.44,18.65,28144191,31.82,32.04,31.15,31.5,16664600,2026-01-03T03:47:03Z
USB,2008-08-07,18.02,18.88,17.72,18.74,36534577,30.43,31.88,29.92,31.65,21632600,2026-01-03T03:47:03Z
USB,2008-08-08,18.63,18.79,17.86,17.96,26399993,31.46,31.74,30.16,30.33,15631800,2026-01-03T03:47:03Z
USB,2008-08-11,18.94,19.21,18.41,18.65,28438788,31.98,32.44,31.1,31.5,16839000,2026-01-03T03:47:03Z
USB,2008-08-12,18.05,18.8,17.86,18.63,31095628,30.49,31.75,30.17,31.46,18412100,2026-01-03T03:47:03Z
USB,2008-08-13,17.79,18.14,17.31,17.9,34951388,30.04,30.64,29.23,30.23,20695200,2026-01-03T03:47:03Z
USB,2008-08-14,18.15,18.17,17.53,17.65,21801199,30.65,30.69,29.6,29.81,12908800,2026-01-03T03:47:03Z
USB,2008-08-15,18.7,18.78,18.21,18.24,28376383,31.58,31.71,30.75,30.81,16802000,2026-01-03T03:47:03Z
USB,2008-08-18,18.16,18.78,17.94,18.74,27842328,30.67,31.71,30.3,31.65,16485800,2026-01-03T03:47:03Z
USB,2008-08-19,17.42,17.99,17.21,17.92,29386222,29.42,30.38,29.06,30.27,17400000,2026-01-03T03:47:03Z
USB,2008-08-20,18.02,18.06,17.13,17.46,38505825,30.43,30.5,28.93,29.48,22799800,2026-01-03T03:47:03Z
USB,2008-08-21,17.86,18.04,17.56,17.64,22644697,30.16,30.47,29.66,29.79,13408200,2026-01-03T03:47:03Z
USB,2008-08-22,18.62,18.65,18.09,18.09,30665319,31.44,31.5,30.56,30.56,18157400,2026-01-03T03:47:03Z
USB,2008-08-25,17.9,18.55,17.83,18.55,22713878,30.23,31.32,30.12,31.32,13449200,2026-01-03T03:47:03Z
USB,2008-08-26,18.04,18.32,17.55,17.92,21993416,30.47,30.94,29.64,30.26,13022600,2026-01-03T03:47:03Z
USB,2008-08-27,18.39,18.43,17.86,17.99,17705938,31.06,31.12,30.16,30.39,10483900,2026-01-03T03:47:03Z
USB,2008-08-28,19.02,19.02,18.52,18.62,34822519,32.12,32.12,31.27,31.45,20618900,2026-01-03T03:47:03Z
USB,2008-08-29,18.86,19.01,18.72,18.85,24075498,31.86,32.1,31.61,31.83,14255400,2026-01-03T03:47:03Z
USB,2008-09-02,19.17,19.37,18.85,19.2,38521019,32.37,32.72,31.84,32.43,22808800,2026-01-03T03:47:03Z
USB,2008-09-03,19.51,19.54,18.89,19.02,37033685,32.95,33,31.9,32.12,21928100,2026-01-03T03:47:03Z
USB,2008-09-04,18.74,19.54,18.69,19.3,38389921,31.65,33,31.57,32.6,22731200,2026-01-03T03:47:03Z
USB,2008-09-05,19.39,19.46,18.34,18.54,37978863,32.74,32.87,30.97,31.31,22487800,2026-01-03T03:47:03Z
USB,2008-09-08,20.1,20.22,19.24,19.84,64222416,33.94,34.15,32.49,33.5,38026900,2026-01-03T03:47:03Z
USB,2008-09-09,18.98,20.04,18.56,19.74,71501848,32.06,33.84,31.35,33.34,42337300,2026-01-03T03:47:03Z
USB,2008-09-10,18.86,19.41,18.07,18.95,42263549,31.85,32.78,30.52,32.01,25024800,2026-01-03T03:47:03Z
USB,2008-09-11,19.92,19.94,18.1,18.3,52126658,33.64,33.67,30.57,30.91,30864900,2026-01-03T03:47:03Z
USB,2008-09-12,20.03,20.13,19.49,19.61,47144341,33.83,34,32.92,33.11,27914800,2026-01-03T03:47:03Z
USB,2008-09-15,19.55,20.43,19.04,19.1,71355026,33.02,34.5,32.15,32.25,42250300,2026-01-03T03:47:03Z
USB,2008-09-16,20.88,20.93,18.94,18.95,79947507,35.27,35.35,31.99,32.01,47337900,2026-01-03T03:47:03Z
USB,2008-09-17,19.74,20.87,19.41,20.48,80505197,33.34,35.25,32.78,34.59,47668300,2026-01-03T03:47:03Z
USB,2008-09-18,21.77,22.53,19.42,20.23,127136362,36.77,38.05,32.8,34.17,75279104,2026-01-03T03:47:03Z
USB,2008-09-19,22.49,25,21.04,24.89,76935901,37.99,42.23,35.54,42.03,45554800,2026-01-03T03:47:03Z
USB,2008-09-22,20.72,21.91,20.25,21.39,30678872,35,37,34.2,36.12,18165400,2026-01-03T03:47:03Z
USB,2008-09-23,20.14,21.11,20.07,20.32,19579503,34.01,35.66,33.89,34.31,11593300,2026-01-03T03:47:03Z
USB,2008-09-24,20.04,20.65,19.97,20.46,21100390,33.85,34.88,33.73,34.55,12493800,2026-01-03T03:47:03Z
USB,2008-09-25,20.91,21.46,20.22,20.48,24819431,35.31,36.25,34.15,34.58,14695900,2026-01-03T03:47:03Z
USB,2008-09-26,21.7,21.74,20.41,20.59,29820000,36.2,36.27,34.06,34.36,17871900,2026-01-03T03:47:03Z
USB,2008-09-29,19.63,21.88,19.63,21.64,39943886,32.75,36.51,32.75,36.1,23939500,2026-01-03T03:47:03Z
USB,2008-09-30,21.59,21.86,19.86,20.25,40211863,36.02,36.48,33.14,33.79,24100100,2026-01-03T03:47:03Z
USB,2008-10-01,21.98,22.2,21.1,21.25,33637252,36.68,37.04,35.21,35.45,20159700,2026-01-03T03:47:03Z
USB,2008-10-02,21.76,22.3,21.62,21.87,27847354,36.31,37.2,36.07,36.49,16689700,2026-01-03T03:47:03Z
USB,2008-10-03,21.01,22.36,20.92,22.05,39101203,35.06,37.31,34.91,36.8,23434400,2026-01-03T03:47:03Z
USB,2008-10-06,20.86,21.49,19.82,20.21,30430603,34.8,35.85,33.07,33.73,18237900,2026-01-03T03:47:03Z
USB,2008-10-07,19.06,21.04,19.06,20.54,31802503,31.8,35.1,31.8,34.27,19060100,2026-01-03T03:47:03Z
USB,2008-10-08,18.48,20.08,17.98,18.07,36726431,30.83,33.51,30,30.15,22011200,2026-01-03T03:47:03Z
USB,2008-10-09,17.34,19.3,16.26,19.3,54710965,28.93,32.21,27.13,32.21,32789700,2026-01-03T03:47:03Z
USB,2008-10-10,18.2,18.91,16.03,16.18,71924382,30.36,31.55,26.75,27,43106300,2026-01-03T03:47:03Z
USB,2008-10-13,18.73,19.78,17.53,19.57,44413242,31.25,33,29.25,32.66,26618100,2026-01-03T03:47:03Z
USB,2008-10-14,18.85,19.77,17.89,19.13,51443778,31.46,32.99,29.85,31.92,30831600,2026-01-03T03:47:03Z
USB,2008-10-15,18.06,19.41,17.61,18.63,36954331,30.13,32.39,29.38,31.08,22147700,2026-01-03T03:47:03Z
USB,2008-10-16,18.5,18.75,16.84,18.23,35032341,30.87,31.28,28.09,30.41,20995800,2026-01-03T03:47:03Z
USB,2008-10-17,18.31,19.02,17.85,18.04,31486384,30.55,31.74,29.79,30.1,18870600,2026-01-03T03:47:03Z
USB,2008-10-20,18.65,18.77,17.8,18.77,23698193,31.12,31.31,29.7,31.31,14203000,2026-01-03T03:47:03Z
USB,2008-10-21,18.1,18.85,17.68,18.15,29188032,30.2,31.45,29.5,30.28,17493200,2026-01-03T03:47:03Z
USB,2008-10-22,16.85,18.24,16.43,17.74,34855227,28.11,30.43,27.41,29.6,20889700,2026-01-03T03:47:03Z
USB,2008-10-23,17.19,17.63,16.4,17.24,38936505,28.68,29.41,27.37,28.76,23335700,2026-01-03T03:47:03Z
USB,2008-10-24,17.65,18.47,15.5,15.91,37130439,29.45,30.82,25.86,26.55,22253300,2026-01-03T03:47:03Z
USB,2008-10-27,17.27,18.29,17.08,17.12,24704716,28.82,30.52,28.5,28.56,14806200,2026-01-03T03:47:03Z
USB,2008-10-28,18.47,18.55,16.78,17.88,34195779,30.82,30.95,28,29.83,20494500,2026-01-03T03:47:03Z
USB,2008-10-29,17.4,18.41,17.32,18.33,36414268,29.03,30.71,28.89,30.58,21824100,2026-01-03T03:47:03Z
USB,2008-10-30,17.26,18.18,16.96,18.18,28174132,28.8,30.33,28.3,30.33,16885500,2026-01-03T03:47:03Z
USB,2008-10-31,17.87,18.01,16.8,17.14,33300422,29.81,30.05,28.04,28.6,19957800,2026-01-03T03:47:03Z
USB,2008-11-03,18.16,18.43,17.62,17.74,19650216,30.3,30.75,29.4,29.6,11776900,2026-01-03T03:47:03Z
USB,2008-11-04,19.3,19.39,18.32,18.45,30988973,32.2,32.35,30.56,30.78,18572500,2026-01-03T03:47:03Z
USB,2008-11-05,17.82,19.06,17.68,18.98,25963776,29.73,31.8,29.5,31.67,15560800,2026-01-03T03:47:03Z
USB,2008-11-06,16.8,18.28,16.66,17.65,33065659,28.03,30.5,27.79,29.45,19817100,2026-01-03T03:47:03Z
USB,2008-11-07,16.31,17.13,15.74,16.96,37694254,27.21,28.58,26.27,28.3,22591200,2026-01-03T03:47:03Z
USB,2008-11-10,16.49,16.82,16.19,16.69,20726731,27.51,28.07,27.01,27.85,12422100,2026-01-03T03:47:03Z
USB,2008-11-11,15.94,16.64,15.76,16.11,27322144,26.6,27.76,26.3,26.88,16374900,2026-01-03T03:47:03Z
USB,2008-11-12,15.09,15.96,15.01,15.64,35614352,25.17,26.63,25.05,26.09,21344700,2026-01-03T03:47:03Z
USB,2008-11-13,16.41,16.54,14.8,15.26,46411484,27.38,27.6,24.7,25.46,27815700,2026-01-03T03:47:03Z
USB,2008-11-14,15.76,16.87,15.57,16.11,28946968,26.3,28.15,25.98,26.88,17348700,2026-01-03T03:47:03Z
USB,2008-11-17,15.46,16.12,15.36,15.61,27697632,25.8,26.9,25.63,26.05,16599900,2026-01-03T03:47:03Z
USB,2008-11-18,15.42,15.65,14.69,15.52,32288515,25.73,26.11,24.51,25.9,19351400,2026-01-03T03:47:03Z
USB,2008-11-19,14.16,15.55,14.02,15.23,34408104,23.62,25.94,23.39,25.41,20621700,2026-01-03T03:47:03Z
USB,2008-11-20,13.26,14.65,12.97,13.85,63715866,22.12,24.45,21.65,23.11,38186600,2026-01-03T03:47:03Z
USB,2008-11-21,13.5,14.1,12.12,13.5,63406463,22.53,23.53,20.22,22.53,38001100,2026-01-03T03:47:03Z
USB,2008-11-24,15.04,15.22,14.17,14.19,54412391,25.1,25.39,23.64,23.68,32610800,2026-01-03T03:47:03Z
USB,2008-11-25,15.12,15.51,14.58,15.46,47087043,25.23,25.88,24.33,25.79,28220500,2026-01-03T03:47:03Z
USB,2008-11-26,15.86,15.89,14.62,14.83,32894045,26.46,26.52,24.39,24.74,19714300,2026-01-03T03:47:03Z
USB,2008-11-28,16.17,16.33,15.55,15.83,12160763,26.98,27.24,25.95,26.42,7288300,2026-01-03T03:47:03Z
USB,2008-12-01,14.21,15.76,14.1,15.56,36974750,23.71,26.29,23.53,25.96,22159900,2026-01-03T03:47:03Z
USB,2008-12-02,15.44,15.67,13.91,14.64,42881980,25.77,26.14,23.21,24.42,25700400,2026-01-03T03:47:03Z
USB,2008-12-03,16.73,16.93,14.82,14.83,44667311,27.91,28.25,24.73,24.75,26770300,2026-01-03T03:47:03Z
USB,2008-12-04,16.12,17.14,15.82,16.28,33607368,26.89,28.59,26.4,27.17,20141800,2026-01-03T03:47:03Z
USB,2008-12-05,17.33,17.48,15.61,15.79,35804878,28.91,29.16,26.04,26.34,21458900,2026-01-03T03:47:03Z
USB,2008-12-08,17.67,17.92,17.07,17.67,31373441,29.49,29.9,28.48,29.49,18803000,2026-01-03T03:47:03Z
USB,2008-12-09,16.84,17.51,16.67,17.34,29463360,28.1,29.22,27.81,28.93,17658200,2026-01-03T03:47:03Z
USB,2008-12-10,16.58,17.14,16.14,17.04,21504757,27.67,28.59,26.93,28.43,12888400,2026-01-03T03:47:03Z
USB,2008-12-11,14.89,15.83,14.81,15.61,39183389,24.85,26.42,24.71,26.04,23483700,2026-01-03T03:47:03Z
USB,2008-12-12,15.49,15.52,14.4,14.73,28289749,25.84,25.9,24.03,24.57,16954800,2026-01-03T03:47:03Z
USB,2008-12-15,14.34,15.5,14.14,15.46,26716792,23.93,25.86,23.59,25.8,16012100,2026-01-03T03:47:03Z
USB,2008-12-16,15.62,15.67,14.63,14.78,37684659,26.07,26.14,24.41,24.66,22585500,2026-01-03T03:47:03Z
USB,2008-12-17,15.1,15.56,14.73,15.36,32835420,25.2,25.96,24.57,25.63,19679100,2026-01-03T03:47:03Z
USB,2008-12-18,14.7,15.69,14.6,15.17,31085015,24.53,26.18,24.36,25.31,18630100,2026-01-03T03:47:03Z
USB,2008-12-19,14.89,15.43,14.53,14.94,40886796,24.85,25.74,24.25,24.92,24504600,2026-01-03T03:47:03Z
USB,2008-12-22,14.13,14.99,14.05,14.93,26330771,23.57,25.01,23.44,24.91,15780700,2026-01-03T03:47:03Z
USB,2008-12-23,13.87,14.38,13.8,14.24,22998340,23.14,24,23.03,23.76,13783500,2026-01-03T03:47:03Z
USB,2008-12-24,14.38,14.42,14.11,14.28,9736390,23.99,24.06,23.55,23.83,5835300,2026-01-03T03:47:03Z
USB,2008-12-26,14.53,14.72,14.29,14.68,9792303,24.25,24.56,23.85,24.5,5868800,2026-01-03T03:47:03Z
USB,2008-12-29,14.46,14.63,14.19,14.58,11772788,23.71,23.99,23.26,23.9,7181600,2026-01-03T03:47:03Z
USB,2008-12-30,14.71,14.73,14.38,14.54,16622498,24.11,24.15,23.57,23.83,10140000,2026-01-03T03:47:03Z
USB,2008-12-31,15.26,15.35,14.59,14.59,17610734,25.01,25.17,23.91,23.91,10742900,2026-01-03T03:47:03Z
USB,2009-01-02,15.4,15.51,14.87,15.28,17841388,25.25,25.43,24.38,25.04,10883600,2026-01-03T03:47:03Z
USB,2009-01-05,14.65,15.32,14.6,15.29,23060354,24.01,25.12,23.93,25.07,14067200,2026-01-03T03:47:03Z
USB,2009-01-06,14.49,14.98,14.26,14.85,26231571,23.75,24.55,23.38,24.34,16001700,2026-01-03T03:47:03Z
USB,2009-01-07,14.26,14.59,14.2,14.34,27297268,23.37,23.91,23.28,23.51,16651800,2026-01-03T03:47:03Z
USB,2009-01-08,14.13,14.31,13.99,14.18,19049132,23.16,23.46,22.93,23.25,11620300,2026-01-03T03:47:03Z
USB,2009-01-09,13.63,14.23,13.55,14.15,20447925,22.35,23.32,22.22,23.2,12473600,2026-01-03T03:47:03Z
USB,2009-01-12,13.23,13.87,13.07,13.79,29761723,21.68,22.74,21.42,22.6,18155200,2026-01-03T03:47:03Z
USB,2009-01-13,13.54,13.88,12.99,13.07,34195384,22.19,22.75,21.3,21.42,20859800,2026-01-03T03:47:03Z
USB,2009-01-14,12.85,13.21,12.81,13.1,33765670,21.07,21.65,21,21.47,20597700,2026-01-03T03:47:03Z
USB,2009-01-15,11.6,12.94,11.41,12.94,72344033,19.02,21.21,18.7,21.21,44131000,2026-01-03T03:47:03Z
USB,2009-01-16,11.18,12.19,10.77,11.94,65830037,18.32,19.98,17.66,19.57,40157400,2026-01-03T03:47:03Z
USB,2009-01-20,9.36,10.93,9.36,10.54,83276343,15.34,17.91,15.34,17.28,50800200,2026-01-03T03:47:03Z
USB,2009-01-21,9.82,10.07,7.2,9.97,194602581,16.09,16.51,11.8,16.35,118711200,2026-01-03T03:47:03Z
USB,2009-01-22,8.47,9.64,8.38,9.11,90430567,13.88,15.81,13.74,14.94,55164600,2026-01-03T03:47:03Z
USB,2009-01-23,8.93,9.06,7.9,8.04,59466691,14.64,14.85,12.95,13.18,36275900,2026-01-03T03:47:03Z
USB,2009-01-26,7.94,9.08,7.66,8.75,65757362,13.01,14.88,12.56,14.35,40113000,2026-01-03T03:47:03Z
USB,2009-01-27,8.36,8.39,7.66,7.83,51516348,13.7,13.76,12.56,12.83,31426100,2026-01-03T03:47:03Z
USB,2009-01-28,9.33,9.46,8.65,9.17,90313159,15.29,15.5,14.18,15.03,55092800,2026-01-03T03:47:03Z
USB,2009-01-29,8.98,9.46,8.71,8.99,61769085,14.72,15.51,14.27,14.73,37680400,2026-01-03T03:47:03Z
USB,2009-01-30,9.05,9.36,8.87,9.15,50154894,14.84,15.34,14.54,15,30595500,2026-01-03T03:47:03Z
USB,2009-02-02,9.32,9.44,8.64,8.83,50415095,15.28,15.48,14.16,14.48,30754200,2026-01-03T03:47:03Z
USB,2009-02-03,8.61,9.6,8.43,9.43,51970317,14.11,15.73,13.82,15.45,31703000,2026-01-03T03:47:03Z
USB,2009-02-04,8.64,9.03,8.54,8.77,48299797,14.17,14.8,14,14.38,29463900,2026-01-03T03:47:03Z
USB,2009-02-05,9.14,9.39,8.31,8.57,63950032,14.99,15.39,13.62,14.05,39010800,2026-01-03T03:47:03Z
USB,2009-02-06,9.88,9.99,9.19,9.21,58152661,16.19,16.37,15.06,15.09,35474200,2026-01-03T03:47:03Z
USB,2009-02-09,10.19,10.51,9.71,10,41310747,16.71,17.23,15.91,16.39,25200300,2026-01-03T03:47:03Z
USB,2009-02-10,8.78,10.19,8.71,10.02,63133582,14.4,16.71,14.28,16.43,38512800,2026-01-03T03:47:03Z
USB,2009-02-11,9.14,9.3,8.83,9.14,38689875,14.99,15.24,14.48,14.99,23601600,2026-01-03T03:47:03Z
USB,2009-02-12,8.33,8.95,7.78,8.8,80420055,13.66,14.67,12.75,14.42,49058000,2026-01-03T03:47:03Z
USB,2009-02-13,7.56,8.29,7.55,8.05,72175141,12.4,13.59,12.37,13.2,44028000,2026-01-03T03:47:03Z
USB,2009-02-17,6.55,7.2,6.54,7,84846588,10.73,11.8,10.72,11.47,51758000,2026-01-03T03:47:03Z
USB,2009-02-18,6.72,7.04,6.16,6.86,72720297,11.02,11.54,10.09,11.25,44360700,2026-01-03T03:47:03Z
USB,2009-02-19,6.64,7.02,6.54,6.84,59558860,10.88,11.51,10.73,11.21,36332000,2026-01-03T03:47:03Z
USB,2009-02-20,6.45,6.7,5.92,6.22,102002573,10.58,10.98,9.71,10.2,62223500,2026-01-03T03:47:03Z
USB,2009-02-23,6.91,7.32,6.58,6.83,78248225,11.33,12,10.78,11.19,47732800,2026-01-03T03:47:03Z
USB,2009-02-24,7.65,7.76,6.42,6.79,99748704,12.54,12.72,10.52,11.13,60848300,2026-01-03T03:47:03Z
USB,2009-02-25,7.78,8.14,6.75,7.59,103002595,12.76,13.35,11.07,12.44,62833200,2026-01-03T03:47:03Z
USB,2009-02-26,9.1,9.21,8,8.11,120253408,14.91,15.09,13.12,13.3,73357000,2026-01-03T03:47:03Z
USB,2009-02-27,8.73,9.05,8.17,8.2,82259636,14.31,14.83,13.4,13.44,50180100,2026-01-03T03:47:03Z
USB,2009-03-02,7.99,8.45,7.94,8.29,50729058,13.1,13.85,13.02,13.59,30945500,2026-01-03T03:47:03Z
USB,2009-03-03,7.67,8.36,7.48,8.21,48883645,12.58,13.7,12.26,13.46,29819800,2026-01-03T03:47:03Z
USB,2009-03-04,6.72,8.1,6.29,8.02,112776312,11.01,13.27,10.32,13.15,68795600,2026-01-03T03:47:03Z
USB,2009-03-05,5.5,6.51,5.2,6.33,179810998,9.01,10.68,8.53,10.37,109688704,2026-01-03T03:47:03Z
USB,2009-03-06,5.38,5.92,4.92,5.64,113250365,8.82,9.7,8.06,9.25,69085296,2026-01-03T03:47:03Z
USB,2009-03-09,6.22,6.31,5.14,5.17,95663960,10.19,10.34,8.42,8.48,58356900,2026-01-03T03:47:03Z
USB,2009-03-10,6.95,6.95,6.53,6.77,97040327,11.4,11.4,10.7,11.1,59196300,2026-01-03T03:47:03Z
USB,2009-03-11,7.58,8.11,6.96,7.41,91351690,12.42,13.3,11.41,12.14,55726000,2026-01-03T03:47:03Z
USB,2009-03-12,8.39,8.53,7.26,7.44,90791182,13.76,13.99,11.91,12.19,55384600,2026-01-03T03:47:03Z
USB,2009-03-13,8.28,8.89,8.03,8.6,74355254,13.57,14.58,13.16,14.09,45357800,2026-01-03T03:47:03Z
USB,2009-03-16,8.41,9.06,8.31,8.56,77515751,13.78,14.85,13.63,14.04,47286300,2026-01-03T03:47:03Z
USB,2009-03-17,8.86,8.88,8.19,8.39,54726509,14.52,14.56,13.43,13.76,33384300,2026-01-03T03:47:03Z
USB,2009-03-18,9.66,9.67,8.41,8.72,85566852,15.83,15.85,13.79,14.29,52197400,2026-01-03T03:47:03Z
USB,2009-03-19,8.7,9.9,8.61,9.89,71035090,14.26,16.23,14.11,16.22,43332900,2026-01-03T03:47:03Z
USB,2009-03-20,8.19,8.93,8.18,8.75,62025858,13.42,14.63,13.41,14.35,37836700,2026-01-03T03:47:03Z
USB,2009-03-23,9.75,9.88,8.61,9.03,77538104,15.99,16.2,14.11,14.81,47299700,2026-01-03T03:47:03Z
USB,2009-03-24,9.14,9.74,8.94,9.28,65554406,14.99,15.96,14.65,15.21,39989500,2026-01-03T03:47:03Z
USB,2009-03-25,9.78,9.81,9.11,9.3,68961333,16.03,16.08,14.93,15.25,42067700,2026-01-03T03:47:03Z
USB,2009-03-26,10.16,10.2,9.27,9.97,73251608,16.66,16.72,15.2,16.34,44684800,2026-01-03T03:47:03Z
USB,2009-03-27,9.57,10.01,9.42,9.72,59303343,15.64,16.36,15.4,15.89,36285000,2026-01-03T03:47:03Z
USB,2009-03-30,8.43,9.15,8.33,9.05,62795798,13.78,14.95,13.61,14.8,38422100,2026-01-03T03:47:03Z
USB,2009-03-31,8.94,9.05,8.54,8.73,52179360,14.61,14.8,13.95,14.27,31926200,2026-01-03T03:47:03Z
USB,2009-04-01,9.12,9.29,8.55,8.56,48721614,14.91,15.19,13.98,13.99,29810700,2026-01-03T03:47:03Z
USB,2009-04-02,9.53,9.73,9.2,9.62,61591236,15.58,15.9,15.03,15.73,37684900,2026-01-03T03:47:03Z
USB,2009-04-03,9.77,9.79,9.15,9.33,39483799,15.97,16,14.96,15.25,24158300,2026-01-03T03:47:03Z
USB,2009-04-06,9.32,9.57,8.96,9.26,35738580,15.24,15.64,14.64,15.13,21866900,2026-01-03T03:47:03Z
USB,2009-04-07,8.82,9.18,8.77,8.95,37937469,14.42,15.01,14.33,14.63,23212100,2026-01-03T03:47:03Z
USB,2009-04-08,8.79,9,8.52,8.94,29887765,14.36,14.71,13.92,14.61,18286900,2026-01-03T03:47:03Z
USB,2009-04-09,10.79,10.82,9.54,10.34,93781880,17.64,17.69,15.6,16.9,57380800,2026-01-03T03:47:03Z
USB,2009-04-13,11.02,11.14,10.26,10.43,52632283,18.01,18.2,16.76,17.04,32203300,2026-01-03T03:47:03Z
USB,2009-04-14,10.13,10.87,10.01,10.62,59782462,16.55,17.76,16.36,17.36,36578200,2026-01-03T03:47:03Z
USB,2009-04-15,10.95,11.02,9.83,10.13,47411334,17.89,18.01,16.07,16.55,29008900,2026-01-03T03:47:03Z
USB,2009-04-16,11.05,11.32,10.43,10.96,48893615,18.06,18.5,17.05,17.91,29915800,2026-01-03T03:47:03Z
USB,2009-04-17,11.38,11.59,10.59,10.91,69565360,18.6,18.94,17.3,17.84,42563900,2026-01-03T03:47:03Z
USB,2009-04-20,9.75,11.04,9.75,10.94,63709822,15.94,18.04,15.94,17.88,38981300,2026-01-03T03:47:03Z
USB,2009-04-21,11.79,11.9,9.33,9.73,96832637,19.27,19.45,15.25,15.9,59247300,2026-01-03T03:47:03Z
USB,2009-04-22,10.8,12,10.74,11.25,86825636,17.65,19.61,17.55,18.39,53124500,2026-01-03T03:47:03Z
USB,2009-04-23,11.24,11.46,10.81,11.03,55174229,18.37,18.73,17.67,18.03,33758700,2026-01-03T03:47:03Z
USB,2009-04-24,11.61,11.77,11.04,11.21,73400652,18.97,19.24,18.04,18.33,44910600,2026-01-03T03:47:03Z
USB,2009-04-27,11.1,11.45,10.99,11.32,43111876,18.14,18.72,17.96,18.5,26378100,2026-01-03T03:47:03Z
USB,2009-04-28,10.82,11.22,10.82,10.89,28989702,17.68,18.34,17.68,17.8,17737500,2026-01-03T03:47:03Z
USB,2009-04-29,11.5,11.6,10.89,10.93,47782959,18.79,18.95,17.8,17.87,29236100,2026-01-03T03:47:03Z
USB,2009-04-30,11.15,11.91,11.06,11.64,48882653,18.22,19.47,18.07,19.03,29909100,2026-01-03T03:47:03Z
USB,2009-05-01,10.99,11.31,10.8,11.12,33127502,17.96,18.48,17.65,18.18,20269200,2026-01-03T03:47:03Z
USB,2009-05-04,12.45,12.45,11.3,11.4,64020720,20.34,20.35,18.47,18.64,39171300,2026-01-03T03:47:03Z
USB,2009-05-05,12.31,12.45,11.72,12.15,42725888,20.12,20.35,19.16,19.86,26142000,2026-01-03T03:47:03Z
USB,2009-05-06,13.03,13.15,12.1,12.59,82059436,21.29,21.5,19.77,20.58,50208500,2026-01-03T03:47:03Z
USB,2009-05-07,11.97,13.41,11.81,13.36,73904824,19.56,21.92,19.31,21.84,45219100,2026-01-03T03:47:03Z
USB,2009-05-08,12.57,12.6,11.62,12.53,74742557,20.54,20.59,19,20.48,45731600,2026-01-03T03:47:03Z
USB,2009-05-11,11.32,12.12,11.3,12.02,70564704,18.5,19.8,18.47,19.64,43175300,2026-01-03T03:47:03Z
USB,2009-05-12,10.95,11.01,10.49,11.01,247706568,17.89,18,17.14,18,151560704,2026-01-03T03:47:03Z
USB,2009-05-13,10.65,10.86,10.43,10.81,107458884,17.4,17.75,17.05,17.67,65749400,2026-01-03T03:47:03Z
USB,2009-05-14,10.92,10.96,10.57,10.57,65028604,17.84,17.92,17.27,17.27,39788100,2026-01-03T03:47:03Z
USB,2009-05-15,10.81,11.06,10.69,10.86,56633890,17.67,18.07,17.47,17.75,34651800,2026-01-03T03:47:03Z
USB,2009-05-18,11.84,11.89,11.08,11.14,80351842,19.35,19.44,18.11,18.2,49163700,2026-01-03T03:47:03Z
USB,2009-05-19,11.54,12.12,11.53,11.97,49889045,18.86,19.8,18.85,19.57,30524900,2026-01-03T03:47:03Z
USB,2009-05-20,11.31,11.95,11.17,11.74,60959597,18.48,19.53,18.25,19.19,37298500,2026-01-03T03:47:03Z
USB,2009-05-21,11.08,11.27,10.87,11.15,42431601,18.11,18.42,17.76,18.22,25962000,2026-01-03T03:47:03Z
USB,2009-05-22,10.91,11.25,10.9,11.14,34403822,17.83,18.38,17.81,18.21,21050200,2026-01-03T03:47:03Z
USB,2009-05-26,11.65,11.68,10.78,10.87,49723626,19.04,19.09,17.62,17.76,30423600,2026-01-03T03:47:03Z
USB,2009-05-27,10.99,11.67,10.95,11.67,52635746,17.96,19.07,17.9,19.07,32205400,2026-01-03T03:47:03Z
USB,2009-05-28,11.58,11.58,10.84,11.07,46321584,18.92,18.92,17.72,18.1,28342100,2026-01-03T03:47:03Z
USB,2009-05-29,11.75,11.75,11.29,11.64,48599000,19.2,19.21,18.46,19.03,29735500,2026-01-03T03:47:03Z
USB,2009-06-01,11.56,11.94,11.4,11.94,59597568,18.9,19.52,18.64,19.52,36465200,2026-01-03T03:47:03Z
USB,2009-06-02,11.09,11.69,10.84,11.58,55647727,18.12,19.1,17.72,18.93,34048300,2026-01-03T03:47:03Z
USB,2009-06-03,11.04,11.32,10.89,11.01,34878795,18.05,18.5,17.8,18,21340800,2026-01-03T03:47:03Z
USB,2009-06-04,11.47,11.47,10.91,11.15,42215818,18.75,18.75,17.83,18.22,25830000,2026-01-03T03:47:03Z
USB,2009-06-05,11.01,11.66,10.99,11.55,46205022,18,19.05,17.96,18.88,28270800,2026-01-03T03:47:03Z
USB,2009-06-08,11.23,11.3,10.95,10.99,30531522,18.35,18.47,17.9,17.97,18680800,2026-01-03T03:47:03Z
USB,2009-06-09,11.12,11.34,11.03,11.29,37566009,18.18,18.54,18.02,18.45,22984900,2026-01-03T03:47:03Z
USB,2009-06-10,11.07,11.22,10.91,11.2,40426318,18.1,18.34,17.84,18.3,24735100,2026-01-03T03:47:03Z
USB,2009-06-11,11.23,11.37,11.03,11.06,36151568,18.36,18.58,18.02,18.08,22119600,2026-01-03T03:47:03Z
USB,2009-06-12,11.37,11.4,11.17,11.17,27587009,18.58,18.63,18.26,18.26,16879300,2026-01-03T03:47:03Z
USB,2009-06-15,10.9,11.36,10.86,11.21,36201408,17.82,18.56,17.75,18.33,22149900,2026-01-03T03:47:03Z
USB,2009-06-16,10.93,11.17,10.65,10.65,33471258,17.86,18.25,17.41,17.41,20479500,2026-01-03T03:47:03Z
USB,2009-06-17,10.87,11.14,10.62,11.02,47069818,17.77,18.21,17.36,18.01,28800000,2026-01-03T03:47:03Z
USB,2009-06-18,11.03,11.14,10.7,10.89,36942239,18.03,18.21,17.48,17.8,22603200,2026-01-03T03:47:03Z
USB,2009-06-19,10.98,11.14,10.8,11.14,43532856,17.95,18.2,17.65,18.2,26635800,2026-01-03T03:47:03Z
USB,2009-06-22,10.45,11.02,10.41,10.84,47707799,17.08,18.01,17.01,17.72,29190300,2026-01-03T03:47:03Z
USB,2009-06-23,10.66,10.85,10.2,10.47,35287552,17.43,17.73,16.67,17.12,21590800,2026-01-03T03:47:03Z
USB,2009-06-24,10.87,10.94,10.63,10.81,32533005,17.76,17.88,17.37,17.67,19905400,2026-01-03T03:47:03Z
USB,2009-06-25,10.88,11.01,10.47,10.83,32486295,17.79,18,17.12,17.7,19876900,2026-01-03T03:47:03Z
USB,2009-06-26,11.06,11.11,10.54,10.9,25969094,18.02,18.11,17.18,17.77,15934100,2026-01-03T03:47:03Z
USB,2009-06-29,11.16,11.23,10.94,11.1,33828087,18.19,18.3,17.83,18.09,20756200,2026-01-03T03:47:03Z
USB,2009-06-30,11,11.19,10.84,11.14,27521565,17.92,18.23,17.66,18.16,16886600,2026-01-03T03:47:03Z
USB,2009-07-01,10.79,11.06,10.77,11,22896031,17.58,18.03,17.56,17.93,14048500,2026-01-03T03:47:03Z
USB,2009-07-02,10.46,10.75,10.46,10.72,25029017,17.04,17.52,17.04,17.48,15357300,2026-01-03T03:47:03Z
USB,2009-07-06,10.49,10.71,10.27,10.43,37006193,17.09,17.46,16.74,17,22706300,2026-01-03T03:47:03Z
USB,2009-07-07,10.38,10.65,10.35,10.49,26187228,16.92,17.36,16.87,17.09,16068000,2026-01-03T03:47:03Z
USB,2009-07-08,10.18,10.46,9.88,10.37,43557936,16.59,17.05,16.11,16.9,26726300,2026-01-03T03:47:03Z
USB,2009-07-09,10.2,10.36,10.09,10.29,28115649,16.62,16.89,16.45,16.77,17251200,2026-01-03T03:47:03Z
USB,2009-07-10,10.18,10.3,10.03,10.13,22610236,16.59,16.79,16.34,16.51,13873200,2026-01-03T03:47:03Z
USB,2009-07-13,10.85,10.88,10.31,10.47,37123380,17.69,17.73,16.81,17.06,22778100,2026-01-03T03:47:03Z
USB,2009-07-14,10.69,10.89,10.54,10.85,25190179,17.42,17.75,17.17,17.68,15456100,2026-01-03T03:47:03Z
USB,2009-07-15,11.01,11.22,10.76,10.82,52680781,17.94,18.29,17.53,17.64,32323800,2026-01-03T03:47:03Z
USB,2009-07-16,11,11.1,10.82,10.94,24931344,17.92,18.09,17.64,17.83,15297300,2026-01-03T03:47:03Z
USB,2009-07-17,11.02,11.28,10.88,10.93,28380316,17.96,18.38,17.74,17.82,17413600,2026-01-03T03:47:03Z
USB,2009-07-20,11.22,11.25,11.01,11.04,23182100,18.29,18.34,17.94,18,14224100,2026-01-03T03:47:03Z
USB,2009-07-21,11.21,11.35,10.95,11.33,28489048,18.27,18.49,17.85,18.47,17480300,2026-01-03T03:47:03Z
USB,2009-07-22,11.63,11.87,11.04,11.06,53506035,18.96,19.35,18,18.03,32830300,2026-01-03T03:47:03Z
USB,2009-07-23,11.92,11.97,11.6,11.65,38098285,19.42,19.51,18.9,18.99,23376300,2026-01-03T03:47:03Z
USB,2009-07-24,12.13,12.23,11.78,11.85,30559608,19.77,19.93,19.2,19.32,18750800,2026-01-03T03:47:03Z
USB,2009-07-27,12.31,12.36,11.98,12.16,27257519,20.07,20.14,19.53,19.82,16724600,2026-01-03T03:47:03Z
USB,2009-07-28,12.24,12.43,11.97,12.14,26044897,19.95,20.25,19.51,19.78,15980600,2026-01-03T03:47:03Z
USB,2009-07-29,12.08,12.24,11.94,12.15,23480500,19.68,19.95,19.46,19.81,14407100,2026-01-03T03:47:03Z
USB,2009-07-30,12.57,12.59,12.16,12.24,33570732,20.48,20.52,19.82,19.95,20598300,2026-01-03T03:47:03Z
USB,2009-07-31,12.52,12.63,12.39,12.54,21385257,20.41,20.59,20.2,20.43,13121600,2026-01-03T03:47:03Z
USB,2009-08-03,12.81,12.84,12.6,12.74,26222202,20.87,20.93,20.54,20.77,16089400,2026-01-03T03:47:03Z
USB,2009-08-04,13.31,13.43,12.62,12.71,33725152,21.7,21.89,20.56,20.72,20693100,2026-01-03T03:47:03Z
USB,2009-08-05,13.98,14.04,13.25,13.46,48819838,22.79,22.89,21.59,21.93,29954900,2026-01-03T03:47:03Z
USB,2009-08-06,13.74,14.27,13.59,14.26,39379194,22.4,23.25,22.14,23.24,24162300,2026-01-03T03:47:03Z
USB,2009-08-07,14.27,14.41,13.7,13.98,36643396,23.25,23.49,22.33,22.79,22483600,2026-01-03T03:47:03Z
USB,2009-08-10,14.12,14.37,13.94,14.13,23600365,23.02,23.42,22.72,23.03,14480700,2026-01-03T03:47:03Z
USB,2009-08-11,13.56,14.08,13.42,13.88,29929472,22.1,22.95,21.87,22.62,18364100,2026-01-03T03:47:03Z
USB,2009-08-12,13.51,13.79,13.37,13.41,31745244,22.02,22.48,21.79,21.85,19478200,2026-01-03T03:47:03Z
USB,2009-08-13,13.84,13.86,13.33,13.7,26768041,22.55,22.59,21.72,22.33,16424300,2026-01-03T03:47:03Z
USB,2009-08-14,13.8,13.86,13.52,13.8,22351304,22.49,22.58,22.04,22.49,13714300,2026-01-03T03:47:03Z
USB,2009-08-17,13.13,13.51,13.1,13.35,23533381,21.4,22.02,21.35,21.76,14439600,2026-01-03T03:47:03Z
USB,2009-08-18,13.2,13.35,13.11,13.23,21358919,21.51,21.75,21.37,21.57,13105400,2026-01-03T03:47:03Z
USB,2009-08-19,13.24,13.38,12.96,13,17660690,21.58,21.81,21.13,21.18,10836200,2026-01-03T03:47:03Z
USB,2009-08-20,13.54,13.68,13.22,13.23,19934661,22.07,22.3,21.54,21.57,12231500,2026-01-03T03:47:03Z
USB,2009-08-21,13.67,13.86,13.63,13.76,26249997,22.28,22.59,22.21,22.42,16106400,2026-01-03T03:47:03Z
USB,2009-08-24,13.33,14,13.28,13.77,26545634,21.72,22.82,21.65,22.44,16287800,2026-01-03T03:47:03Z
USB,2009-08-25,13.45,13.67,13.35,13.41,21586548,21.92,22.28,21.76,21.86,13245100,2026-01-03T03:47:03Z
USB,2009-08-26,13.57,13.73,13.29,13.33,18811803,22.11,22.37,21.66,21.72,11542500,2026-01-03T03:47:03Z
USB,2009-08-27,13.65,13.71,13.46,13.55,18620304,22.25,22.35,21.94,22.09,11425000,2026-01-03T03:47:03Z
USB,2009-08-28,13.76,13.8,13.52,13.79,20200624,22.43,22.49,22.04,22.47,12394700,2026-01-03T03:47:03Z
USB,2009-08-31,13.88,13.92,13.49,13.53,20949643,22.62,22.68,21.99,22.05,12854300,2026-01-03T03:47:03Z
USB,2009-09-01,13.03,13.95,12.93,13.67,39360591,21.24,22.73,21.07,22.28,24150800,2026-01-03T03:47:03Z
USB,2009-09-02,12.68,13.24,12.64,12.98,28486726,20.66,21.58,20.6,21.15,17478800,2026-01-03T03:47:03Z
USB,2009-09-03,12.85,13.02,12.74,12.81,23788426,20.95,21.22,20.77,20.88,14596100,2026-01-03T03:47:03Z
USB,2009-09-04,13.16,13.17,12.84,12.84,18548670,21.45,21.46,20.93,20.93,11381100,2026-01-03T03:47:03Z
USB,2009-09-08,12.89,13.33,12.8,13.33,23532673,21,21.73,20.87,21.72,14439200,2026-01-03T03:47:03Z
USB,2009-09-09,13.35,13.38,12.88,12.89,28232480,21.75,21.8,21,21.01,17322800,2026-01-03T03:47:03Z
USB,2009-09-10,13.33,13.5,13.2,13.33,22052476,21.72,22,21.52,21.73,13530900,2026-01-03T03:47:03Z
USB,2009-09-11,13.41,13.54,13.27,13.31,19870356,21.86,22.07,21.63,21.7,12192000,2026-01-03T03:47:03Z
USB,2009-09-14,13.49,13.49,13.15,13.28,18274374,21.98,21.98,21.43,21.64,11212800,2026-01-03T03:47:03Z
USB,2009-09-15,13.6,13.81,13.26,13.51,24713755,22.17,22.5,21.61,22.02,15163900,2026-01-03T03:47:03Z
USB,2009-09-16,14,14.03,13.49,13.65,28925151,22.82,22.86,21.99,22.24,17747900,2026-01-03T03:47:03Z
USB,2009-09-17,13.77,14.11,13.6,14.09,27232868,22.44,23,22.17,22.97,16709500,2026-01-03T03:47:03Z
USB,2009-09-18,13.97,14.01,13.66,13.85,29076526,22.76,22.84,22.27,22.57,17840800,2026-01-03T03:47:03Z
USB,2009-09-21,13.76,13.92,13.71,13.75,17848854,22.43,22.69,22.34,22.41,10951700,2026-01-03T03:47:03Z
USB,2009-09-22,13.71,13.9,13.49,13.86,29041966,22.34,22.65,21.98,22.59,17819600,2026-01-03T03:47:03Z
USB,2009-09-23,13.54,13.83,13.54,13.59,23949136,22.07,22.54,22.07,22.14,14694700,2026-01-03T03:47:03Z
USB,2009-09-24,13.44,13.65,13.4,13.62,30977871,21.9,22.25,21.84,22.2,19007400,2026-01-03T03:47:03Z
USB,2009-09-25,13.54,13.59,13.28,13.36,27769431,22.06,22.15,21.65,21.77,17038800,2026-01-03T03:47:03Z
USB,2009-09-28,13.67,13.69,13.47,13.6,22890676,22.23,22.26,21.9,22.11,14077200,2026-01-03T03:47:03Z
USB,2009-09-29,13.38,13.84,13.36,13.77,30446292,21.75,22.51,21.72,22.39,18723700,2026-01-03T03:47:03Z
USB,2009-09-30,13.44,13.53,13.29,13.43,28876085,21.86,22,21.61,21.83,17758000,2026-01-03T03:47:03Z
USB,2009-10-01,12.98,13.44,12.98,13.38,36758957,21.11,21.85,21.11,21.75,22605800,2026-01-03T03:47:03Z
USB,2009-10-02,13.06,13.3,12.77,12.82,32864637,21.23,21.62,20.76,20.85,20210900,2026-01-03T03:47:03Z
USB,2009-10-05,13.31,13.35,13.15,13.28,22422637,21.64,21.7,21.38,21.6,13789300,2026-01-03T03:47:03Z
USB,2009-10-06,13.55,13.64,13.32,13.38,23300056,22.04,22.18,21.66,21.75,14328900,2026-01-03T03:47:03Z
USB,2009-10-07,13.64,13.7,13.41,13.45,19433051,22.18,22.27,21.8,21.87,11950800,2026-01-03T03:47:03Z
USB,2009-10-08,13.9,14.03,13.64,13.69,23790946,22.6,22.82,22.18,22.26,14630800,2026-01-03T03:47:03Z
USB,2009-10-09,14.1,14.13,13.69,13.9,17742931,22.93,22.97,22.26,22.6,10911400,2026-01-03T03:47:03Z
USB,2009-10-12,14.16,14.17,13.99,14.1,14905672,23.02,23.04,22.75,22.92,9166600,2026-01-03T03:47:03Z
USB,2009-10-13,14.05,14.18,13.89,14.05,21437415,22.85,23.06,22.59,22.85,13183400,2026-01-03T03:47:03Z
USB,2009-10-14,14.72,14.75,14.25,14.35,32346358,23.94,23.99,23.17,23.33,19892200,2026-01-03T03:47:03Z
USB,2009-10-15,14.77,14.78,14.34,14.65,21853320,24.01,24.03,23.32,23.82,13439200,2026-01-03T03:47:03Z
USB,2009-10-16,14.4,14.51,14.29,14.47,22518416,23.41,23.59,23.23,23.53,13848200,2026-01-03T03:47:03Z
USB,2009-10-19,14.64,14.7,14.38,14.45,17790708,23.81,23.9,23.38,23.5,10940800,2026-01-03T03:47:03Z
USB,2009-10-20,14.64,14.69,14.3,14.63,30128063,23.8,23.89,23.25,23.79,18528000,2026-01-03T03:47:03Z
USB,2009-10-21,15.02,15.74,14.96,15.02,55448904,24.43,25.59,24.32,24.43,34099600,2026-01-03T03:47:03Z
USB,2009-10-22,15.59,15.64,14.96,15.14,30664694,25.35,25.43,24.32,24.62,18858000,2026-01-03T03:47:03Z
USB,2009-10-23,15.34,15.61,15.16,15.61,22663887,24.95,25.39,24.65,25.39,13937700,2026-01-03T03:47:03Z
USB,2009-10-26,14.85,15.12,14.71,14.94,33665864,24.15,24.59,23.92,24.3,20703600,2026-01-03T03:47:03Z
USB,2009-10-27,14.91,14.97,14.71,14.94,24546922,24.25,24.35,23.92,24.3,15095700,2026-01-03T03:47:03Z
USB,2009-10-28,14.47,15.01,14.41,14.88,26527045,23.53,24.4,23.44,24.19,16313400,2026-01-03T03:47:03Z
USB,2009-10-29,14.89,14.89,14.49,14.65,24131457,24.21,24.21,23.56,23.82,14840200,2026-01-03T03:47:03Z
USB,2009-10-30,14.28,14.79,14.19,14.77,38593002,23.22,24.05,23.07,24.02,23733700,2026-01-03T03:47:03Z
USB,2009-11-02,14.66,14.95,14.22,14.48,34681418,23.84,24.31,23.12,23.55,21328200,2026-01-03T03:47:03Z
USB,2009-11-03,14.46,14.7,14.29,14.53,24156287,23.52,23.9,23.23,23.63,14855500,2026-01-03T03:47:03Z
USB,2009-11-04,14.19,14.71,14.16,14.6,25608814,23.07,23.92,23.03,23.74,15748700,2026-01-03T03:47:03Z
USB,2009-11-05,14.75,14.78,14.18,14.38,24948658,23.98,24.04,23.05,23.38,15342800,2026-01-03T03:47:03Z
USB,2009-11-06,14.59,14.7,14.38,14.49,20562054,23.73,23.91,23.38,23.57,12645100,2026-01-03T03:47:03Z
USB,2009-11-09,15.07,15.09,14.58,14.71,18946021,24.51,24.53,23.71,23.92,11651300,2026-01-03T03:47:03Z
USB,2009-11-10,14.96,15.12,14.83,15.03,14050690,24.33,24.59,24.11,24.44,8640800,2026-01-03T03:47:03Z
USB,2009-11-11,15.01,15.33,14.89,15.12,21437748,24.4,24.93,24.22,24.59,13183600,2026-01-03T03:47:03Z
USB,2009-11-12,14.76,15.07,14.61,14.99,25990649,24,24.5,23.75,24.38,15983600,2026-01-03T03:47:03Z
USB,2009-11-13,14.44,14.81,14.33,14.75,23981320,23.48,24.09,23.3,23.99,14747900,2026-01-03T03:47:03Z
USB,2009-11-16,14.38,14.69,14.26,14.62,29260406,23.38,23.89,23.18,23.78,17994400,2026-01-03T03:47:03Z
USB,2009-11-17,14.54,14.56,14.17,14.37,20913545,23.64,23.68,23.04,23.36,12861300,2026-01-03T03:47:03Z
USB,2009-11-18,14.52,14.61,14.35,14.52,18447980,23.61,23.75,23.34,23.61,11345000,2026-01-03T03:47:03Z
USB,2009-11-19,14.22,14.41,14.16,14.41,17782112,23.13,23.44,23.03,23.44,10935500,2026-01-03T03:47:03Z
USB,2009-11-20,14.32,14.39,14.08,14.11,18246358,23.29,23.4,22.9,22.95,11221000,2026-01-03T03:47:03Z
USB,2009-11-23,14.48,14.54,14.37,14.46,15893882,23.55,23.65,23.37,23.52,9774300,2026-01-03T03:47:03Z
USB,2009-11-24,14.59,14.64,14.37,14.45,20445301,23.73,23.81,23.36,23.49,12573300,2026-01-03T03:47:03Z
USB,2009-11-25,14.49,14.63,14.38,14.61,9037641,23.57,23.79,23.39,23.76,5557900,2026-01-03T03:47:03Z
USB,2009-11-27,14.11,14.4,14,14,11674684,22.95,23.42,22.76,22.77,7179600,2026-01-03T03:47:03Z
USB,2009-11-30,14.84,14.88,14.37,14.37,26227977,24.13,24.19,23.37,23.37,16129500,2026-01-03T03:47:03Z
USB,2009-12-01,14.97,15.03,14.67,14.92,22498124,24.34,24.44,23.86,24.26,13835700,2026-01-03T03:47:03Z
USB,2009-12-02,15.02,15.06,14.79,15.01,16303469,24.43,24.49,24.05,24.4,10026200,2026-01-03T03:47:03Z
USB,2009-12-03,14.3,15.07,14.25,15.01,36284575,23.25,24.51,23.17,24.4,22314000,2026-01-03T03:47:03Z
USB,2009-12-04,14.45,14.65,14.19,14.61,32336953,23.5,23.82,23.08,23.75,19886400,2026-01-03T03:47:03Z
USB,2009-12-07,14.16,14.45,14.07,14.42,21900031,23.03,23.49,22.88,23.45,13467900,2026-01-03T03:47:03Z
