ticker,tradeDate,clsPx,hiPx,loPx,open,stockVolume,unadjClsPx,unadjHiPx,unadjLoPx,unadjOpen,unadjStockVolume,updatedAt
V,2008-03-19,12.41,15.16,12.08,14.28,806075584,56.5,69,55,65,177094096,2026-02-14T03:46:51Z
V,2008-03-20,14.14,14.28,12.63,12.91,226338098,64.35,65,57.5,58.75,49726500,2026-02-14T03:46:51Z
V,2008-03-24,13.12,14.87,12.96,14.77,170244187,59.73,67.7,59,67.24,37402700,2026-02-14T03:46:51Z
V,2008-03-25,13.9,14.12,13.14,13.31,99141739,63.25,64.25,59.82,60.58,21781400,2026-02-14T03:46:51Z
V,2008-03-26,14.05,14.17,13.53,13.78,49064220,63.96,64.48,61.57,62.73,10779400,2026-02-14T03:46:51Z
V,2008-03-27,13.82,14.22,13.76,14.07,45325988,62.91,64.74,62.65,64.05,9958100,2026-02-14T03:46:51Z
V,2008-03-28,13.79,13.94,13.66,13.92,28095983,62.76,63.44,62.16,63.37,6172700,2026-02-14T03:46:51Z
V,2008-03-31,13.7,13.95,13.63,13.75,25217100,62.36,63.48,62.05,62.6,5540200,2026-02-14T03:46:51Z
V,2008-04-01,13.54,13.99,13.25,13.85,68756125,61.61,63.68,60.31,63.06,15105700,2026-02-14T03:46:51Z
V,2008-04-02,13.69,13.69,13.29,13.56,49887588,62.32,62.32,60.5,61.72,10960300,2026-02-14T03:46:51Z
V,2008-04-03,14.39,14.56,13.58,13.61,114742778,65.5,66.29,61.82,61.95,25208900,2026-02-14T03:46:51Z
V,2008-04-04,14.17,14.35,14.01,14.26,41414820,64.48,65.32,63.75,64.9,9098800,2026-02-14T03:46:51Z
V,2008-04-07,14.29,14.46,14.06,14.3,32213902,65.04,65.8,64.02,65.1,7077400,2026-02-14T03:46:51Z
V,2008-04-08,14.96,14.99,14.24,14.26,61384955,68.09,68.24,64.81,64.9,13486300,2026-02-14T03:46:51Z
V,2008-04-09,14.45,15.1,14.41,15.04,55002139,65.79,68.72,65.61,68.44,12084000,2026-02-14T03:46:51Z
V,2008-04-10,14.52,14.66,14.3,14.54,25457839,66.11,66.73,65.11,66.16,5593100,2026-02-14T03:46:51Z
V,2008-04-11,14.52,14.67,14.34,14.34,30075944,66.11,66.77,65.25,65.25,6607700,2026-02-14T03:46:51Z
V,2008-04-14,14.43,14.77,14.4,14.65,32366855,65.68,67.24,65.53,66.7,7111000,2026-02-14T03:46:51Z
V,2008-04-15,14.14,14.62,14.06,14.56,27184332,64.35,66.55,64,66.26,5972400,2026-02-14T03:46:51Z
V,2008-04-16,14.53,14.71,14.18,14.18,28615755,66.14,66.95,64.56,64.56,6286900,2026-02-14T03:46:51Z
V,2008-04-17,14.73,14.88,14.5,14.56,25556647,67.04,67.75,66.01,66.26,5614800,2026-02-14T03:46:51Z
V,2008-04-18,15.16,15.48,14.76,14.94,118481115,69,70.45,67.2,68.01,26030300,2026-02-14T03:46:51Z
V,2008-04-21,15.59,15.93,15.13,15.27,66994126,70.97,72.5,68.85,69.48,14718600,2026-02-14T03:46:51Z
V,2008-04-22,15.44,15.91,15.38,15.8,53902647,70.28,72.4,70,71.92,11842400,2026-02-14T03:46:51Z
V,2008-04-23,15.4,15.75,15.31,15.59,42483778,70.08,71.7,69.69,70.95,9333700,2026-02-14T03:46:51Z
V,2008-04-24,15.88,16.04,15.39,15.61,44239901,72.3,72.99,70.04,71.07,9719500,2026-02-14T03:46:51Z
V,2008-04-25,16.5,16.71,16.24,16.7,115352082,75.1,76.08,73.91,76,25342900,2026-02-14T03:46:51Z
V,2008-04-28,16.62,16.98,16.46,16.81,150198087,75.63,77.29,74.9,76.5,32998500,2026-02-14T03:46:51Z
V,2008-04-29,17.77,17.77,15.6,16.29,224468354,80.88,80.88,71,74.15,49315600,2026-02-14T03:46:51Z
V,2008-04-30,18.33,18.63,17.81,17.88,167821701,83.45,84.81,81.07,81.4,36870500,2026-02-14T03:46:51Z
V,2008-05-01,18.76,19.25,18.43,18.54,132385856,85.4,87.64,83.9,84.39,29085200,2026-02-14T03:46:51Z
V,2008-05-02,18.18,19.22,17.8,19.18,155445850,82.75,87.5,81,87.3,34151500,2026-02-14T03:46:51Z
V,2008-05-05,18.69,18.78,17.76,18.2,80013118,85.06,85.5,80.82,82.85,17578900,2026-02-14T03:46:51Z
V,2008-05-06,19.23,19.37,18.62,18.78,86346104,87.53,88.15,84.75,85.47,18970200,2026-02-14T03:46:51Z
V,2008-05-07,19.44,19.74,19.26,19.52,114271125,88.5,89.84,87.66,88.83,25105300,2026-02-14T03:46:51Z
V,2008-05-08,19.18,19.72,18.88,19.66,104265422,87.3,89.75,85.94,89.5,22907100,2026-02-14T03:46:51Z
V,2008-05-09,18.2,19.04,18.13,18.84,107249224,82.86,86.67,82.52,85.77,23562600,2026-02-14T03:46:51Z
V,2008-05-12,17.99,18.56,17.16,18.38,167854622,81.9,84.48,78.1,83.65,36877600,2026-02-14T03:46:51Z
V,2008-05-13,18.1,18.34,17.75,17.98,60602136,82.38,83.5,80.79,81.83,13314300,2026-02-14T03:46:51Z
V,2008-05-14,18.07,18.53,17.89,18.3,58453902,82.23,84.35,81.45,83.3,12842300,2026-02-14T03:46:51Z
V,2008-05-15,18.07,18.22,17.82,18.13,41757456,82.25,82.93,81.11,82.53,9174100,2026-02-14T03:46:51Z
V,2008-05-16,18.1,18.2,17.85,18.17,38717772,82.37,82.85,81.26,82.71,8506300,2026-02-14T03:46:51Z
V,2008-05-19,18.31,18.62,18.05,18.07,51927637,83.32,84.74,82.15,82.27,11408500,2026-02-14T03:46:51Z
V,2008-05-20,18.18,18.42,18,18.21,46315830,82.74,83.84,81.91,82.88,10175600,2026-02-14T03:46:51Z
V,2008-05-21,17.76,18.33,17.69,18.16,47565891,80.85,83.43,80.52,82.68,10450200,2026-02-14T03:46:51Z
V,2008-05-22,16.98,17.71,16.73,17.7,97060116,77.31,80.6,76.16,80.57,21324100,2026-02-14T03:46:51Z
V,2008-05-23,16.77,16.98,16.5,16.66,48027751,76.35,77.31,75.12,75.84,10551700,2026-02-14T03:46:51Z
V,2008-05-27,17.3,17.34,16.34,16.9,71457350,78.74,78.94,74.36,76.92,15699200,2026-02-14T03:46:51Z
V,2008-05-28,18,18,17.48,17.64,60323700,81.92,81.95,79.55,80.29,13253100,2026-02-14T03:46:51Z
V,2008-05-29,18.73,19.1,18.24,18.3,114461686,85.25,86.95,83.01,83.28,25147200,2026-02-14T03:46:51Z
V,2008-05-30,18.97,19.24,18.85,18.9,81969466,86.36,87.56,85.81,86.02,18008700,2026-02-14T03:46:51Z
V,2008-06-02,18.91,19.1,18.59,18.94,41887530,86.07,86.95,84.6,86.21,9202700,2026-02-14T03:46:51Z
V,2008-06-03,19.24,19.32,18.9,19.12,55158032,87.56,87.95,86.03,87.01,12118200,2026-02-14T03:46:51Z
V,2008-06-04,18.78,19.36,18.74,19.13,46303736,85.48,88.1,85.28,87.08,10172900,2026-02-14T03:46:51Z
V,2008-06-05,19.17,19.17,18.8,19,30775193,87.24,87.24,85.59,86.46,6761300,2026-02-14T03:46:51Z
V,2008-06-06,18.38,18.89,18.36,18.88,47528918,83.65,85.99,83.55,85.92,10442100,2026-02-14T03:46:51Z
V,2008-06-09,18.05,18.66,17.7,18.45,51367026,82.14,84.95,80.56,84,11285300,2026-02-14T03:46:51Z
V,2008-06-10,17.64,18.21,17.49,17.64,41031420,80.31,82.87,79.61,80.3,9014600,2026-02-14T03:46:51Z
V,2008-06-11,17.08,17.8,17.05,17.8,64869278,77.74,81,77.6,81,14251800,2026-02-14T03:46:51Z
V,2008-06-12,17.48,17.75,17.26,17.36,50665546,79.56,80.77,78.55,79,11131200,2026-02-14T03:46:51Z
V,2008-06-13,17.91,17.97,17.61,17.63,34942272,81.53,81.81,80.15,80.26,7676800,2026-02-14T03:46:51Z
V,2008-06-16,18.29,18.34,17.82,17.9,39135226,83.27,83.5,81.1,81.48,8598000,2026-02-14T03:46:51Z
V,2008-06-17,18.6,18.67,18.38,18.47,37868001,84.67,84.98,83.68,84.05,8319600,2026-02-14T03:46:51Z
V,2008-06-18,18.42,18.61,18.33,18.39,38405186,83.86,84.7,83.44,83.72,8437600,2026-02-14T03:46:51Z
V,2008-06-19,18.51,18.54,17.93,18.32,42020524,84.27,84.4,81.62,83.37,9231900,2026-02-14T03:46:51Z
V,2008-06-20,18.36,18.57,18.18,18.23,48448870,83.57,84.5,82.75,82.97,10644200,2026-02-14T03:46:51Z
V,2008-06-23,17.81,18.53,17.8,18.42,34302649,81.06,84.35,81.02,83.85,7536300,2026-02-14T03:46:51Z
V,2008-06-24,18.16,18.22,17.25,17.59,56786991,82.66,82.94,78.51,80.06,12476100,2026-02-14T03:46:51Z
V,2008-06-25,18.03,18.55,17.98,18.31,57714095,82.06,84.42,81.86,83.36,12679800,2026-02-14T03:46:51Z
V,2008-06-26,17.38,17.74,17.14,17.74,87133211,79.1,80.74,78.02,80.74,19143200,2026-02-14T03:46:51Z
V,2008-06-27,18.15,18.21,17.26,17.31,200319750,82.6,82.87,78.55,78.8,44010200,2026-02-14T03:46:51Z
V,2008-06-30,17.86,18.2,17.64,18.02,56103341,81.31,82.84,80.3,82.01,12325900,2026-02-14T03:46:51Z
V,2008-07-01,17.89,17.89,17.4,17.5,51121466,81.41,81.41,79.2,79.64,11231400,2026-02-14T03:46:51Z
V,2008-07-02,17.45,18.1,17.42,17.99,38498346,79.42,82.4,79.3,81.9,8458100,2026-02-14T03:46:51Z
V,2008-07-03,17.15,17.53,16.97,17.43,32723674,78.07,79.81,77.25,79.36,7189400,2026-02-14T03:46:51Z
V,2008-07-07,16.61,17.56,16.26,17.25,90974128,75.62,79.94,74,78.5,19987000,2026-02-14T03:46:51Z
V,2008-07-08,17.37,17.47,15.87,16.45,109019917,79.06,79.5,72.25,74.89,23951700,2026-02-14T03:46:51Z
V,2008-07-09,16.67,17.38,16.57,17.36,62951448,75.87,79.1,75.4,79,13830400,2026-02-14T03:46:51Z
V,2008-07-10,16.97,17.05,16.23,16.64,60124806,77.25,77.62,73.89,75.76,13209400,2026-02-14T03:46:51Z
V,2008-07-11,16.38,17.02,16.26,16.61,62181294,74.55,77.45,74,75.6,13661200,2026-02-14T03:46:51Z
V,2008-07-14,15.95,16.74,15.93,16.72,48576778,72.58,76.18,72.5,76.09,10672300,2026-02-14T03:46:51Z
V,2008-07-15,15.03,15.67,14.78,15.66,95896503,68.42,71.31,67.29,71.26,21068500,2026-02-14T03:46:51Z
V,2008-07-16,15.87,15.94,14.61,15.01,105213684,72.23,72.56,66.51,68.32,23115400,2026-02-14T03:46:51Z
V,2008-07-17,16.49,16.49,15.68,16.19,76550663,75.06,75.06,71.35,73.7,16818200,2026-02-14T03:46:51Z
V,2008-07-18,16.13,16.36,15.85,16.31,53063205,73.4,74.49,72.12,74.24,11658000,2026-02-14T03:46:51Z
V,2008-07-21,15.8,16.46,15.72,16.24,60182635,71.9,74.94,71.57,73.91,13222100,2026-02-14T03:46:51Z
V,2008-07-22,16.27,16.31,14.92,15.29,74431884,74.05,74.23,67.9,69.6,16352700,2026-02-14T03:46:51Z
V,2008-07-23,16.09,16.48,15.95,16.15,56836225,73.25,75,72.6,73.5,12486900,2026-02-14T03:46:51Z
V,2008-07-24,15.4,16.2,15.37,16.02,41678135,70.08,73.73,69.96,72.92,9156700,2026-02-14T03:46:51Z
V,2008-07-25,15.81,15.89,15.18,15.5,43990474,71.96,72.35,69.07,70.54,9664700,2026-02-14T03:46:51Z
V,2008-07-28,15.5,16.17,15.43,15.91,40624582,70.55,73.6,70.25,72.41,8925200,2026-02-14T03:46:51Z
V,2008-07-29,16.69,16.69,15.6,15.61,55809316,75.97,75.97,71.01,71.03,12261300,2026-02-14T03:46:51Z
V,2008-07-30,17.24,17.33,16.32,16.97,86302053,78.45,78.9,74.27,77.25,18960600,2026-02-14T03:46:51Z
V,2008-07-31,16.05,17.17,15.71,16.75,169424924,73.06,78.15,71.49,76.22,37222700,2026-02-14T03:46:51Z
V,2008-08-01,15.76,16.28,15.46,16.09,70226589,71.73,74.1,70.35,73.24,15428800,2026-02-14T03:46:51Z
V,2008-08-04,15.93,16.17,15.71,15.77,48572750,72.5,73.6,71.5,71.76,10671400,2026-02-14T03:46:51Z
V,2008-08-05,16.17,16.31,15.89,16.1,39092444,73.6,74.23,72.32,73.3,8588600,2026-02-14T03:46:51Z
V,2008-08-06,15.7,16,15.61,15.99,46541817,71.48,72.81,71.07,72.8,10225200,2026-02-14T03:46:51Z
V,2008-08-07,15.27,15.65,15.23,15.54,49900479,69.5,71.25,69.34,70.73,10963100,2026-02-14T03:46:51Z
V,2008-08-08,15.95,16,15.18,15.33,41369189,72.6,72.85,69.11,69.77,9088800,2026-02-14T03:46:51Z
V,2008-08-11,16.43,16.81,15.81,15.91,62913828,74.79,76.5,71.95,72.44,13822200,2026-02-14T03:46:51Z
V,2008-08-12,15.99,16.43,15.95,16.3,38393170,72.8,74.8,72.6,74.2,8435000,2026-02-14T03:46:51Z
V,2008-08-13,16.27,16.32,15.95,16.01,34003190,73.93,74.17,72.48,72.75,7481300,2026-02-14T03:46:51Z
V,2008-08-14,16.67,16.68,16.19,16.25,29361347,75.78,75.79,73.6,73.87,6460000,2026-02-14T03:46:51Z
V,2008-08-15,16.68,16.84,16.46,16.72,29546332,75.79,76.53,74.83,75.99,6500700,2026-02-14T03:46:51Z
V,2008-08-18,16.49,16.78,16.31,16.64,29374047,74.94,76.25,74.14,75.62,6462800,2026-02-14T03:46:51Z
V,2008-08-19,16.22,16.55,16.2,16.38,23980351,73.74,75.24,73.61,74.45,5276100,2026-02-14T03:46:51Z
V,2008-08-20,16.41,16.44,16.21,16.3,20587912,74.57,74.71,73.66,74.1,4529700,2026-02-14T03:46:51Z
V,2008-08-21,16.36,16.42,16.1,16.27,17665415,74.38,74.64,73.19,73.96,3886700,2026-02-14T03:46:51Z
V,2008-08-22,16.3,16.68,16.25,16.58,23814008,74.09,75.79,73.84,75.36,5239500,2026-02-14T03:46:51Z
V,2008-08-25,16.13,16.48,16.09,16.18,20497437,73.32,74.89,73.13,73.52,4509800,2026-02-14T03:46:51Z
V,2008-08-26,16.14,16.35,16.03,16.21,21221923,73.34,74.3,72.87,73.67,4669200,2026-02-14T03:46:51Z
V,2008-08-27,16.38,16.39,16.03,16.14,21749635,74.45,74.5,72.85,73.34,4785300,2026-02-14T03:46:51Z
V,2008-08-28,16.64,16.68,16.32,16.45,30387171,75.65,75.81,74.17,74.75,6685700,2026-02-14T03:46:51Z
V,2008-08-29,16.7,16.72,16.43,16.49,21961017,75.9,76,74.7,74.96,4831800,2026-02-14T03:46:51Z
V,2008-09-02,16.5,17.05,16.37,16.9,33972778,74.99,77.5,74.39,76.83,7474600,2026-02-14T03:46:51Z
V,2008-09-03,16.07,16.58,15.86,16.4,40224475,73.05,75.34,72.07,74.56,8850100,2026-02-14T03:46:51Z
V,2008-09-04,15.51,15.98,15.35,15.98,42808508,70.5,72.63,69.75,72.63,9418600,2026-02-14T03:46:51Z
V,2008-09-05,15.79,15.84,15.24,15.39,46181037,71.76,71.98,69.25,69.94,10160600,2026-02-14T03:46:51Z
V,2008-09-08,15.42,16.34,15.11,16.17,64397262,70.1,74.29,68.68,73.51,14168500,2026-02-14T03:46:51Z
V,2008-09-09,14.85,15.48,14.78,15.48,56536791,67.49,70.35,67.18,70.35,12439100,2026-02-14T03:46:51Z
V,2008-09-10,15.19,15.38,14.66,14.83,49945146,69.04,69.9,66.63,67.4,10988800,2026-02-14T03:46:51Z
V,2008-09-11,15.61,15.7,14.75,14.89,53559515,70.95,71.36,67.05,67.66,11784000,2026-02-14T03:46:51Z
V,2008-09-12,15.76,15.77,15.24,15.39,32088920,71.65,71.66,69.25,69.93,7060100,2026-02-14T03:46:51Z
V,2008-09-15,15.26,15.62,15.02,15.09,44012447,69.38,70.98,68.26,68.6,9683500,2026-02-14T03:46:51Z
V,2008-09-16,14.6,15.17,14.3,14.66,94433788,66.35,68.96,65,66.62,20777000,2026-02-14T03:46:51Z
V,2008-09-17,14.1,14.95,14.08,14.48,76710834,64.09,67.95,64.01,65.81,16877700,2026-02-14T03:46:51Z
V,2008-09-18,14.72,14.79,12.85,14.12,95661745,66.9,67.24,58.38,64.2,21047300,2026-02-14T03:46:51Z
V,2008-09-19,15.31,15.66,14.75,15.62,78336585,69.57,71.16,67.04,71.01,17235400,2026-02-14T03:46:51Z
V,2008-09-22,14.34,15.18,14.28,15.16,52577329,65.18,68.99,64.9,68.92,11567900,2026-02-14T03:46:51Z
V,2008-09-23,14.72,14.85,14.11,14.49,49805484,66.9,67.47,64.11,65.85,10958100,2026-02-14T03:46:51Z
V,2008-09-24,14.45,14.9,14.41,14.75,27885150,65.68,67.72,65.5,67.05,6135200,2026-02-14T03:46:51Z
V,2008-09-25,14.21,14.62,14.2,14.46,27105627,64.6,66.47,64.54,65.7,5963700,2026-02-14T03:46:51Z
V,2008-09-26,13.65,13.95,13.38,13.8,58150313,62.04,63.4,60.8,62.73,12794100,2026-02-14T03:46:51Z
V,2008-09-29,12.72,13.31,12.3,13.27,86924531,57.8,60.48,55.89,60.3,19124900,2026-02-14T03:46:51Z
V,2008-09-30,13.51,13.52,12.4,12.4,43999144,61.39,61.43,56.38,56.38,9680600,2026-02-14T03:46:51Z
V,2008-10-01,13.49,13.66,13.03,13.34,30762036,61.31,62.1,59.21,60.63,6768200,2026-02-14T03:46:51Z
V,2008-10-02,12.67,13.53,12.61,13.53,40015932,57.59,61.49,57.31,61.49,8804200,2026-02-14T03:46:51Z
V,2008-10-03,12.51,13.24,12.39,13,66308784,56.84,60.17,56.31,59.07,14589100,2026-02-14T03:46:51Z
V,2008-10-06,12.18,12.32,11.06,11.75,99267769,55.38,56.02,50.25,53.42,21840700,2026-02-14T03:46:51Z
V,2008-10-07,11.25,12.42,11.14,12.42,86182660,51.15,56.44,50.62,56.43,18961700,2026-02-14T03:46:51Z
V,2008-10-08,11.58,11.98,10.51,10.78,85466536,52.63,54.43,47.75,49.01,18804100,2026-02-14T03:46:51Z
V,2008-10-09,10.97,12.31,10.87,11.84,48337848,49.85,55.94,49.41,53.79,10635200,2026-02-14T03:46:51Z
V,2008-10-10,11.44,11.87,10.34,10.34,85385557,52,53.95,47,47,18786300,2026-02-14T03:46:51Z
V,2008-10-13,12.95,12.98,11.79,12.1,56169752,58.87,59,53.59,54.99,12358300,2026-02-14T03:46:51Z
V,2008-10-14,12.68,13.66,12.16,13.64,60384324,57.61,62.11,55.25,62,13285600,2026-02-14T03:46:51Z
V,2008-10-15,10.95,12.32,10.68,12.21,87154652,49.75,56,48.53,55.52,19175600,2026-02-14T03:46:51Z
V,2008-10-16,11.68,11.73,10.57,11.03,63711453,53.07,53.33,48.04,50.11,14017600,2026-02-14T03:46:51Z
V,2008-10-17,11.49,12.12,11.33,11.33,39880969,52.22,55.07,51.5,51.51,8774500,2026-02-14T03:46:51Z
V,2008-10-20,11.44,11.84,11.25,11.73,40867692,52.01,53.82,51.12,53.31,8991600,2026-02-14T03:46:51Z
V,2008-10-21,11.15,11.68,11.06,11.31,32951891,50.7,53.07,50.29,51.39,7250000,2026-02-14T03:46:51Z
V,2008-10-22,10.67,11.44,10.56,10.99,45732933,48.51,52,48,49.96,10062000,2026-02-14T03:46:51Z
V,2008-10-23,10.63,10.9,10.06,10.78,54506807,48.32,49.55,45.74,48.99,11992400,2026-02-14T03:46:51Z
V,2008-10-24,10.56,10.67,9.62,9.64,46358302,47.98,48.5,43.74,43.8,10199600,2026-02-14T03:46:51Z
V,2008-10-27,10.25,10.82,10.22,10.34,47636283,46.59,49.2,46.44,47.01,10480800,2026-02-14T03:46:51Z
V,2008-10-28,10.99,11.35,10.35,10.56,66399568,49.97,51.58,47.05,47.99,14609100,2026-02-14T03:46:51Z
V,2008-10-29,11.15,11.77,10.89,11.03,63645311,50.69,53.51,49.51,50.15,14003100,2026-02-14T03:46:51Z
V,2008-10-30,11.94,12.36,11.13,11.13,85121765,54.25,56.16,50.58,50.59,18728200,2026-02-14T03:46:51Z
V,2008-10-31,12.18,12.34,11.66,11.81,45875322,55.35,56.08,53,53.7,10093400,2026-02-14T03:46:51Z
V,2008-11-03,11.55,12.34,11.42,12.3,32342930,52.49,56.1,51.91,55.92,7116000,2026-02-14T03:46:51Z
V,2008-11-04,13.16,13.3,11.85,11.96,83949080,59.81,60.45,53.88,54.38,18470200,2026-02-14T03:46:51Z
V,2008-11-05,12.42,13.03,12.42,12.82,51134522,56.47,59.2,56.43,58.29,11250500,2026-02-14T03:46:51Z
V,2008-11-06,11.34,12.32,11.16,12.11,59193936,51.53,56,50.74,55.04,13023700,2026-02-14T03:46:51Z
V,2008-11-07,11.77,12.06,11.29,11.54,35120042,53.5,54.8,51.31,52.45,7727000,2026-02-14T03:46:51Z
V,2008-11-10,11.44,12.17,11.27,12.12,30129902,51.99,55.3,51.2,55.1,6629100,2026-02-14T03:46:51Z
V,2008-11-11,11.83,12.1,11.08,11.22,36808110,53.79,54.99,50.36,50.99,8098400,2026-02-14T03:46:51Z
V,2008-11-12,11.41,12.27,11.28,11.67,48483019,51.75,55.65,51.18,52.95,10688000,2026-02-14T03:46:51Z
V,2008-11-13,12,12.03,11,11.44,43932317,54.44,54.58,49.89,51.88,9684800,2026-02-14T03:46:51Z
V,2008-11-14,11.96,12.57,11.56,11.71,42424063,54.24,57,52.45,53.11,9352300,2026-02-14T03:46:51Z
V,2008-11-17,11.63,11.96,11.39,11.71,33236512,52.76,54.23,51.66,53.11,7326900,2026-02-14T03:46:51Z
V,2008-11-18,12.05,12.14,11.6,11.68,35703596,54.64,55.08,52.61,52.99,7870800,2026-02-14T03:46:51Z
V,2008-11-19,11.37,12.31,11.3,11.9,39639309,51.58,55.84,51.24,54,8738400,2026-02-14T03:46:51Z
V,2008-11-20,10.61,11.31,10.58,11.07,57828058,48.14,51.3,48,50.21,12748000,2026-02-14T03:46:51Z
V,2008-11-21,10.22,10.93,9.6,10.85,96134947,46.38,49.6,43.54,49.23,21192800,2026-02-14T03:46:51Z
V,2008-11-24,10.96,11.02,10.09,10.52,50865848,49.72,50,45.78,47.72,11213300,2026-02-14T03:46:51Z
V,2008-11-25,10.92,11.24,10.8,11.1,50987028,49.53,50.97,49,50.36,11240000,2026-02-14T03:46:51Z
V,2008-11-26,11.46,11.46,10.63,10.76,31379273,52,52,48.2,48.8,6917500,2026-02-14T03:46:51Z
V,2008-11-28,11.59,11.63,11.28,11.4,14415702,52.56,52.74,51.17,51.71,3177900,2026-02-14T03:46:51Z
V,2008-12-01,10.59,11.27,10.51,11.24,35113131,48.05,51.14,47.67,51,7740600,2026-02-14T03:46:51Z
V,2008-12-02,10.95,10.97,10.48,10.76,30135605,49.68,49.76,47.53,48.81,6643300,2026-02-14T03:46:51Z
V,2008-12-03,11.56,11.63,10.61,10.61,41283632,52.44,52.75,48.11,48.12,9100900,2026-02-14T03:46:51Z
V,2008-12-04,11.2,11.63,11.07,11.45,34571161,50.81,52.75,50.22,51.93,7621100,2026-02-14T03:46:51Z
V,2008-12-05,11.72,11.79,10.69,10.97,46649194,53.18,53.47,48.5,49.75,10283700,2026-02-14T03:46:51Z
V,2008-12-08,12.38,12.71,11.9,11.99,60211314,56.16,57.67,53.97,54.4,13273400,2026-02-14T03:46:51Z
V,2008-12-09,11.8,12.44,11.71,12.23,36433927,53.53,56.44,53.1,55.5,8031800,2026-02-14T03:46:51Z
V,2008-12-10,11.72,11.87,11.23,11.72,34233061,53.16,53.85,50.95,53.15,7546600,2026-02-14T03:46:51Z
V,2008-12-11,11.48,12.03,11.4,11.55,34015383,52.09,54.59,51.72,52.4,7498600,2026-02-14T03:46:51Z
V,2008-12-12,11.67,11.88,11.13,11.13,28561892,52.95,53.91,50.5,50.51,6296400,2026-02-14T03:46:51Z
V,2008-12-15,11.63,11.85,11.41,11.64,24788681,52.75,53.77,51.77,52.81,5464600,2026-02-14T03:46:51Z
V,2008-12-16,12.07,12.08,11.63,11.75,34840519,54.77,54.78,52.74,53.3,7680500,2026-02-14T03:46:51Z
V,2008-12-17,12.2,12.35,11.92,11.97,28278326,55.36,56,54.06,54.29,6233900,2026-02-14T03:46:51Z
V,2008-12-18,12.06,12.39,11.92,12.21,34446233,54.7,56.19,54.07,55.37,7593600,2026-02-14T03:46:51Z
V,2008-12-19,12.12,12.4,11.86,12.02,40361535,54.97,56.23,53.78,54.51,8897600,2026-02-14T03:46:51Z
V,2008-12-22,11.85,12.18,11.68,12.09,15971086,53.75,55.24,52.98,54.86,3520800,2026-02-14T03:46:51Z
V,2008-12-23,11.83,11.99,11.71,11.8,12132149,53.65,54.4,53.12,53.52,2674500,2026-02-14T03:46:51Z
V,2008-12-24,11.66,11.85,11.61,11.78,7404463,52.89,53.75,52.65,53.44,1632300,2026-02-14T03:46:51Z
V,2008-12-26,11.74,11.79,11.45,11.63,7344170,53.25,53.46,51.93,52.78,1619000,2026-02-14T03:46:51Z
V,2008-12-29,11.5,11.81,11.45,11.7,15651407,52.17,53.59,51.93,53.05,3450300,2026-02-14T03:46:51Z
V,2008-12-30,11.24,11.51,11.08,11.51,19390137,50.99,52.2,50.27,52.2,4274500,2026-02-14T03:46:51Z
V,2008-12-31,11.56,11.63,11.15,11.16,18565827,52.45,52.77,50.6,50.61,4092800,2026-02-14T03:46:51Z
V,2009-01-02,11.78,11.84,11.52,11.67,15006312,53.44,53.71,52.24,52.92,3308100,2026-02-14T03:46:51Z
V,2009-01-05,11.86,12.19,11.68,11.68,18824865,53.82,55.3,53,53,4149900,2026-02-14T03:46:51Z
V,2009-01-06,12.7,12.78,12.01,12.01,36899888,57.61,57.98,54.5,54.5,8134500,2026-02-14T03:46:51Z
V,2009-01-07,12.42,12.78,12.34,12.5,32299811,56.36,57.95,55.99,56.69,7120400,2026-02-14T03:46:51Z
V,2009-01-08,12.29,12.41,11.74,12.35,39333474,55.76,56.3,53.27,56.01,8671000,2026-02-14T03:46:51Z
V,2009-01-09,12.26,12.41,12.08,12.35,18941909,55.62,56.31,54.78,56.02,4175700,2026-02-14T03:46:51Z
V,2009-01-12,11.67,12.38,11.59,12.19,35746378,52.96,56.15,52.56,55.29,7880200,2026-02-14T03:46:51Z
V,2009-01-13,11.71,11.76,11.36,11.63,26233865,53.14,53.34,51.51,52.75,5783200,2026-02-14T03:46:51Z
V,2009-01-14,11.24,11.6,11.07,11.47,28691660,50.97,52.61,50.22,52.01,6325000,2026-02-14T03:46:51Z
V,2009-01-15,10.89,11.21,10.47,11.11,53835030,49.38,50.85,47.5,50.38,11867800,2026-02-14T03:46:51Z
V,2009-01-16,10.45,10.9,9.97,10.81,78482302,47.41,49.45,45.21,49.03,17301200,2026-02-14T03:46:51Z
V,2009-01-20,9.35,10.23,9.27,10.15,67779271,42.42,46.41,42.06,46.05,14941800,2026-02-14T03:46:51Z
V,2009-01-21,9.74,9.95,9.41,9.52,57274237,44.18,45.15,42.7,43.2,12626000,2026-02-14T03:46:51Z
V,2009-01-22,9.74,10.07,9.53,9.65,36207152,44.18,45.68,43.23,43.78,7981800,2026-02-14T03:46:51Z
V,2009-01-23,9.77,9.8,9.21,9.41,25649278,44.32,44.45,41.78,42.69,5654300,2026-02-14T03:46:51Z
V,2009-01-26,9.39,9.97,9.37,9.77,27300258,42.59,45.24,42.52,44.3,6018300,2026-02-14T03:46:51Z
V,2009-01-27,9.73,9.74,9.4,9.59,29980251,44.15,44.19,42.64,43.49,6609100,2026-02-14T03:46:51Z
V,2009-01-28,10.41,10.47,9.97,10.12,36396986,47.22,47.48,45.25,45.91,8023600,2026-02-14T03:46:51Z
V,2009-01-29,10.2,10.61,9.97,10.13,29598900,46.27,48.11,45.25,45.94,6525000,2026-02-14T03:46:51Z
V,2009-01-30,10.88,10.88,10.33,10.37,34385915,49.35,49.35,46.86,47.05,7580300,2026-02-14T03:46:51Z
V,2009-02-02,11.02,11.02,10.48,10.64,32370407,49.97,49.99,47.54,48.26,7136000,2026-02-14T03:46:51Z
V,2009-02-03,10.67,11.23,10.62,11.07,32838519,48.39,50.95,48.19,50.21,7239200,2026-02-14T03:46:51Z
V,2009-02-04,10.83,11.07,10.71,10.77,37471458,49.13,50.24,48.56,48.86,8260500,2026-02-14T03:46:51Z
V,2009-02-05,11.85,12.15,11.35,11.52,109695489,53.74,55.1,51.5,52.24,24182200,2026-02-14T03:46:51Z
V,2009-02-06,12.21,12.35,11.83,11.89,52049562,55.41,56,53.68,53.95,11474200,2026-02-14T03:46:51Z
V,2009-02-09,12.2,12.42,12.04,12.24,36151335,55.32,56.35,54.6,55.52,7969500,2026-02-14T03:46:51Z
V,2009-02-10,11.87,12.35,11.82,12.15,43175802,53.85,56,53.61,55.13,9518000,2026-02-14T03:46:51Z
V,2009-02-11,12.14,12.2,11.82,11.95,26793876,54.96,55.23,53.5,54.1,5918200,2026-02-14T03:46:51Z
V,2009-02-12,12.46,12.5,11.73,11.99,39424537,56.4,56.6,53.1,54.28,8708000,2026-02-14T03:46:51Z
V,2009-02-13,12.36,12.8,12.21,12.57,46165849,55.95,57.95,55.26,56.93,10197000,2026-02-14T03:46:51Z
V,2009-02-17,11.98,12.19,11.85,12.08,40275278,54.25,55.2,53.67,54.69,8895900,2026-02-14T03:46:51Z
V,2009-02-18,12.4,12.57,11.98,12.05,41126777,56.15,56.89,54.25,54.57,9084000,2026-02-14T03:46:51Z
V,2009-02-19,12.29,12.79,12.26,12.58,39738042,55.63,57.9,55.49,56.95,8777300,2026-02-14T03:46:51Z
V,2009-02-20,12.29,12.39,12.04,12.07,48568322,55.66,56.09,54.5,54.65,10727700,2026-02-14T03:46:51Z
V,2009-02-23,11.98,12.55,11.93,12.38,36185681,54.25,56.84,53.99,56.04,7992600,2026-02-14T03:46:51Z
V,2009-02-24,12.45,12.59,11.84,12,49342069,56.35,56.98,53.61,54.34,10898600,2026-02-14T03:46:51Z
V,2009-02-25,12.24,12.49,12.18,12.39,38931765,55.42,56.55,55.14,56.11,8599200,2026-02-14T03:46:51Z
V,2009-02-26,12.38,12.52,12.1,12.42,40640151,56.06,56.66,54.79,56.25,8976500,2026-02-14T03:46:51Z
V,2009-02-27,12.53,12.79,12.15,12.15,53466129,56.71,57.9,55,55,11809500,2026-02-14T03:46:51Z
V,2009-03-02,11.96,12.58,11.9,12.35,44210655,54.16,56.97,53.87,55.93,9765200,2026-02-14T03:46:51Z
V,2009-03-03,12.01,12.29,11.75,12.09,47753171,54.36,55.63,53.21,54.73,10547600,2026-02-14T03:46:51Z
V,2009-03-04,12.21,12.34,11.9,12.15,40491399,55.29,55.87,53.9,55,8943700,2026-02-14T03:46:51Z
V,2009-03-05,11.8,12.26,11.64,12.05,49966054,53.42,55.49,52.68,54.55,11036400,2026-02-14T03:46:51Z
V,2009-03-06,11.09,11.96,10.87,11.87,68716002,50.19,54.15,49.21,53.76,15177900,2026-02-14T03:46:51Z
V,2009-03-09,11,11.28,10.77,10.97,37978517,49.8,51.08,48.74,49.67,8388600,2026-02-14T03:46:51Z
V,2009-03-10,11.68,11.68,11.17,11.26,43743224,52.87,52.87,50.59,50.99,9661900,2026-02-14T03:46:51Z
V,2009-03-11,11.35,11.85,11.16,11.85,40894529,51.37,53.66,50.52,53.66,9032700,2026-02-14T03:46:51Z
V,2009-03-12,11.95,11.95,11.1,11.33,48983112,54.09,54.09,50.27,51.3,10819300,2026-02-14T03:46:51Z
V,2009-03-13,11.5,12.23,11.42,11.98,56102007,52.05,55.35,51.7,54.26,12391700,2026-02-14T03:46:51Z
V,2009-03-16,11.52,11.87,11.46,11.7,37887900,52.17,53.73,51.86,52.98,8368600,2026-02-14T03:46:51Z
V,2009-03-17,12.21,12.23,11.34,11.49,29146272,55.29,55.38,51.33,52,6437800,2026-02-14T03:46:51Z
V,2009-03-18,12.44,12.48,11.81,12.03,51270591,56.31,56.5,53.46,54.45,11324600,2026-02-14T03:46:51Z
V,2009-03-19,11.64,12.52,11.58,12.45,47248098,52.69,56.7,52.43,56.38,10436100,2026-02-14T03:46:51Z
V,2009-03-20,11.6,12.01,11.6,11.75,37891124,52.53,54.36,52.5,53.2,8369300,2026-02-14T03:46:51Z
V,2009-03-23,12.27,12.28,11.68,11.9,50544494,55.54,55.58,52.9,53.87,11164200,2026-02-14T03:46:51Z
V,2009-03-24,11.84,12.1,11.77,11.99,49303975,53.6,54.79,53.27,54.28,10890200,2026-02-14T03:46:51Z
V,2009-03-25,11.65,12.09,11.33,11.92,66356170,52.75,54.75,51.28,53.95,14656600,2026-02-14T03:46:51Z
V,2009-03-26,12.26,12.32,11.6,11.79,67471786,55.5,55.79,52.52,53.38,14903000,2026-02-14T03:46:51Z
V,2009-03-27,11.98,12.44,11.97,11.99,36996991,54.25,56.31,54.21,54.28,8171800,2026-02-14T03:46:51Z
V,2009-03-30,11.82,12.12,11.71,11.77,43684648,53.5,54.85,53.01,53.3,9649000,2026-02-14T03:46:51Z
V,2009-03-31,12.28,12.42,11.89,12.02,53709361,55.6,56.23,53.84,54.4,11863200,2026-02-14T03:46:51Z
V,2009-04-01,11.99,12.37,11.85,12.09,49967265,54.29,56,53.63,54.75,11036700,2026-02-14T03:46:51Z
V,2009-04-02,12.28,12.61,12.18,12.25,53653638,55.59,57.11,55.12,55.46,11850900,2026-02-14T03:46:51Z
V,2009-04-03,13.27,13.29,12.21,12.21,65311834,60.08,60.16,55.27,55.27,14426000,2026-02-14T03:46:51Z
V,2009-04-06,13.06,13.26,12.76,12.97,50864340,59.13,60.04,57.75,58.7,11234800,2026-02-14T03:46:51Z
V,2009-04-07,12.62,12.98,12.61,12.89,30704677,57.15,58.76,57.07,58.38,6782000,2026-02-14T03:46:51Z
V,2009-04-08,12.77,12.78,12.46,12.77,26957343,57.82,57.87,56.41,57.8,5954300,2026-02-14T03:46:51Z
V,2009-04-09,12.99,13.15,12.73,13,51823246,58.79,59.53,57.63,58.85,11446600,2026-02-14T03:46:51Z
V,2009-04-13,13.5,13.56,12.81,12.85,43151278,61.11,61.4,58,58.16,9531200,2026-02-14T03:46:51Z
V,2009-04-14,12.88,13.46,12.84,13.28,40420550,58.33,60.92,58.13,60.11,8928000,2026-02-14T03:46:51Z
V,2009-04-15,13.06,13.09,12.64,12.82,33601806,59.11,59.28,57.25,58.03,7421900,2026-02-14T03:46:51Z
V,2009-04-16,12.83,13.11,12.7,12.83,40879082,58.07,59.37,57.5,58.1,9029300,2026-02-14T03:46:51Z
V,2009-04-17,12.81,13.06,12.65,12.85,42804705,58,59.13,57.26,58.18,9454600,2026-02-14T03:46:51Z
V,2009-04-20,12.15,12.74,12.14,12.59,48193985,55,57.68,54.96,57,10645000,2026-02-14T03:46:51Z
V,2009-04-21,12.95,12.97,11.98,12.11,42726678,58.63,58.7,54.25,54.84,9437400,2026-02-14T03:46:51Z
V,2009-04-22,12.7,13.24,12.64,12.77,39251964,57.51,59.94,57.21,57.8,8669900,2026-02-14T03:46:51Z
V,2009-04-23,12.86,13.03,12.61,12.87,40640164,58.23,58.97,57.1,58.25,8976500,2026-02-14T03:46:51Z
V,2009-04-24,13.34,13.42,12.82,13.1,44918961,60.38,60.75,58.04,59.31,9921600,2026-02-14T03:46:51Z
V,2009-04-27,13,13.19,12.95,12.98,33407097,58.87,59.72,58.63,58.78,7378900,2026-02-14T03:46:51Z
V,2009-04-28,13.41,13.7,12.83,12.84,47867160,60.71,62.04,58.1,58.15,10572800,2026-02-14T03:46:51Z
V,2009-04-29,14.03,14.08,13.59,13.67,66988378,63.51,63.74,61.51,61.89,14796300,2026-02-14T03:46:51Z
V,2009-04-30,14.35,15.02,14.12,14.17,115179697,64.96,68,63.92,64.14,25440600,2026-02-14T03:46:51Z
V,2009-05-01,14.36,14.64,13.84,14.17,68608368,65.01,66.3,62.64,64.15,15154100,2026-02-14T03:46:51Z
V,2009-05-04,15.06,15.14,14.29,14.6,89351008,68.2,68.56,64.72,66.08,19735700,2026-02-14T03:46:51Z
V,2009-05-05,14.88,15.13,14.79,14.98,64274711,67.39,68.5,66.97,67.82,14196900,2026-02-14T03:46:51Z
V,2009-05-06,14.62,15.07,14.52,15.04,47354244,66.19,68.22,65.75,68.07,10459500,2026-02-14T03:46:51Z
V,2009-05-07,14.47,14.8,14.43,14.72,39310483,65.53,67,65.35,66.63,8682800,2026-02-14T03:46:51Z
V,2009-05-08,15.11,15.12,14.47,14.57,42833095,68.43,68.47,65.5,65.97,9460900,2026-02-14T03:46:51Z
V,2009-05-11,14.56,15.01,14.56,14.76,29405799,65.93,67.95,65.93,66.8,6495100,2026-02-14T03:46:51Z
V,2009-05-12,14.41,14.85,14.29,14.76,41173303,65.22,67.25,64.71,66.84,9094300,2026-02-14T03:46:51Z
V,2009-05-13,14.26,14.48,14.05,14.23,53755590,64.47,65.47,63.51,64.32,11892600,2026-02-14T03:46:51Z
V,2009-05-14,14.27,14.4,14.05,14.13,37136288,64.52,65.1,63.51,63.87,8215800,2026-02-14T03:46:51Z
V,2009-05-15,14.4,14.49,14.16,14.26,27893535,65.07,65.5,64.02,64.45,6171000,2026-02-14T03:46:51Z
V,2009-05-18,14.69,14.72,14.22,14.45,67029705,66.41,66.55,64.26,65.32,14829300,2026-02-14T03:46:51Z
V,2009-05-19,14.34,14.67,14.22,14.61,51739654,64.8,66.31,64.29,66.03,11446600,2026-02-14T03:46:51Z
V,2009-05-20,14.37,14.81,14.29,14.44,38261191,64.96,66.96,64.61,65.26,8464700,2026-02-14T03:46:51Z
V,2009-05-21,14.66,14.67,14.26,14.27,62982593,66.28,66.32,64.47,64.51,13933900,2026-02-14T03:46:51Z
V,2009-05-22,14.55,14.93,14.43,14.8,24564832,65.75,67.5,65.23,66.91,5434600,2026-02-14T03:46:51Z
V,2009-05-26,14.77,14.8,14.44,14.55,23237827,66.77,66.89,65.28,65.79,5141000,2026-02-14T03:46:51Z
V,2009-05-27,14.58,15.07,14.44,14.68,30688205,65.92,68.14,65.25,66.33,6789300,2026-02-14T03:46:51Z
V,2009-05-28,14.71,14.82,14.55,14.67,22807916,66.5,66.99,65.75,66.29,5045900,2026-02-14T03:46:51Z
V,2009-05-29,14.98,15.02,14.56,14.74,36372236,67.71,67.9,65.8,66.63,8046800,2026-02-14T03:46:51Z
V,2009-06-01,14.75,15.25,14.56,15.15,49303315,66.66,68.95,65.82,68.5,10907600,2026-02-14T03:46:51Z
V,2009-06-02,14.78,14.82,14.49,14.69,35083530,66.81,67,65.5,66.4,7761700,2026-02-14T03:46:51Z
V,2009-06-03,15.09,15.21,14.57,14.75,39968078,68.23,68.76,65.87,66.69,8842300,2026-02-14T03:46:51Z
V,2009-06-04,15.38,15.76,15.12,15.14,63536291,69.52,71.24,68.32,68.45,14056400,2026-02-14T03:46:51Z
V,2009-06-05,15.33,15.67,15.22,15.49,83916978,69.28,70.84,68.8,70.01,18565300,2026-02-14T03:46:51Z
V,2009-06-08,15.44,15.62,15.17,15.19,23320004,69.8,70.6,68.55,68.66,5159200,2026-02-14T03:46:51Z
V,2009-06-09,15.18,15.57,15.15,15.5,24604247,68.63,70.37,68.47,70.07,5443300,2026-02-14T03:46:51Z
V,2009-06-10,15.32,15.47,15.04,15.27,38194798,69.27,69.92,67.96,69.03,8450000,2026-02-14T03:46:51Z
V,2009-06-11,14.76,15.4,14.75,15.34,49673872,66.72,69.6,66.66,69.35,10989600,2026-02-14T03:46:51Z
V,2009-06-12,14.24,14.87,14.23,14.8,91505510,64.36,67.2,64.31,66.89,20244100,2026-02-14T03:46:51Z
V,2009-06-15,14.25,14.57,13.95,14.15,28890239,64.43,65.88,63.07,63.98,6391500,2026-02-14T03:46:51Z
V,2009-06-16,13.82,14.4,13.74,14.4,33664746,62.46,65.1,62.12,65.1,7447800,2026-02-14T03:46:51Z
V,2009-06-17,13.57,13.96,13.45,13.82,36232693,61.35,63.1,60.8,62.46,8015900,2026-02-14T03:46:51Z
V,2009-06-18,13.59,13.74,13.41,13.6,36356019,61.41,62.11,60.63,61.45,8043200,2026-02-14T03:46:51Z
V,2009-06-19,13.58,13.74,13.46,13.65,28781142,61.37,62.1,60.86,61.7,6367400,2026-02-14T03:46:51Z
V,2009-06-22,13.55,13.93,13.43,13.44,34092785,61.24,62.96,60.7,60.74,7542500,2026-02-14T03:46:51Z
V,2009-06-23,13.86,13.91,13.57,13.57,22593165,62.67,62.87,61.32,61.33,4998400,2026-02-14T03:46:51Z
V,2009-06-24,13.52,13.97,13.47,13.94,25769971,61.09,63.15,60.9,63,5701200,2026-02-14T03:46:51Z
V,2009-06-25,13.71,13.78,13.33,13.47,23604326,61.95,62.28,60.27,60.89,5222100,2026-02-14T03:46:51Z
V,2009-06-26,14.12,14.12,13.62,13.68,22319732,63.82,63.82,61.56,61.82,4937900,2026-02-14T03:46:51Z
V,2009-06-29,13.93,14.13,13.83,14.13,25634879,62.98,63.89,62.5,63.89,5671300,2026-02-14T03:46:51Z
V,2009-06-30,13.77,14.14,13.72,13.88,55659326,62.26,63.93,62.02,62.75,12313800,2026-02-14T03:46:51Z
V,2009-07-01,13.45,13.84,13.45,13.78,29582091,60.8,62.57,60.78,62.28,6544600,2026-02-14T03:46:51Z
V,2009-07-02,13.29,13.65,13.29,13.45,24321647,60.08,61.7,60.08,60.8,5380800,2026-02-14T03:46:51Z
V,2009-07-06,13.42,13.52,13.25,13.29,26443426,60.67,61.1,59.9,60.07,5850200,2026-02-14T03:46:51Z
V,2009-07-07,13.21,13.57,13.14,13.57,34317011,59.71,61.33,59.4,61.33,7592100,2026-02-14T03:46:51Z
V,2009-07-08,13.16,13.35,12.83,13.21,72415244,59.49,60.32,58,59.72,16020700,2026-02-14T03:46:51Z
V,2009-07-09,13.37,13.42,13.22,13.3,30078068,60.44,60.65,59.75,60.14,6654300,2026-02-14T03:46:51Z
V,2009-07-10,13.24,13.35,13.14,13.24,18821654,59.86,60.33,59.41,59.87,4164000,2026-02-14T03:46:51Z
V,2009-07-13,13.35,13.37,13.07,13.3,34628871,60.35,60.42,59.1,60.11,7661100,2026-02-14T03:46:51Z
V,2009-07-14,13.34,13.39,13.19,13.38,15025717,60.29,60.51,59.64,60.5,3324200,2026-02-14T03:46:51Z
V,2009-07-15,13.86,13.88,13.42,13.49,41254088,62.65,62.75,60.67,61,9126800,2026-02-14T03:46:51Z
V,2009-07-16,14.25,14.32,13.76,13.82,56602896,64.41,64.72,62.2,62.45,12522500,2026-02-14T03:46:51Z
V,2009-07-17,14.18,14.38,14.16,14.21,20427238,64.1,65,64,64.25,4519200,2026-02-14T03:46:51Z
V,2009-07-20,14.85,14.88,14.22,14.24,36433184,67.12,67.28,64.3,64.36,8060300,2026-02-14T03:46:51Z
V,2009-07-21,14.86,14.87,14.55,14.85,20056994,67.15,67.2,65.79,67.12,4437300,2026-02-14T03:46:51Z
V,2009-07-22,14.79,14.95,14.67,14.74,28621263,66.85,67.56,66.32,66.62,6332000,2026-02-14T03:46:51Z
V,2009-07-23,14.86,15.01,14.74,14.87,21922056,67.19,67.84,66.62,67.2,4849900,2026-02-14T03:46:51Z
V,2009-07-24,14.89,14.97,14.66,14.66,14914460,67.29,67.65,66.25,66.27,3299600,2026-02-14T03:46:51Z
V,2009-07-27,15.09,15.11,14.85,14.88,16134895,68.19,68.31,67.11,67.25,3569600,2026-02-14T03:46:51Z
V,2009-07-28,14.67,15.11,14.63,14.98,25618149,66.3,68.3,66.13,67.71,5667600,2026-02-14T03:46:51Z
V,2009-07-29,14.77,14.8,14.54,14.73,24896274,66.78,66.89,65.72,66.6,5507900,2026-02-14T03:46:51Z
V,2009-07-30,14.87,15.42,14.79,14.97,65316087,67.21,69.68,66.83,67.69,14450200,2026-02-14T03:46:51Z
V,2009-07-31,14.48,14.86,14.46,14.81,37349536,65.46,67.17,65.35,66.94,8263000,2026-02-14T03:46:51Z
V,2009-08-03,15.29,15.29,14.58,14.64,34287638,69.11,69.11,65.9,66.19,7585600,2026-02-14T03:46:51Z
V,2009-08-04,15.29,15.29,15.02,15.12,21134591,69.1,69.11,67.9,68.33,4675700,2026-02-14T03:46:51Z
V,2009-08-05,15.13,15.31,15.01,15.31,22462611,68.38,69.19,67.86,69.19,4969500,2026-02-14T03:46:51Z
V,2009-08-06,15.19,15.42,15.03,15.16,23611221,68.65,69.69,67.95,68.52,5223600,2026-02-14T03:46:51Z
V,2009-08-07,15.3,15.41,15.21,15.32,17381997,69.17,69.65,68.73,69.24,3845500,2026-02-14T03:46:51Z
V,2009-08-10,15.24,15.37,15.18,15.27,11348163,68.88,69.49,68.6,69.04,2510600,2026-02-14T03:46:51Z
V,2009-08-11,15.18,15.32,15.16,15.16,16436406,68.61,69.25,68.53,68.54,3636300,2026-02-14T03:46:51Z
V,2009-08-12,15.17,15.3,15.04,15.13,16283540,68.45,69.05,67.88,68.29,3608000,2026-02-14T03:46:51Z
V,2009-08-13,15.22,15.26,15.05,15.18,16888715,68.68,68.88,67.94,68.5,3742100,2026-02-14T03:46:51Z
V,2009-08-14,15.02,15.22,14.96,15.13,13781867,67.8,68.68,67.5,68.3,3053700,2026-02-14T03:46:51Z
V,2009-08-17,14.72,14.84,14.63,14.81,22324462,66.43,66.98,66.04,66.84,4946500,2026-02-14T03:46:51Z
V,2009-08-18,14.85,14.92,14.75,14.77,19268603,67.01,67.34,66.55,66.65,4269400,2026-02-14T03:46:51Z
V,2009-08-19,14.89,14.9,14.66,14.7,17438503,67.2,67.24,66.15,66.33,3863900,2026-02-14T03:46:51Z
V,2009-08-20,15.02,15.06,14.79,14.87,13711475,67.81,67.99,66.75,67.09,3038100,2026-02-14T03:46:51Z
V,2009-08-21,15.29,15.3,15.03,15.14,30979730,69,69.05,67.85,68.34,6864300,2026-02-14T03:46:51Z
V,2009-08-24,15.06,15.4,15.01,15.34,22541531,67.95,69.5,67.76,69.25,4994600,2026-02-14T03:46:51Z
V,2009-08-25,15.28,15.29,15.04,15.1,19829590,68.98,69,67.9,68.15,4393700,2026-02-14T03:46:51Z
V,2009-08-26,15.55,15.61,15.17,15.2,21403226,70.2,70.43,68.45,68.6,4742400,2026-02-14T03:46:51Z
V,2009-08-27,15.45,15.57,15.35,15.44,23248701,69.71,70.25,69.28,69.68,5151300,2026-02-14T03:46:51Z
V,2009-08-28,15.62,15.62,15.35,15.52,15821418,70.5,70.5,69.28,70.05,3505600,2026-02-14T03:46:51Z
V,2009-08-31,15.75,15.8,15.42,15.44,24281748,71.1,71.32,69.6,69.7,5380200,2026-02-14T03:46:51Z
V,2009-09-01,15.55,15.95,15.54,15.68,25150164,70.18,72,70.14,70.78,5572600,2026-02-14T03:46:51Z
V,2009-09-02,15.53,15.7,15.38,15.46,15047378,70.1,70.86,69.43,69.77,3334100,2026-02-14T03:46:51Z
V,2009-09-03,15.71,15.74,15.47,15.6,19256789,70.91,71.05,69.8,70.41,4266800,2026-02-14T03:46:51Z
V,2009-09-04,15.59,15.72,15.52,15.65,11163346,70.36,70.95,70.05,70.65,2473500,2026-02-14T03:46:51Z
V,2009-09-08,15.72,15.79,15.55,15.66,13788234,70.95,71.25,70.16,70.7,3055100,2026-02-14T03:46:51Z
V,2009-09-09,15.62,15.8,15.55,15.79,18490477,70.48,71.3,70.18,71.26,4097000,2026-02-14T03:46:51Z
V,2009-09-10,16.02,16.06,15.57,15.59,19191350,72.31,72.49,70.27,70.38,4252300,2026-02-14T03:46:51Z
V,2009-09-11,16.02,16.06,15.9,16.06,17373519,72.29,72.5,71.75,72.5,3849500,2026-02-14T03:46:51Z
V,2009-09-14,16.15,16.18,15.84,15.85,14779711,72.87,73,71.5,71.51,3274800,2026-02-14T03:46:51Z
V,2009-09-15,16.22,16.27,16.04,16.18,17321092,73.2,73.45,72.38,73,3837900,2026-02-14T03:46:51Z
V,2009-09-16,16.42,16.53,16.1,16.23,18740934,74.09,74.6,72.66,73.25,4152500,2026-02-14T03:46:51Z
V,2009-09-17,16.36,16.59,16.24,16.39,16063249,73.82,74.86,73.3,73.95,3559200,2026-02-14T03:46:51Z
V,2009-09-18,16.35,16.46,16.21,16.38,17160907,73.79,74.27,73.16,73.92,3802400,2026-02-14T03:46:51Z
V,2009-09-21,16.26,16.46,16.18,16.19,14601908,73.39,74.3,73.01,73.07,3235400,2026-02-14T03:46:51Z
V,2009-09-22,16.49,16.56,16.25,16.31,17204207,74.41,74.73,73.32,73.6,3812000,2026-02-14T03:46:51Z
V,2009-09-23,16.38,16.62,16.34,16.49,16898692,73.92,74.99,73.76,74.41,3744300,2026-02-14T03:46:51Z
V,2009-09-24,16.29,16.38,16.01,16.26,18115434,73.53,73.91,72.25,73.39,4013900,2026-02-14T03:46:51Z
V,2009-09-25,15.66,16.23,15.34,16.21,54368811,70.66,73.25,69.23,73.17,12046700,2026-02-14T03:46:51Z
V,2009-09-28,15.76,15.92,15.62,15.75,20725904,71.14,71.85,70.51,71.1,4592300,2026-02-14T03:46:51Z
V,2009-09-29,15.41,15.98,15.34,15.77,47287596,69.57,72.14,69.21,71.19,10477700,2026-02-14T03:46:51Z
V,2009-09-30,15.31,15.51,15.2,15.46,34376055,69.11,70,68.61,69.75,7616800,2026-02-14T03:46:51Z
V,2009-10-01,15.32,15.55,15.24,15.24,31837662,69.12,70.16,68.77,68.77,7054400,2026-02-14T03:46:51Z
V,2009-10-02,15.02,15.31,14.75,15.16,39963175,67.79,69.1,66.55,68.44,8854800,2026-02-14T03:46:51Z
V,2009-10-05,15.1,15.29,15,15.04,22458086,68.16,69,67.68,67.87,4976100,2026-02-14T03:46:51Z
V,2009-10-06,15.12,15.22,14.93,15.22,41104665,68.26,68.7,67.4,68.69,9107700,2026-02-14T03:46:51Z
V,2009-10-07,15.7,15.81,15.27,15.32,55358600,70.86,71.34,68.91,69.15,12266000,2026-02-14T03:46:51Z
V,2009-10-08,15.89,15.96,15.66,15.75,27197692,71.73,72.03,70.67,71.1,6026300,2026-02-14T03:46:51Z
V,2009-10-09,16.16,16.24,15.81,15.85,23397611,72.94,73.29,71.34,71.55,5184300,2026-02-14T03:46:51Z
V,2009-10-12,16.33,16.61,16.25,16.47,21760680,73.7,74.94,73.35,74.33,4821600,2026-02-14T03:46:51Z
V,2009-10-13,16.54,16.61,16.23,16.34,26638551,74.67,74.98,73.23,73.74,5902400,2026-02-14T03:46:51Z
V,2009-10-14,16.57,16.67,16.35,16.58,30615120,74.8,75.25,73.79,74.83,6783500,2026-02-14T03:46:51Z
V,2009-10-15,16.64,16.8,16.4,16.44,25129416,75.08,75.84,74.02,74.19,5568000,2026-02-14T03:46:51Z
V,2009-10-16,16.46,16.64,16.4,16.56,16864378,74.29,75.08,74,74.73,3736700,2026-02-14T03:46:51Z
V,2009-10-19,16.61,16.62,16.22,16.46,16457325,74.95,75,73.19,74.27,3646500,2026-02-14T03:46:51Z
V,2009-10-20,16.63,16.82,16.5,16.72,18624958,75.05,75.9,74.46,75.45,4126800,2026-02-14T03:46:51Z
V,2009-10-21,16.66,17.06,16.58,16.58,18374501,75.19,76.99,74.82,74.82,4071300,2026-02-14T03:46:51Z
V,2009-10-22,16.77,16.81,16.45,16.75,24562500,75.69,75.88,74.26,75.6,5442400,2026-02-14T03:46:51Z
V,2009-10-23,16.42,16.86,16.31,16.82,28781921,74.12,76.09,73.63,75.93,6377300,2026-02-14T03:46:51Z
V,2009-10-26,16.13,16.8,16.05,16.61,39305287,72.78,75.83,72.46,74.97,8709000,2026-02-14T03:46:51Z
V,2009-10-27,16.37,16.5,16.07,16.31,46091651,73.9,74.45,72.51,73.61,10212700,2026-02-14T03:46:51Z
V,2009-10-28,16.97,17.29,16.57,16.61,87927839,76.57,78.02,74.76,74.94,19482500,2026-02-14T03:46:51Z
V,2009-10-29,17.12,17.33,16.8,17.06,46831864,77.28,78.2,75.83,77.01,10376700,2026-02-14T03:46:51Z
V,2009-10-30,16.79,17.17,16.65,17.05,30818683,75.76,77.5,75.16,76.96,6828600,2026-02-14T03:46:51Z
V,2009-11-02,17.13,17.32,16.8,16.86,28584220,77.29,78.17,75.83,76.09,6333500,2026-02-14T03:46:51Z
V,2009-11-03,17.21,17.21,16.8,17.01,29437605,77.65,77.67,75.8,76.77,6522600,2026-02-14T03:46:51Z
V,2009-11-04,17.35,17.61,17.31,17.35,27490231,78.31,79.5,78.12,78.3,6091100,2026-02-14T03:46:51Z
V,2009-11-05,17.64,17.67,17.34,17.4,18461628,79.59,79.75,78.27,78.52,4090600,2026-02-14T03:46:51Z
V,2009-11-06,17.65,17.7,17.43,17.5,17789091,79.67,79.9,78.66,79,3941600,2026-02-14T03:46:51Z
V,2009-11-09,17.98,18.09,17.66,17.7,29703922,81.16,81.64,79.7,79.86,6581600,2026-02-14T03:46:51Z
V,2009-11-10,17.97,18.06,17.85,17.93,22190842,81.1,81.49,80.56,80.9,4916900,2026-02-14T03:46:51Z
V,2009-11-11,17.91,18.16,17.81,18.09,16543918,80.82,81.97,80.38,81.62,3665700,2026-02-14T03:46:51Z
V,2009-11-12,17.74,18,17.61,17.9,14609972,79.92,81.09,79.33,80.68,3242200,2026-02-14T03:46:51Z
V,2009-11-13,17.75,17.8,17.48,17.74,15430596,80,80.19,78.75,79.93,3424300,2026-02-14T03:46:51Z
V,2009-11-16,17.65,17.84,17.58,17.78,25949338,79.55,80.39,79.22,80.1,5758600,2026-02-14T03:46:51Z
V,2009-11-17,17.88,17.9,17.6,17.66,17724657,80.55,80.68,79.29,79.56,3933400,2026-02-14T03:46:51Z
V,2009-11-18,17.84,17.95,17.68,17.8,12924657,80.39,80.87,79.66,80.19,2868200,2026-02-14T03:46:51Z
V,2009-11-19,17.79,18.1,17.36,17.75,41160444,80.18,81.55,78.23,79.97,9134200,2026-02-14T03:46:51Z
V,2009-11-20,17.75,17.85,17.67,17.69,14124698,80,80.44,79.63,79.72,3134500,2026-02-14T03:46:51Z
V,2009-11-23,17.85,17.93,17.73,17.93,19673125,80.44,80.8,79.91,80.78,4365800,2026-02-14T03:46:51Z
V,2009-11-24,17.89,17.89,17.66,17.83,13690742,80.62,80.64,79.6,80.35,3038200,2026-02-14T03:46:51Z
V,2009-11-25,18.15,18.18,17.84,17.93,12953485,81.79,81.9,80.37,80.8,2874600,2026-02-14T03:46:51Z
V,2009-11-27,17.83,17.94,17.66,17.77,10471028,80.33,80.84,79.6,80.08,2323700,2026-02-14T03:46:51Z
V,2009-11-30,17.98,18.06,17.8,17.83,17693979,81,81.38,80.2,80.33,3926600,2026-02-14T03:46:51Z
V,2009-12-01,18.41,18.51,17.98,18.07,27501354,82.97,83.4,81,81.44,6103000,2026-02-14T03:46:51Z
V,2009-12-02,18.25,18.51,18.21,18.43,14489213,82.22,83.4,82.08,83.05,3215400,2026-02-14T03:46:51Z
V,2009-12-03,17.76,18.34,17.74,18.27,21544111,80.03,82.63,79.93,82.35,4781000,2026-02-14T03:46:51Z
V,2009-12-04,17.81,18.11,17.47,18,24632601,80.27,81.59,78.71,81.09,5466400,2026-02-14T03:46:51Z
V,2009-12-07,17.74,17.89,17.72,17.81,10882913,79.93,80.64,79.84,80.26,2415100,2026-02-14T03:46:51Z
V,2009-12-08,17.75,17.84,17.65,17.67,11744507,79.99,80.41,79.55,79.62,2606300,2026-02-14T03:46:51Z
V,2009-12-09,18.14,18.18,17.64,17.67,18862471,81.75,81.93,79.5,79.62,4185900,2026-02-14T03:46:51Z
V,2009-12-10,18.27,18.37,18.06,18.17,16391719,82.32,82.76,81.38,81.88,3637600,2026-02-14T03:46:51Z
V,2009-12-11,18.05,18.29,18.01,18.26,12976043,81.34,82.4,81.14,82.29,2879600,2026-02-14T03:46:51Z
V,2009-12-14,18.81,19.07,18.53,18.85,79421152,84.77,85.91,83.49,84.96,17624900,2026-02-14T03:46:51Z
V,2009-12-15,19.12,19.13,18.62,18.69,42856182,86.14,86.2,83.9,84.23,9510500,2026-02-14T03:46:51Z
V,2009-12-16,19.31,19.41,19.05,19.14,38057091,87.03,87.48,85.86,86.24,8445500,2026-02-14T03:46:51Z
V,2009-12-17,19.31,19.39,18.97,19.19,43090966,87.03,87.4,85.5,86.49,9562600,2026-02-14T03:46:51Z
V,2009-12-18,19.74,19.9,19.39,19.39,380270730,88.97,89.69,87.39,87.4,84388304,2026-02-14T03:46:51Z
V,2009-12-21,19.42,19.77,19.23,19.74,50203148,87.51,89.07,86.63,88.96,11140900,2026-02-14T03:46:51Z
V,2009-12-22,19.15,19.52,19.05,19.45,32466257,86.3,87.97,85.86,87.66,7204800,2026-02-14T03:46:51Z
V,2009-12-23,19.12,19.31,19.01,19.19,26047645,86.15,87,85.65,86.46,5780400,2026-02-14T03:46:51Z
V,2009-12-24,19.15,19.26,19.04,19.22,7786702,86.29,86.8,85.8,86.59,1728000,2026-02-14T03:46:51Z
V,2009-12-28,19.25,19.31,19.11,19.18,15139909,86.76,87,86.09,86.43,3359800,2026-02-14T03:46:51Z
V,2009-12-29,19.53,19.59,19.23,19.23,21116939,88.02,88.28,86.65,86.65,4686200,2026-02-14T03:46:51Z
V,2009-12-30,19.56,19.59,19.41,19.41,13915158,88.14,88.28,87.47,87.47,3088000,2026-02-14T03:46:51Z
V,2009-12-31,19.41,19.57,19.34,19.52,14243658,87.46,88.18,87.17,87.98,3160900,2026-02-14T03:46:51Z
V,2010-01-04,19.56,19.7,19.41,19.53,22734249,88.14,88.77,87.46,88,5045100,2026-02-14T03:46:51Z
V,2010-01-05,19.34,19.42,19.09,19.37,29103715,87.13,87.53,86,87.3,6458600,2026-02-14T03:46:51Z
V,2010-01-06,19.08,19.32,19.06,19.31,18321251,85.96,87.08,85.9,87.01,4065800,2026-02-14T03:46:51Z
V,2010-01-07,19.25,19.31,18.98,19.08,31369869,86.76,87,85.55,85.97,6961500,2026-02-14T03:46:51Z
V,2010-01-08,19.31,19.39,19.14,19.27,13415360,87,87.39,86.23,86.82,2977100,2026-02-14T03:46:51Z
V,2010-01-11,19.25,19.52,19.12,19.42,14545977,86.75,87.94,86.17,87.51,3228000,2026-02-14T03:46:51Z
V,2010-01-12,19.16,19.32,19.05,19.23,14467581,86.34,87.05,85.85,86.63,3210600,2026-02-14T03:46:51Z
V,2010-01-13,19.34,19.35,19.07,19.19,15128215,87.14,87.2,85.95,86.46,3357200,2026-02-14T03:46:51Z
V,2010-01-14,19.4,19.42,19.2,19.3,20708217,87.44,87.53,86.5,86.97,4595500,2026-02-14T03:46:51Z
V,2010-01-15,19.12,19.43,19.07,19.41,23991440,86.14,87.54,85.92,87.48,5324100,2026-02-14T03:46:51Z
V,2010-01-19,19.5,19.62,19.02,19.12,17169039,87.85,88.41,85.7,86.17,3810100,2026-02-14T03:46:51Z
V,2010-01-20,19.4,19.47,19.15,19.46,14386898,87.42,87.74,86.31,87.68,3192700,2026-02-14T03:46:51Z
V,2010-01-21,18.74,19.51,18.67,19.41,31719946,84.45,87.9,84.12,87.45,7039200,2026-02-14T03:46:51Z
V,2010-01-22,18.36,18.73,18.12,18.65,33550820,82.73,84.39,81.64,84.03,7445500,2026-02-14T03:46:51Z
V,2010-01-25,18.2,18.6,18.07,18.51,18192436,82.03,83.81,81.41,83.4,4037200,2026-02-14T03:46:51Z
V,2010-01-26,18.01,18.32,17.97,18.05,14017003,81.15,82.54,80.99,81.35,3110600,2026-02-14T03:46:51Z
V,2010-01-27,18.62,18.67,17.89,17.95,21782534,83.91,84.13,80.61,80.88,4833900,2026-02-14T03:46:51Z
V,2010-01-28,18.34,18.75,18.07,18.72,14724907,82.65,84.48,81.41,84.36,3267700,2026-02-14T03:46:51Z
V,2010-01-29,18.2,18.86,18.17,18.33,22851400,82.03,84.98,81.87,82.6,5071100,2026-02-14T03:46:51Z
V,2010-02-01,18.57,18.81,18.24,18.26,18136938,83.66,84.75,82.2,82.29,4024900,2026-02-14T03:46:51Z
V,2010-02-02,18.64,18.75,18.53,18.7,16271440,84.01,84.47,83.5,84.26,3610900,2026-02-14T03:46:51Z
V,2010-02-03,18.53,18.75,18.22,18.69,36271685,83.52,84.49,82.1,84.24,8049300,2026-02-14T03:46:51Z
V,2010-02-04,18.43,19.12,18.38,18.92,74921730,83.05,86.18,82.8,85.25,16626400,2026-02-14T03:46:51Z
V,2010-02-05,18.32,18.61,17.87,18.49,43591684,82.56,83.86,80.54,83.32,9673700,2026-02-14T03:46:51Z
V,2010-02-08,18.43,18.73,18.32,18.4,27009207,83.05,84.38,82.56,82.9,5993800,2026-02-14T03:46:51Z
V,2010-02-09,18.48,18.67,18.35,18.57,20242283,83.27,84.13,82.7,83.69,4492100,2026-02-14T03:46:51Z
V,2010-02-10,18.59,18.65,18.42,18.56,16395939,83.64,83.91,82.89,83.49,3644000,2026-02-14T03:46:51Z
V,2010-02-11,18.92,18.94,18.5,18.62,20297375,85.14,85.21,83.25,83.79,4511100,2026-02-14T03:46:51Z
V,2010-02-12,18.84,18.88,18.59,18.78,24878680,84.78,84.94,83.65,84.5,5529300,2026-02-14T03:46:51Z
V,2010-02-16,19.09,19.1,18.94,18.94,18072371,85.88,85.94,85.2,85.23,4016600,2026-02-14T03:46:51Z
V,2010-02-17,19.21,19.23,19.06,19.12,16846296,86.42,86.54,85.76,86.01,3744100,2026-02-14T03:46:51Z
V,2010-02-18,19.33,19.43,19.11,19.11,17204463,86.96,87.44,86,86,3823700,2026-02-14T03:46:51Z
V,2010-02-19,19.29,19.33,19,19.11,15380365,86.81,86.98,85.49,86,3418300,2026-02-14T03:46:51Z
V,2010-02-22,19.32,19.5,19.29,19.35,13017288,86.91,87.76,86.81,87.05,2893100,2026-02-14T03:46:51Z
V,2010-02-23,19.14,19.47,19.13,19.34,21518978,86.12,87.59,86.06,87.02,4782600,2026-02-14T03:46:51Z
V,2010-02-24,19.03,19.25,18.84,19.16,18233489,85.63,86.61,84.75,86.22,4052400,2026-02-14T03:46:51Z
V,2010-02-25,18.94,18.99,18.61,18.84,15910435,85.23,85.44,83.74,84.75,3536100,2026-02-14T03:46:51Z
V,2010-02-26,18.95,19.05,18.9,19.02,14035980,85.28,85.72,85.02,85.58,3119500,2026-02-14T03:46:51Z
V,2010-03-01,19.3,19.32,18.95,19,15185559,86.82,86.94,85.28,85.5,3375000,2026-02-14T03:46:51Z
V,2010-03-02,19.21,19.33,19.17,19.3,14514745,86.45,86.98,86.25,86.82,3225900,2026-02-14T03:46:51Z
V,2010-03-03,19.29,19.38,19.17,19.25,15367380,86.8,87.21,86.24,86.6,3415400,2026-02-14T03:46:51Z
V,2010-03-04,19.34,19.44,19.14,19.34,16397249,87.04,87.45,86.13,87,3644300,2026-02-14T03:46:51Z
V,2010-03-05,19.67,19.68,19.36,19.43,21942798,88.51,88.56,87.1,87.4,4876800,2026-02-14T03:46:51Z
V,2010-03-08,20.14,20.21,19.58,19.66,35168982,90.63,90.93,88.09,88.45,7816300,2026-02-14T03:46:51Z
V,2010-03-09,20.04,20.37,19.97,20.06,41282662,90.15,91.67,89.86,90.25,9175100,2026-02-14T03:46:51Z
V,2010-03-10,20.34,20.41,19.9,19.95,31990583,91.52,91.81,89.55,89.74,7109900,2026-02-14T03:46:51Z
V,2010-03-11,20.61,20.73,20.18,20.22,62029142,92.74,93.28,90.8,90.97,13786000,2026-02-14T03:46:51Z
V,2010-03-12,20.72,20.81,20.59,20.71,32219142,93.25,93.63,92.65,93.17,7160700,2026-02-14T03:46:51Z
V,2010-03-15,20.54,20.7,20.25,20.64,23328146,92.41,93.15,91.12,92.87,5184700,2026-02-14T03:46:51Z
V,2010-03-16,20.37,20.65,20.3,20.6,21452431,91.65,92.91,91.35,92.68,4767800,2026-02-14T03:46:51Z
V,2010-03-17,20.34,20.54,20.28,20.47,16632168,91.51,92.41,91.24,92.12,3696500,2026-02-14T03:46:51Z
V,2010-03-18,20.03,20.41,20.02,20.34,21113601,90.13,91.82,90.08,91.5,4692500,2026-02-14T03:46:51Z
V,2010-03-19,19.74,20.17,19.71,20.12,27248130,88.84,90.75,88.69,90.52,6055900,2026-02-14T03:46:51Z
V,2010-03-22,19.83,19.95,19.6,19.64,18756346,89.24,89.75,88.18,88.39,4168600,2026-02-14T03:46:51Z
V,2010-03-23,20,20.07,19.84,19.89,15205365,89.98,90.3,89.25,89.5,3379400,2026-02-14T03:46:51Z
V,2010-03-24,19.72,19.99,19.69,19.91,17560842,88.75,89.94,88.59,89.6,3902900,2026-02-14T03:46:51Z
V,2010-03-25,20.09,20.4,19.89,19.93,22897099,90.41,91.78,89.49,89.68,5088900,2026-02-14T03:46:51Z
V,2010-03-26,20.06,20.28,19.93,20.16,15229218,90.25,91.25,89.65,90.73,3384700,2026-02-14T03:46:51Z
V,2010-03-29,20.06,20.26,20.03,20.13,12526846,90.24,91.16,90.14,90.57,2784100,2026-02-14T03:46:51Z
V,2010-03-30,20.22,20.41,20.08,20.11,18373406,91,91.84,90.34,90.47,4083500,2026-02-14T03:46:51Z
V,2010-03-31,20.23,20.49,20.12,20.16,14066154,91.03,92.2,90.52,90.7,3126200,2026-02-14T03:46:51Z
V,2010-04-01,20.57,20.58,20.29,20.38,19645384,92.55,92.58,91.31,91.68,4366200,2026-02-14T03:46:51Z
V,2010-04-05,20.55,20.71,20.47,20.68,17282302,92.47,93.2,92.1,93.05,3841000,2026-02-14T03:46:51Z
V,2010-04-06,20.54,20.74,20.41,20.45,15537908,92.4,93.33,91.81,92.03,3453300,2026-02-14T03:46:51Z
V,2010-04-07,20.16,20.56,20.14,20.56,16592574,90.71,92.5,90.63,92.5,3687700,2026-02-14T03:46:51Z
V,2010-04-08,20.33,20.46,20.11,20.15,12116506,91.49,92.08,90.5,90.66,2692900,2026-02-14T03:46:51Z
V,2010-04-09,20.56,20.58,20.37,20.43,10761289,92.52,92.61,91.65,91.94,2391700,2026-02-14T03:46:51Z
V,2010-04-12,20.71,20.78,20.56,20.68,10486827,93.19,93.49,92.5,93.05,2330700,2026-02-14T03:46:51Z
V,2010-04-13,20.62,20.84,20.48,20.76,12864327,92.79,93.79,92.16,93.41,2859100,2026-02-14T03:46:51Z
V,2010-04-14,20.95,20.99,20.64,20.7,19493349,94.26,94.44,92.86,93.16,4332400,2026-02-14T03:46:51Z
V,2010-04-15,20.99,21.17,20.88,20.97,23217109,94.45,95.26,93.93,94.36,5160000,2026-02-14T03:46:51Z
V,2010-04-16,20.86,21.09,20.62,20.91,21127070,93.85,94.91,92.8,94.08,4695500,2026-02-14T03:46:51Z
V,2010-04-19,20.7,20.93,20.46,20.71,14162825,93.12,94.18,92.08,93.2,3147700,2026-02-14T03:46:51Z
V,2010-04-20,20.9,20.91,20.56,20.81,10227228,94.05,94.09,92.5,93.65,2273000,2026-02-14T03:46:51Z
V,2010-04-21,20.7,20.98,20.64,20.97,12784215,93.13,94.38,92.86,94.35,2841300,2026-02-14T03:46:51Z
V,2010-04-22,21.14,21.16,20.55,20.63,16493111,95.14,95.2,92.46,92.82,3665600,2026-02-14T03:46:51Z
V,2010-04-23,21.47,21.52,21.16,21.38,14062494,96.59,96.82,95.23,96.2,3125400,2026-02-14T03:46:51Z
V,2010-04-26,21.34,21.6,21.23,21.57,20556580,96,97.19,95.54,97.03,4568700,2026-02-14T03:46:51Z
V,2010-04-27,20.66,21.39,20.64,21.32,20125472,92.95,96.23,92.89,95.95,4472900,2026-02-14T03:46:51Z
V,2010-04-28,20.8,20.91,20.51,20.83,22980342,93.61,94.06,92.3,93.72,5107400,2026-02-14T03:46:51Z
V,2010-04-29,20.63,21.02,20.47,20.84,33089676,92.82,94.6,92.1,93.77,7354200,2026-02-14T03:46:51Z
V,2010-04-30,20.05,20.75,20.01,20.73,28211049,90.23,93.37,90.02,93.28,6269900,2026-02-14T03:46:51Z
V,2010-05-03,19.84,20.29,19.65,20.12,34899811,89.27,91.27,88.42,90.55,7756500,2026-02-14T03:46:51Z
V,2010-05-04,19.64,20.21,19.59,19.86,34453425,88.37,90.95,88.12,89.34,7657300,2026-02-14T03:46:51Z
V,2010-05-05,19.21,19.55,18.67,19.28,41831198,86.43,87.95,84,86.76,9297000,2026-02-14T03:46:51Z
V,2010-05-06,18.43,19.24,16.87,19.08,71935093,82.92,86.56,75.91,85.85,15987600,2026-02-14T03:46:51Z
V,2010-05-07,18.29,18.71,17.95,18.46,51213368,82.29,84.17,80.75,83.06,11382200,2026-02-14T03:46:51Z
V,2010-05-10,19.11,19.38,19.1,19.17,39493315,85.99,87.2,85.93,86.25,8777400,2026-02-14T03:46:51Z
V,2010-05-11,18.7,18.95,18.48,18.92,53162546,84.16,85.25,83.14,85.13,11815400,2026-02-14T03:46:51Z
V,2010-05-12,19.07,19.49,18.86,18.93,41706702,85.68,87.55,84.75,85.04,9283100,2026-02-14T03:46:51Z
V,2010-05-13,19.08,19.58,18.81,19.11,35756815,85.73,87.98,84.52,85.88,7958800,2026-02-14T03:46:51Z
V,2010-05-14,17.2,17.78,16.9,17.51,190781884,77.26,79.89,75.92,78.67,42464400,2026-02-14T03:46:51Z
V,2010-05-17,16.63,17.64,16.4,17.53,101740650,74.71,79.24,73.67,78.77,22645500,2026-02-14T03:46:51Z
V,2010-05-18,15.6,16.92,15.2,16.71,212662813,70.09,76.01,68.29,75.08,47334700,2026-02-14T03:46:51Z
V,2010-05-19,16.24,16.52,15.74,15.74,147859319,72.97,74.2,70.71,70.71,32910600,2026-02-14T03:46:51Z
V,2010-05-20,16.21,16.79,15.83,16.03,114166868,72.82,75.42,71.11,72,25411300,2026-02-14T03:46:51Z
V,2010-05-21,16.52,16.92,16.03,16.03,89438062,74.2,76,72.01,72.01,19907200,2026-02-14T03:46:51Z
V,2010-05-24,16.59,16.96,16.41,16.79,46270389,74.55,76.2,73.75,75.44,10298900,2026-02-14T03:46:51Z
V,2010-05-25,16.24,16.44,15.97,16.26,51056584,72.97,73.85,71.77,73.06,11364200,2026-02-14T03:46:51Z
V,2010-05-26,16.34,16.74,16.33,16.5,49888044,73.4,75.19,73.36,74.14,11104100,2026-02-14T03:46:51Z
V,2010-05-27,16.4,16.74,16.23,16.69,43938144,73.69,75.19,72.91,75,9779800,2026-02-14T03:46:51Z
V,2010-05-28,16.13,16.36,16.03,16.33,29866015,72.46,73.5,72,73.37,6647600,2026-02-14T03:46:51Z
V,2010-06-01,15.91,16.38,15.88,16.14,28172691,71.49,73.6,71.36,72.49,6270700,2026-02-14T03:46:51Z
V,2010-06-02,15.86,16,15.59,15.91,42259213,71.25,71.87,70.02,71.46,9406100,2026-02-14T03:46:51Z
V,2010-06-03,16.21,16.3,15.95,16.01,43957030,72.84,73.21,71.66,71.93,9784000,2026-02-14T03:46:51Z
V,2010-06-04,16.05,16.34,15.81,15.81,47332785,72.13,73.4,71.05,71.05,10535400,2026-02-14T03:46:51Z
V,2010-06-07,16,16.42,15.93,16.03,34390728,71.89,73.78,71.55,72,7654700,2026-02-14T03:46:51Z
V,2010-06-08,16.33,16.36,15.82,16.05,34271606,73.35,73.49,71.09,72.11,7628200,2026-02-14T03:46:51Z
V,2010-06-09,16.43,16.8,16.29,16.5,39976406,73.8,75.48,73.18,74.12,8898000,2026-02-14T03:46:51Z
V,2010-06-10,17.24,17.25,16.69,16.83,40865120,77.45,77.49,75,75.63,9095800,2026-02-14T03:46:51Z
V,2010-06-11,16.93,17.11,16.77,17.03,33894553,76.08,76.89,75.35,76.51,7544300,2026-02-14T03:46:51Z
V,2010-06-14,16.42,17.14,16.4,17.13,42076431,73.78,76.99,73.7,76.95,9365400,2026-02-14T03:46:51Z
V,2010-06-15,17.12,17.13,16.45,16.58,35085566,76.93,76.96,73.9,74.47,7809400,2026-02-14T03:46:51Z
V,2010-06-16,17.18,17.19,16.83,16.96,31619002,77.17,77.25,75.61,76.18,7037800,2026-02-14T03:46:51Z
V,2010-06-17,17.41,17.61,17.2,17.32,32727930,78.24,79.13,77.26,77.81,7284600,2026-02-14T03:46:51Z
V,2010-06-18,17.15,17.64,16.97,17.48,33398257,77.04,79.25,76.26,78.51,7433800,2026-02-14T03:46:51Z
V,2010-06-21,18.01,18.65,16.79,17.35,130150400,80.9,83.79,75.42,77.96,28969000,2026-02-14T03:46:51Z
V,2010-06-22,17.53,18.03,17.5,18.03,52645492,78.76,81,78.63,81,11717900,2026-02-14T03:46:51Z
V,2010-06-23,17.31,17.57,17.1,17.57,31375989,77.76,78.96,76.81,78.96,6983700,2026-02-14T03:46:51Z
V,2010-06-24,17.02,17.35,16.86,17.17,29516437,76.48,77.96,75.76,77.13,6569800,2026-02-14T03:46:51Z
V,2010-06-25,17.06,17.23,16.84,17.14,27102429,76.66,77.41,75.65,77.03,6032500,2026-02-14T03:46:51Z
V,2010-06-28,16.74,17.2,16.73,17.14,23053688,75.22,77.29,75.15,76.99,5131300,2026-02-14T03:46:51Z
V,2010-06-29,15.9,16.58,15.82,16.53,44767554,71.45,74.47,71.1,74.28,9964400,2026-02-14T03:46:51Z
V,2010-06-30,15.75,16.05,15.74,15.95,27762487,70.75,72.1,70.71,71.66,6179400,2026-02-14T03:46:51Z
V,2010-07-01,16.22,16.25,15.61,15.8,34104548,72.86,73.01,70.11,71,7591000,2026-02-14T03:46:51Z
V,2010-07-02,16.29,16.42,16.16,16.3,21122618,73.18,73.79,72.58,73.24,4701500,2026-02-14T03:46:51Z
V,2010-07-06,16.09,16.54,15.98,16.43,26649671,72.27,74.32,71.79,73.83,5931700,2026-02-14T03:46:51Z
V,2010-07-07,16.65,16.68,16.06,16.18,23445861,74.82,74.92,72.15,72.68,5218600,2026-02-14T03:46:51Z
V,2010-07-08,16.71,16.87,16.48,16.8,18247721,75.08,75.8,74.04,75.5,4061600,2026-02-14T03:46:51Z
V,2010-07-09,17.22,17.27,16.83,16.97,25252854,77.38,77.6,75.62,76.24,5620800,2026-02-14T03:46:51Z
V,2010-07-12,17.03,17.22,16.89,16.91,17787203,76.51,77.37,75.88,75.99,3959100,2026-02-14T03:46:51Z
V,2010-07-13,17.05,17.32,16.8,17.32,22386427,76.59,77.8,75.47,77.8,4982800,2026-02-14T03:46:51Z
V,2010-07-14,16.98,17.14,16.84,17.04,14401929,76.28,77,75.65,76.57,3205600,2026-02-14T03:46:51Z
V,2010-07-15,16.76,17.06,16.53,17,18521344,75.28,76.64,74.26,76.39,4122500,2026-02-14T03:46:51Z
V,2010-07-16,15.9,16.41,15.86,16.38,43871251,71.45,73.75,71.27,73.6,9764900,2026-02-14T03:46:51Z
V,2010-07-19,15.85,16.08,15.77,16.07,22484876,71.22,72.25,70.87,72.21,5004700,2026-02-14T03:46:51Z
V,2010-07-20,16.38,16.39,15.69,15.74,21462698,73.6,73.66,70.5,70.71,4777200,2026-02-14T03:46:51Z
V,2010-07-21,16.11,16.47,16.01,16.47,17877941,72.36,74.01,71.93,73.99,3979300,2026-02-14T03:46:51Z
V,2010-07-22,16.57,16.59,16.25,16.28,21894476,74.46,74.55,73.02,73.15,4873300,2026-02-14T03:46:51Z
V,2010-07-23,16.82,16.91,16.48,16.58,14221337,75.59,75.97,74.05,74.47,3165400,2026-02-14T03:46:51Z
V,2010-07-26,16.93,17.03,16.77,16.85,17739572,76.08,76.5,75.35,75.69,3948500,2026-02-14T03:46:51Z
V,2010-07-27,17.05,17.2,16.89,17.14,19495858,76.61,77.27,75.87,77,4339400,2026-02-14T03:46:51Z
V,2010-07-28,16.73,17.1,16.72,16.95,28309760,75.18,76.84,75.1,76.15,6301200,2026-02-14T03:46:51Z
V,2010-07-29,16.02,16.67,15.88,16.64,66130452,71.98,74.88,71.35,74.76,14719400,2026-02-14T03:46:51Z
V,2010-07-30,16.33,16.39,15.89,15.94,34591490,73.35,73.63,71.37,71.59,7699400,2026-02-14T03:46:51Z
V,2010-08-02,16.08,16.11,15.8,15.8,60524582,72.23,72.39,70.97,70.98,13471600,2026-02-14T03:46:51Z
V,2010-08-03,16.25,16.36,15.9,15.94,38378868,73,73.51,71.43,71.63,8542400,2026-02-14T03:46:51Z
V,2010-08-04,16.13,16.34,16.11,16.3,23027562,72.45,73.4,72.38,73.21,5125500,2026-02-14T03:46:51Z
V,2010-08-05,15.91,16.11,15.87,16.05,34586151,71.5,72.4,71.32,72.13,7698200,2026-02-14T03:46:51Z
V,2010-08-06,16.06,16.07,15.77,15.84,21749376,72.14,72.2,70.86,71.15,4841000,2026-02-14T03:46:51Z
V,2010-08-09,16.64,16.66,16.21,16.27,32140216,74.74,74.87,72.81,73.12,7153800,2026-02-14T03:46:51Z
V,2010-08-10,16.75,16.86,16.48,16.48,34895102,75.27,75.73,74.06,74.06,7767000,2026-02-14T03:46:51Z
V,2010-08-11,16.39,16.58,16.27,16.5,25920989,73.51,74.35,73,74,5779100,2026-02-14T03:46:51Z
V,2010-08-12,16.27,16.54,16.17,16.23,27671492,72.98,74.19,72.53,72.78,6169400,2026-02-14T03:46:51Z
V,2010-08-13,16.1,16.3,16.09,16.26,16339486,72.22,73.12,72.15,72.94,3642900,2026-02-14T03:46:51Z
V,2010-08-16,16.24,16.33,16.01,16.07,11999065,72.83,73.24,71.8,72.08,2675200,2026-02-14T03:46:51Z
V,2010-08-17,16.36,16.45,16.15,16.39,14952151,73.36,73.77,72.44,73.5,3333600,2026-02-14T03:46:51Z
V,2010-08-18,16.25,16.36,16.17,16.29,13716440,72.88,73.38,72.52,73.08,3058100,2026-02-14T03:46:51Z
V,2010-08-19,15.97,16.21,15.94,16.15,20679405,71.63,72.73,71.5,72.42,4610500,2026-02-14T03:46:51Z
V,2010-08-20,15.63,15.96,15.51,15.89,35368226,70.1,71.59,69.58,71.29,7885400,2026-02-14T03:46:51Z
V,2010-08-23,15.63,15.9,15.52,15.73,20627435,70.12,71.3,69.6,70.55,4598900,2026-02-14T03:46:51Z
V,2010-08-24,15.75,15.82,15.38,15.5,29994966,70.66,70.97,69,69.51,6687400,2026-02-14T03:46:51Z
V,2010-08-25,15.8,16.08,15.67,15.68,25123471,70.86,72.14,70.27,70.31,5601300,2026-02-14T03:46:51Z
V,2010-08-26,15.59,15.92,15.58,15.88,15829492,69.91,71.4,69.88,71.21,3529200,2026-02-14T03:46:51Z
V,2010-08-27,15.85,15.86,15.52,15.69,17559401,71.11,71.13,69.6,70.39,3914900,2026-02-14T03:46:51Z
V,2010-08-30,15.5,15.92,15.5,15.82,15705258,69.54,71.4,69.54,70.97,3501500,2026-02-14T03:46:51Z
V,2010-08-31,15.38,15.63,15.16,15.5,26038838,68.98,70.1,68.01,69.54,5805400,2026-02-14T03:46:51Z
V,2010-09-01,15.72,15.77,15.4,15.57,19395335,70.53,70.74,69.07,69.83,4324200,2026-02-14T03:46:51Z
V,2010-09-02,16.05,16.11,15.75,15.82,18815361,71.98,72.25,70.66,70.98,4194900,2026-02-14T03:46:51Z
V,2010-09-03,16.16,16.31,16.07,16.27,15780995,72.5,73.14,72.08,73,3518400,2026-02-14T03:46:51Z
V,2010-09-07,15.94,16.27,15.9,16.02,16168122,71.5,72.98,71.34,71.87,3604700,2026-02-14T03:46:51Z
V,2010-09-08,15.28,15.76,15.23,15.69,50504789,68.55,70.67,68.3,70.35,11260100,2026-02-14T03:46:51Z
V,2010-09-09,14.89,15.38,14.73,15.34,59501285,66.78,68.97,66.07,68.78,13265900,2026-02-14T03:46:51Z
V,2010-09-10,15.18,15.27,14.87,14.9,35215886,68.09,68.48,66.68,66.84,7851400,2026-02-14T03:46:51Z
V,2010-09-13,14.6,15.16,14.47,15.16,67911932,65.48,68,64.9,68,15141000,2026-02-14T03:46:51Z
V,2010-09-14,14.96,15.15,14.61,14.63,44455871,67.12,67.95,65.55,65.63,9911500,2026-02-14T03:46:51Z
V,2010-09-15,15.37,15.49,15.07,15.1,48313794,68.93,69.5,67.6,67.72,10771600,2026-02-14T03:46:51Z
V,2010-09-16,15.25,15.43,15.17,15.34,33431985,68.38,69.21,68.06,68.81,7453700,2026-02-14T03:46:51Z
V,2010-09-17,15.27,15.38,15.2,15.33,47065986,68.49,69,68.19,68.77,10493400,2026-02-14T03:46:51Z
V,2010-09-20,15.68,15.68,15.18,15.27,32956086,70.31,70.32,68.07,68.5,7347600,2026-02-14T03:46:51Z
V,2010-09-21,15.59,15.85,15.5,15.71,28383804,69.94,71.11,69.52,70.45,6328200,2026-02-14T03:46:51Z
V,2010-09-22,15.74,15.8,15.6,15.62,28979912,70.62,70.87,69.95,70.08,6461100,2026-02-14T03:46:51Z
V,2010-09-23,15.83,15.93,15.58,15.62,30257249,70.98,71.46,69.89,70.07,6745900,2026-02-14T03:46:51Z
V,2010-09-24,16.14,16.14,15.91,16,23589435,72.37,72.37,71.36,71.75,5259300,2026-02-14T03:46:51Z
V,2010-09-27,16.28,16.39,16.03,16.22,22536822,73,73.49,71.9,72.77,5024600,2026-02-14T03:46:51Z
V,2010-09-28,16.34,16.41,16.18,16.26,32761049,73.27,73.6,72.55,72.93,7304100,2026-02-14T03:46:51Z
V,2010-09-29,16.59,16.61,16.25,16.28,31264240,74.41,74.5,72.88,73.01,6970400,2026-02-14T03:46:51Z
V,2010-09-30,16.56,16.71,16.46,16.66,25963011,74.26,74.97,73.81,74.74,5788500,2026-02-14T03:46:51Z
V,2010-10-01,16.35,16.67,16.31,16.66,20319671,73.32,74.77,73.17,74.74,4530300,2026-02-14T03:46:51Z
V,2010-10-04,16.33,16.58,16.18,16.33,25967639,73.24,74.36,72.58,73.26,5789500,2026-02-14T03:46:51Z
V,2010-10-05,16.72,16.72,16.42,16.52,23168311,74.99,74.99,73.66,74.12,5165400,2026-02-14T03:46:51Z
V,2010-10-06,16.55,16.83,16.45,16.73,16957039,74.23,75.5,73.8,75.06,3780600,2026-02-14T03:46:51Z
V,2010-10-07,16.41,16.67,16.4,16.56,11187227,73.61,74.79,73.54,74.28,2494200,2026-02-14T03:46:51Z
V,2010-10-08,16.5,16.51,16.31,16.43,10524717,74,74.05,73.17,73.69,2346500,2026-02-14T03:46:51Z
V,2010-10-11,16.56,16.67,16.46,16.46,11661328,74.29,74.79,73.83,73.85,2599900,2026-02-14T03:46:51Z
V,2010-10-12,16.55,16.62,16.4,16.52,15585050,74.25,74.53,73.56,74.12,3474700,2026-02-14T03:46:51Z
V,2010-10-13,17.15,17.17,16.57,16.66,33477664,76.94,77,74.3,74.71,7463900,2026-02-14T03:46:51Z
V,2010-10-14,17.21,17.33,17.01,17.09,23890043,77.17,77.73,76.29,76.66,5326300,2026-02-14T03:46:51Z
V,2010-10-15,17.3,17.37,17.08,17.34,16088284,77.6,77.9,76.62,77.76,3586900,2026-02-14T03:46:51Z
V,2010-10-18,17.47,17.47,17.11,17.28,22620587,78.36,78.37,76.75,77.51,5043300,2026-02-14T03:46:51Z
V,2010-10-19,17.29,17.74,17.22,17.3,32492251,77.55,79.56,77.24,77.61,7244200,2026-02-14T03:46:51Z
V,2010-10-20,17.73,17.82,17.23,17.34,22230399,79.52,79.93,77.26,77.76,4956300,2026-02-14T03:46:51Z
V,2010-10-21,17.66,18.03,17.52,17.71,21872542,79.2,80.88,78.58,79.45,4876500,2026-02-14T03:46:51Z
V,2010-10-22,17.68,17.81,17.55,17.65,16611260,79.29,79.87,78.71,79.15,3703500,2026-02-14T03:46:51Z
V,2010-10-25,17.98,17.99,17.76,17.84,18525082,80.63,80.71,79.65,80.01,4130200,2026-02-14T03:46:51Z
V,2010-10-26,17.84,17.91,17.7,17.88,17533418,80.03,80.33,79.38,80.18,3909100,2026-02-14T03:46:51Z
V,2010-10-27,17.82,17.97,17.65,17.9,23170488,79.92,80.6,79.16,80.29,5165900,2026-02-14T03:46:51Z
V,2010-10-28,17.04,17.73,16.79,17.69,49863434,76.45,79.5,75.32,79.34,11117100,2026-02-14T03:46:51Z
V,2010-10-29,17.43,17.49,17.02,17.03,25645474,78.16,78.43,76.34,76.4,5717700,2026-02-14T03:46:51Z
V,2010-11-01,17.24,17.56,17.1,17.52,15343704,77.32,78.78,76.7,78.58,3420900,2026-02-14T03:46:51Z
V,2010-11-02,17.48,17.54,17.27,17.43,17263001,78.42,78.67,77.48,78.16,3848800,2026-02-14T03:46:51Z
V,2010-11-03,17.61,17.66,17.39,17.52,15840277,79,79.22,78,78.57,3531600,2026-02-14T03:46:51Z
V,2010-11-04,17.83,17.86,17.63,17.77,22656483,79.99,80.1,79.06,79.71,5051300,2026-02-14T03:46:51Z
V,2010-11-05,17.79,17.94,17.65,17.9,26653824,79.8,80.47,79.15,80.27,5942500,2026-02-14T03:46:51Z
V,2010-11-08,17.55,17.8,17.52,17.7,13720482,78.71,79.83,78.6,79.4,3059000,2026-02-14T03:46:51Z
V,2010-11-09,17.46,17.73,17.4,17.61,12118373,78.32,79.5,78.04,78.99,2701800,2026-02-14T03:46:51Z
V,2010-11-10,17.68,17.68,17.39,17.5,13357183,79.29,79.31,78.01,78.5,2978000,2026-02-14T03:46:51Z
V,2010-11-11,17.66,17.72,17.4,17.59,10322882,79.22,79.49,78.04,78.91,2301500,2026-02-14T03:46:51Z
V,2010-11-12,17.15,17.57,17.15,17.52,14934628,76.94,78.81,76.91,78.57,3329700,2026-02-14T03:46:51Z
V,2010-11-15,17.02,17.36,17.02,17.28,14927891,76.36,77.86,76.32,77.52,3328200,2026-02-14T03:46:51Z
V,2010-11-16,16.72,17.01,16.56,16.85,22851649,74.99,76.3,74.26,75.56,5094800,2026-02-14T03:46:51Z
V,2010-11-17,16.92,17.06,16.72,16.73,16651477,75.73,76.35,74.86,74.9,3719900,2026-02-14T03:46:51Z
V,2010-11-18,17.19,17.22,17.02,17.04,19252234,76.94,77.1,76.17,76.27,4300900,2026-02-14T03:46:51Z
V,2010-11-19,17.21,17.33,17.15,17.16,11540401,77.05,77.56,76.76,76.8,2578100,2026-02-14T03:46:51Z
V,2010-11-22,16.86,17.2,16.82,17.13,22331462,75.46,76.98,75.28,76.67,4988800,2026-02-14T03:46:51Z
V,2010-11-23,16.68,16.79,16.64,16.75,16373876,74.65,75.15,74.51,75,3657900,2026-02-14T03:46:51Z
V,2010-11-24,16.94,16.98,16.79,16.87,19421880,75.82,76,75.15,75.51,4338800,2026-02-14T03:46:51Z
V,2010-11-26,16.86,16.93,16.81,16.82,4867092,75.48,75.79,75.23,75.3,1087300,2026-02-14T03:46:51Z
V,2010-11-29,16.57,16.81,16.29,16.81,24149721,74.19,75.23,72.92,75.23,5395000,2026-02-14T03:46:51Z
V,2010-11-30,16.5,16.59,16.36,16.43,20754044,73.85,74.28,73.25,73.54,4636400,2026-02-14T03:46:51Z
V,2010-12-01,16.8,16.86,16.63,16.74,25007829,75.22,75.48,74.45,74.94,5586700,2026-02-14T03:46:51Z
V,2010-12-02,17.2,17.22,16.87,16.88,29952005,77,77.07,75.51,75.57,6691200,2026-02-14T03:46:51Z
V,2010-12-03,17.28,17.32,17.03,17.14,23143495,77.35,77.54,76.22,76.73,5170200,2026-02-14T03:46:51Z
V,2010-12-06,17.49,17.5,17.23,17.27,20535989,78.31,78.35,77.15,77.3,4587700,2026-02-14T03:46:51Z
V,2010-12-07,17.17,17.82,17.16,17.65,28401837,76.88,79.77,76.81,78.99,6344900,2026-02-14T03:46:51Z
V,2010-12-08,17.41,17.46,17.2,17.2,16015399,77.94,78.15,77,77,3577800,2026-02-14T03:46:51Z
V,2010-12-09,17.68,17.69,17.27,17.46,16633943,79.12,79.19,77.3,78.15,3716000,2026-02-14T03:46:51Z
V,2010-12-10,17.92,17.93,17.66,17.66,26562934,80.2,80.24,79.03,79.03,5934100,2026-02-14T03:46:51Z
V,2010-12-13,18.07,18.26,17.76,17.94,45868716,80.89,81.75,79.5,80.3,10247000,2026-02-14T03:46:51Z
V,2010-12-14,18.01,18.14,17.91,18.04,27741096,80.64,81.19,80.15,80.77,6197300,2026-02-14T03:46:51Z
V,2010-12-15,17.19,17.96,17.15,17.5,50838989,76.94,80.38,76.75,78.35,11357300,2026-02-14T03:46:51Z
V,2010-12-16,15.01,17.76,14.88,17.24,226312412,67.19,79.5,66.59,77.18,50557700,2026-02-14T03:46:51Z
V,2010-12-17,14.95,15.32,14.86,15.26,187882943,66.9,68.58,66.5,68.3,41972600,2026-02-14T03:46:51Z
V,2010-12-20,15.19,15.24,14.97,15.09,71864254,67.99,68.22,67,67.55,16054300,2026-02-14T03:46:51Z
V,2010-12-21,15.2,15.38,15.16,15.34,48654082,68.05,68.85,67.88,68.68,10869200,2026-02-14T03:46:51Z
V,2010-12-22,15.31,15.36,15.2,15.25,26073700,68.55,68.77,68.06,68.27,5824800,2026-02-14T03:46:51Z
V,2010-12-23,15.35,15.4,15.25,15.27,18581241,68.73,68.93,68.26,68.33,4151000,2026-02-14T03:46:51Z
V,2010-12-27,15.82,15.9,15.34,15.34,34777418,70.81,71.17,68.65,68.68,7769200,2026-02-14T03:46:51Z
V,2010-12-28,15.8,16.04,15.75,15.94,21410273,70.73,71.8,70.5,71.36,4783000,2026-02-14T03:46:51Z
V,2010-12-29,15.77,15.9,15.71,15.84,14552500,70.6,71.18,70.33,70.91,3251000,2026-02-14T03:46:51Z
V,2010-12-30,15.7,15.8,15.66,15.8,12333181,70.29,70.75,70.12,70.72,2755200,2026-02-14T03:46:51Z
V,2010-12-31,15.72,15.74,15.63,15.65,12424870,70.38,70.47,69.95,70.06,2775700,2026-02-14T03:46:51Z
V,2011-01-03,15.75,15.84,15.68,15.73,28776044,70.52,70.92,70.19,70.4,6428500,2026-02-14T03:46:51Z
V,2011-01-04,15.77,15.85,15.7,15.85,20302328,70.6,70.95,70.26,70.93,4535500,2026-02-14T03:46:51Z
V,2011-01-05,16.1,16.16,15.79,15.82,43111744,72.09,72.33,70.68,70.84,9631100,2026-02-14T03:46:51Z
V,2011-01-06,16.35,16.43,16.2,16.25,31739378,73.17,73.55,72.51,72.73,7090500,2026-02-14T03:46:51Z
V,2011-01-07,16.3,16.43,16.2,16.41,31614909,72.96,73.55,72.5,73.44,7062700,2026-02-14T03:46:51Z
V,2011-01-10,16.04,16.36,16.04,16.24,20385602,71.81,73.24,71.78,72.7,4554100,2026-02-14T03:46:51Z
V,2011-01-11,16.06,16.2,15.98,16.1,23052057,71.88,72.52,71.55,72.05,5149800,2026-02-14T03:46:51Z
V,2011-01-12,16.22,16.23,16.08,16.09,20754475,72.61,72.63,71.99,72,4636500,2026-02-14T03:46:51Z
V,2011-01-13,15.89,16.37,15.84,16.34,31464089,71.14,73.28,70.92,73.13,7029000,2026-02-14T03:46:51Z
V,2011-01-14,15.89,15.98,15.8,15.92,28174767,71.12,71.55,70.74,71.27,6294200,2026-02-14T03:46:51Z
V,2011-01-18,15.91,15.94,15.8,15.9,21648767,71.21,71.35,70.74,71.18,4836300,2026-02-14T03:46:51Z
V,2011-01-19,15.44,15.87,15.29,15.87,47955123,69.12,71.04,68.45,71.04,10713100,2026-02-14T03:46:51Z
V,2011-01-20,15.79,15.98,15.08,15.35,91071571,70.69,71.54,67.51,68.69,20345200,2026-02-14T03:46:51Z
V,2011-01-21,15.67,15.86,15.62,15.75,27739228,70.15,71,69.91,70.51,6196900,2026-02-14T03:46:51Z
V,2011-01-24,16.04,16.05,15.68,15.72,25653832,71.79,71.83,70.18,70.38,5731000,2026-02-14T03:46:51Z
V,2011-01-25,15.99,16.17,15.71,15.9,33891595,71.58,72.38,70.31,71.17,7571300,2026-02-14T03:46:51Z
V,2011-01-26,15.86,16.12,15.85,16.06,19965210,71,72.14,70.95,71.9,4460200,2026-02-14T03:46:51Z
V,2011-01-27,15.77,15.91,15.75,15.88,21728930,70.6,71.22,70.51,71.06,4854200,2026-02-14T03:46:51Z
V,2011-01-28,15.52,15.85,15.51,15.82,28051773,69.46,70.93,69.42,70.8,6266700,2026-02-14T03:46:51Z
V,2011-01-31,15.6,15.72,15.49,15.62,27563721,69.85,70.36,69.35,69.9,6157700,2026-02-14T03:46:51Z
V,2011-02-01,15.79,16.02,15.69,15.69,28516886,70.7,71.73,70.21,70.21,6370600,2026-02-14T03:46:51Z
V,2011-02-02,16.1,16.11,15.8,15.88,30396351,72.09,72.09,70.75,71.07,6790500,2026-02-14T03:46:51Z
V,2011-02-03,16,16.19,15.86,16.02,37473469,71.63,72.48,71,71.73,8371500,2026-02-14T03:46:51Z
V,2011-02-04,16.29,16.31,15.99,16.08,32278295,72.9,73,71.6,71.98,7210900,2026-02-14T03:46:51Z
V,2011-02-07,16.52,16.56,16.29,16.3,24891022,73.93,74.14,72.92,72.98,5560600,2026-02-14T03:46:51Z
V,2011-02-08,16.66,16.66,16.49,16.52,17206498,74.57,74.58,73.82,73.97,3843900,2026-02-14T03:46:51Z
V,2011-02-09,16.4,16.73,16.36,16.52,20861006,73.28,74.72,73.1,73.78,4669700,2026-02-14T03:46:51Z
V,2011-02-10,16.73,16.82,16.32,16.32,27644203,74.74,75.15,72.9,72.9,6188100,2026-02-14T03:46:51Z
V,2011-02-11,16.77,16.82,16.63,16.7,19299622,74.93,75.13,74.28,74.6,4320200,2026-02-14T03:46:51Z
V,2011-02-14,16.95,17.22,16.68,16.79,32360249,75.74,76.94,74.5,74.99,7243800,2026-02-14T03:46:51Z
V,2011-02-15,16.93,16.99,16.81,16.95,17707496,75.61,75.91,75.09,75.71,3963800,2026-02-14T03:46:51Z
V,2011-02-16,17,17.06,16.89,16.93,22500527,75.96,76.21,75.46,75.63,5036700,2026-02-14T03:46:51Z
V,2011-02-17,17.04,17.17,16.89,16.93,26222236,76.14,76.72,75.45,75.62,5869800,2026-02-14T03:46:51Z
V,2011-02-18,16.97,17.25,16.92,17.24,29050953,75.83,77.08,75.57,77,6503000,2026-02-14T03:46:51Z
V,2011-02-22,16.51,16.81,16.37,16.63,35285001,73.74,75.1,73.11,74.31,7898500,2026-02-14T03:46:51Z
V,2011-02-23,16.31,16.69,16.29,16.48,32075218,72.88,74.55,72.78,73.61,7180000,2026-02-14T03:46:51Z
V,2011-02-24,16.54,16.62,16.26,16.27,21905051,73.91,74.24,72.63,72.66,4903400,2026-02-14T03:46:51Z
V,2011-02-25,16.72,16.88,16.61,16.63,27775940,74.68,75.4,74.18,74.31,6217600,2026-02-14T03:46:51Z
V,2011-02-28,16.35,16.85,16.35,16.76,27763923,73.05,75.27,73.03,74.86,6214900,2026-02-14T03:46:51Z
V,2011-03-01,16.27,16.76,16.23,16.54,30162783,72.7,74.88,72.51,73.87,6751900,2026-02-14T03:46:51Z
V,2011-03-02,16.56,16.61,16.23,16.24,24060878,73.97,74.22,72.51,72.54,5386000,2026-02-14T03:46:51Z
V,2011-03-03,16.97,16.99,16.69,16.72,22771694,75.83,75.9,74.56,74.69,5097400,2026-02-14T03:46:51Z
V,2011-03-04,16.72,17,16.57,16.98,21808111,74.69,75.94,74.02,75.86,4881700,2026-02-14T03:46:51Z
V,2011-03-07,16.6,16.84,16.57,16.7,20824310,74.15,75.22,74,74.6,4661500,2026-02-14T03:46:51Z
V,2011-03-08,16.6,16.77,16.41,16.67,37416026,74.17,74.91,73.31,74.45,8375500,2026-02-14T03:46:51Z
V,2011-03-09,16.5,16.71,16.41,16.61,19960341,73.71,74.66,73.3,74.2,4468100,2026-02-14T03:46:51Z
V,2011-03-10,15.98,16.41,15.95,16.41,31898776,71.4,73.32,71.23,73.32,7140500,2026-02-14T03:46:51Z
V,2011-03-11,16.23,16.29,15.94,15.98,19366289,72.51,72.78,71.22,71.38,4335100,2026-02-14T03:46:51Z
V,2011-03-14,16.09,16.28,16.03,16.09,15614184,71.86,72.73,71.63,71.9,3495200,2026-02-14T03:46:51Z
V,2011-03-15,15.94,16.07,15.77,15.84,27027676,71.2,71.8,70.45,70.75,6050100,2026-02-14T03:46:51Z
V,2011-03-16,15.88,16.1,15.82,15.99,26891383,70.96,71.94,70.68,71.42,6019600,2026-02-14T03:46:51Z
V,2011-03-17,15.99,16.12,15.92,16.06,15415336,71.43,72,71.13,71.74,3450700,2026-02-14T03:46:51Z
V,2011-03-18,15.99,16.15,15.88,16.14,28241081,71.42,72.14,70.92,72.12,6321700,2026-02-14T03:46:51Z
V,2011-03-21,16.11,16.19,16.03,16.09,16543370,71.96,72.32,71.63,71.89,3703200,2026-02-14T03:46:51Z
V,2011-03-22,16.03,16.11,15.94,16.07,17155855,71.6,71.96,71.2,71.8,3840300,2026-02-14T03:46:51Z
V,2011-03-23,16.11,16.2,15.97,15.97,19637900,71.99,72.37,71.35,71.35,4395900,2026-02-14T03:46:51Z
V,2011-03-24,16.26,16.31,16.01,16.17,22968707,72.66,72.85,71.54,72.22,5141500,2026-02-14T03:46:51Z
V,2011-03-25,16.14,16.32,16.13,16.24,32922790,72.09,72.91,72.05,72.53,7369700,2026-02-14T03:46:51Z
V,2011-03-28,16.29,16.36,16.11,16.2,25912134,72.75,73.1,71.96,72.39,5800400,2026-02-14T03:46:51Z
V,2011-03-29,16.16,16.22,16.06,16.2,29191280,72.2,72.47,71.75,72.36,6534400,2026-02-14T03:46:51Z
V,2011-03-30,16.62,16.86,16.49,16.54,66658376,74.23,75.34,73.67,73.87,14921400,2026-02-14T03:46:51Z
V,2011-03-31,16.48,16.77,16.48,16.67,20734146,73.62,74.92,73.6,74.46,4641300,2026-02-14T03:46:51Z
V,2011-04-01,16.61,16.67,16.4,16.54,19299254,74.22,74.47,73.26,73.87,4320100,2026-02-14T03:46:51Z
V,2011-04-04,16.84,16.84,16.57,16.59,17343935,75.24,75.25,74.04,74.13,3882400,2026-02-14T03:46:51Z
V,2011-04-05,16.93,17,16.74,16.83,20209679,75.62,75.92,74.8,75.18,4523900,2026-02-14T03:46:51Z
V,2011-04-06,17.01,17.01,16.91,16.93,20253859,76,76,75.53,75.65,4533800,2026-02-14T03:46:51Z
V,2011-04-07,17.1,17.14,16.95,17.04,24677354,76.41,76.55,75.72,76.11,5524000,2026-02-14T03:46:51Z
V,2011-04-08,17.17,17.4,17.08,17.19,26787403,76.72,77.72,76.32,76.79,5996300,2026-02-14T03:46:51Z
V,2011-04-11,17.4,17.41,17.17,17.19,21233963,77.71,77.76,76.7,76.8,4753200,2026-02-14T03:46:51Z
V,2011-04-12,17.24,17.37,17.18,17.22,22910203,77.03,77.58,76.77,76.92,5128400,2026-02-14T03:46:51Z
V,2011-04-13,17.35,17.46,17.28,17.31,20401814,77.5,77.99,77.2,77.32,4566900,2026-02-14T03:46:51Z
V,2011-04-14,17.08,17.29,17.05,17.27,20783226,76.31,77.26,76.16,77.15,4652300,2026-02-14T03:46:51Z
V,2011-04-15,17.12,17.24,17.03,17.15,22629136,76.47,77,76.06,76.6,5065500,2026-02-14T03:46:51Z
V,2011-04-18,16.94,17.08,16.89,16.92,17132178,75.68,76.3,75.45,75.58,3835000,2026-02-14T03:46:51Z
V,2011-04-19,16.99,17.01,16.82,16.9,15931288,75.92,75.98,75.16,75.49,3566200,2026-02-14T03:46:51Z
V,2011-04-20,17.32,17.44,17.1,17.15,16587168,77.37,77.91,76.41,76.61,3713000,2026-02-14T03:46:51Z
V,2011-04-21,17.41,17.46,17.25,17.32,12283305,77.77,77.98,77.05,77.36,2749600,2026-02-14T03:46:51Z
V,2011-04-25,17.41,17.43,17.3,17.39,7959873,77.76,77.87,77.3,77.69,1781800,2026-02-14T03:46:51Z
V,2011-04-26,17.63,17.68,17.33,17.41,16902101,78.77,79,77.4,77.8,3783500,2026-02-14T03:46:51Z
V,2011-04-27,17.66,17.68,17.44,17.64,10038489,78.89,78.97,77.89,78.8,2247100,2026-02-14T03:46:51Z
V,2011-04-28,17.38,17.65,17.36,17.65,12761737,77.66,78.84,77.55,78.84,2856700,2026-02-14T03:46:51Z
V,2011-04-29,17.49,17.56,16.62,17.39,12147980,78.12,78.45,74.23,77.7,2719300,2026-02-14T03:46:51Z
V,2011-05-02,17.72,17.83,17.56,17.65,15083836,79.14,79.67,78.46,78.84,3376500,2026-02-14T03:46:51Z
V,2011-05-03,17.91,17.95,17.75,17.82,21178586,80,80.17,79.3,79.63,4740800,2026-02-14T03:46:51Z
V,2011-05-04,17.86,17.94,17.7,17.87,19384085,79.77,80.15,79.05,79.85,4339100,2026-02-14T03:46:51Z
V,2011-05-05,17.62,17.77,17.5,17.71,23452437,78.7,79.37,78.2,79.1,5249800,2026-02-14T03:46:51Z
V,2011-05-06,17.78,17.88,17.52,17.54,33241697,79.41,79.86,78.27,78.37,7441100,2026-02-14T03:46:51Z
V,2011-05-09,17.88,17.9,17.69,17.71,21330547,79.86,79.98,79.04,79.13,4774800,2026-02-14T03:46:51Z
V,2011-05-10,17.99,18.07,17.84,17.9,22019389,80.35,80.7,79.72,79.97,4929000,2026-02-14T03:46:51Z
V,2011-05-11,17.76,17.96,17.67,17.96,19734819,79.34,80.25,78.95,80.22,4417600,2026-02-14T03:46:51Z
V,2011-05-12,17.89,17.92,17.7,17.7,28013606,79.93,80.05,79.08,79.09,6270800,2026-02-14T03:46:51Z
V,2011-05-13,17.89,17.95,17.84,17.91,24001548,79.91,80.18,79.7,80,5372700,2026-02-14T03:46:51Z
V,2011-05-16,17.89,18.2,17.71,17.72,20957536,79.94,81.3,79.12,79.15,4691300,2026-02-14T03:46:51Z
V,2011-05-17,18.04,18.09,17.85,17.86,24698832,80.6,80.8,79.75,79.8,5528800,2026-02-14T03:46:51Z
V,2011-05-18,17.94,18.04,17.82,18.04,22444357,80.01,80.43,79.48,80.43,5033500,2026-02-14T03:46:51Z
V,2011-05-19,17.86,17.97,17.81,17.97,16670422,79.64,80.14,79.41,80.13,3738600,2026-02-14T03:46:51Z
V,2011-05-20,17.54,17.91,17.54,17.86,19199107,78.23,79.84,78.23,79.64,4305700,2026-02-14T03:46:51Z
V,2011-05-23,17.25,17.43,17.18,17.27,20362473,76.92,77.74,76.6,77,4566600,2026-02-14T03:46:51Z
V,2011-05-24,17.4,17.44,17.19,17.29,16529518,77.6,77.77,76.66,77.09,3707000,2026-02-14T03:46:51Z
V,2011-05-25,17.66,17.73,17.18,17.26,20069971,78.75,79.08,76.61,76.96,4501000,2026-02-14T03:46:51Z
V,2011-05-26,17.78,17.8,17.41,17.65,23549781,79.29,79.36,77.64,78.71,5281400,2026-02-14T03:46:51Z
V,2011-05-27,17.9,17.91,17.58,17.64,17105160,79.8,79.84,78.37,78.66,3836100,2026-02-14T03:46:51Z
V,2011-05-31,18.18,18.19,17.94,17.94,17027102,81.06,81.11,80.01,80.01,3818600,2026-02-14T03:46:51Z
V,2011-06-01,17.76,18.11,17.76,18.11,19771144,79.18,80.76,79.18,80.76,4434000,2026-02-14T03:46:51Z
V,2011-06-02,18.1,18.12,17.75,17.76,21699756,80.7,80.82,79.15,79.19,4866500,2026-02-14T03:46:51Z
V,2011-06-03,17.75,18.02,17.71,17.9,21131238,79.13,80.36,78.96,79.81,4739000,2026-02-14T03:46:51Z
V,2011-06-06,17.54,17.84,17.53,17.72,19650326,78.2,79.57,78.15,79,4406900,2026-02-14T03:46:51Z
V,2011-06-07,17.9,17.97,17.61,17.67,31057334,79.82,80.13,78.52,78.8,6965100,2026-02-14T03:46:51Z
V,2011-06-08,17.2,17.65,16.68,17.65,90056239,76.71,78.69,74.37,78.69,20196500,2026-02-14T03:46:51Z
V,2011-06-09,17.14,17.21,17.02,17.11,35754076,76.43,76.73,75.88,76.28,8018400,2026-02-14T03:46:51Z
V,2011-06-10,16.75,17.11,16.72,17.09,32846765,74.69,76.31,74.55,76.21,7366400,2026-02-14T03:46:51Z
V,2011-06-13,16.79,16.85,16.66,16.79,23210457,74.86,75.14,74.3,74.85,5205300,2026-02-14T03:46:51Z
V,2011-06-14,17.03,17.11,16.78,16.84,33479917,75.93,76.27,74.83,75.11,7508400,2026-02-14T03:46:51Z
V,2011-06-15,16.78,17.05,16.78,16.94,25388701,74.84,76.03,74.81,75.54,5693800,2026-02-14T03:46:51Z
V,2011-06-16,16.79,16.91,16.68,16.77,23456574,74.88,75.38,74.38,74.8,5260500,2026-02-14T03:46:51Z
V,2011-06-17,16.69,16.93,16.64,16.91,28826514,74.43,75.49,74.2,75.41,6464800,2026-02-14T03:46:51Z
V,2011-06-20,16.61,16.67,16.52,16.66,25133544,74.05,74.34,73.64,74.28,5636600,2026-02-14T03:46:51Z
V,2011-06-21,16.82,16.86,16.63,16.72,28197331,74.99,75.19,74.15,74.56,6323700,2026-02-14T03:46:51Z
V,2011-06-22,16.74,17.04,16.72,16.81,19761800,74.66,75.98,74.57,74.94,4431900,2026-02-14T03:46:51Z
V,2011-06-23,16.89,16.91,16.6,16.64,22746744,75.31,75.4,74,74.19,5101300,2026-02-14T03:46:51Z
V,2011-06-24,16.45,16.9,16.45,16.89,44261717,73.37,75.35,73.33,75.31,9926400,2026-02-14T03:46:51Z
V,2011-06-27,16.57,16.61,16.4,16.55,23277290,73.89,74.05,73.11,73.79,5220300,2026-02-14T03:46:51Z
V,2011-06-28,16.88,16.92,16.64,16.66,25970568,75.28,75.45,74.21,74.28,5824300,2026-02-14T03:46:51Z
V,2011-06-29,19.41,19.58,16.77,17.03,147268049,86.57,87.32,74.79,75.92,33027200,2026-02-14T03:46:51Z
V,2011-06-30,18.9,19.59,18.82,19.32,133658612,84.26,87.36,83.93,86.13,29975000,2026-02-14T03:46:51Z
V,2011-07-01,19.73,19.94,18.79,18.86,68827576,87.97,88.93,83.76,84.1,15435700,2026-02-14T03:46:51Z
V,2011-07-05,19.81,19.91,19.36,19.48,36888919,88.32,88.8,86.34,86.84,8272900,2026-02-14T03:46:51Z
V,2011-07-06,19.78,20.01,19.48,19.7,37482837,88.2,89.23,86.85,87.84,8406100,2026-02-14T03:46:51Z
V,2011-07-07,20.22,20.37,19.73,19.78,54099544,90.15,90.83,88,88.2,12132700,2026-02-14T03:46:51Z
V,2011-07-08,20.12,20.22,19.82,19.95,23207249,89.73,90.15,88.4,88.97,5204600,2026-02-14T03:46:51Z
V,2011-07-11,19.71,20.01,19.66,19.87,28686889,87.9,89.24,87.68,88.61,6433500,2026-02-14T03:46:51Z
V,2011-07-12,19.67,19.91,19.64,19.74,20544827,87.7,88.8,87.59,88.02,4607500,2026-02-14T03:46:51Z
V,2011-07-13,19.9,20.18,19.74,19.77,21028221,88.74,89.96,88.02,88.14,4715900,2026-02-14T03:46:51Z
V,2011-07-14,19.72,20.05,19.69,19.79,19192884,87.94,89.39,87.78,88.25,4304300,2026-02-14T03:46:51Z
V,2011-07-15,19.9,19.93,19.67,19.89,17836861,88.75,88.88,87.71,88.69,4000200,2026-02-14T03:46:51Z
V,2011-07-18,19.75,19.94,19.67,19.81,15066487,88.07,88.9,87.71,88.32,3378900,2026-02-14T03:46:51Z
V,2011-07-19,20.01,20.02,19.78,19.84,24072389,89.21,89.27,88.2,88.49,5398600,2026-02-14T03:46:51Z
V,2011-07-20,19.88,20.07,19.79,20,10570057,88.64,89.49,88.22,89.18,2370500,2026-02-14T03:46:51Z
V,2011-07-21,19.75,20.27,19.74,19.97,23481072,88.05,90.38,88.04,89.05,5266000,2026-02-14T03:46:51Z
V,2011-07-22,20.08,20.14,19.76,19.76,10073301,89.52,89.78,88.1,88.1,2259100,2026-02-14T03:46:51Z
V,2011-07-25,19.98,20.23,19.82,19.88,14889472,89.08,90.23,88.37,88.64,3339200,2026-02-14T03:46:51Z
V,2011-07-26,20,20.18,19.89,19.96,11940747,89.2,89.99,88.7,89.02,2677900,2026-02-14T03:46:51Z
V,2011-07-27,19.68,19.96,19.57,19.79,26871717,87.75,89,87.25,88.23,6026400,2026-02-14T03:46:51Z
V,2011-07-28,19.49,19.95,19.43,19.77,21444177,86.92,88.97,86.66,88.13,4809200,2026-02-14T03:46:51Z
V,2011-07-29,19.18,19.34,18.75,19.25,18627892,85.54,86.24,83.6,85.84,4177600,2026-02-14T03:46:51Z
V,2011-08-01,19.22,19.59,19.08,19.51,15064709,85.68,87.33,85.06,87,3378500,2026-02-14T03:46:51Z
V,2011-08-02,18.74,19.37,18.74,19.06,19315078,83.56,86.39,83.56,85,4331700,2026-02-14T03:46:51Z
V,2011-08-03,19.62,19.68,18.8,18.96,39367073,87.48,87.75,83.81,84.53,8828700,2026-02-14T03:46:51Z
V,2011-08-04,19.06,19.47,19.04,19.46,42578158,84.99,86.81,84.88,86.77,9548800,2026-02-14T03:46:51Z
V,2011-08-05,18.71,19.21,18.14,19.14,37488129,83.41,85.67,80.88,85.34,8407300,2026-02-14T03:46:51Z
V,2011-08-08,17.77,18.35,17.51,17.99,65249439,79.24,81.81,78.08,80.21,14633200,2026-02-14T03:46:51Z
V,2011-08-09,18.56,18.59,17.07,18.02,65446585,82.76,82.87,76.11,80.35,14677400,2026-02-14T03:46:51Z
V,2011-08-10,17.78,18.31,17.72,18.23,42838880,79.28,81.64,79.02,81.29,9607300,2026-02-14T03:46:51Z
V,2011-08-11,18.95,19.22,17.87,17.98,41647106,84.52,85.69,79.7,80.15,9340000,2026-02-14T03:46:51Z
V,2011-08-12,18.8,19.24,18.71,19.08,18503046,83.83,85.79,83.43,85.09,4149600,2026-02-14T03:46:51Z
V,2011-08-15,19.26,19.34,18.95,19.09,20431563,85.87,86.23,84.51,85.11,4582100,2026-02-14T03:46:51Z
V,2011-08-16,19.25,19.37,18.98,19.06,22696324,85.83,86.37,84.61,85,5090000,2026-02-14T03:46:51Z
V,2011-08-17,18.87,19.36,18.72,19.29,21242984,83.99,86.18,83.32,85.86,4772400,2026-02-14T03:46:51Z
V,2011-08-18,18.04,18.59,17.96,18.32,36722020,80.29,82.75,79.95,81.55,8249900,2026-02-14T03:46:51Z
V,2011-08-19,17.88,18.35,17.82,17.82,34688235,79.6,81.69,79.33,79.34,7793000,2026-02-14T03:46:51Z
V,2011-08-22,17.93,18.31,17.8,18.3,21522889,79.79,81.5,79.25,81.48,4835300,2026-02-14T03:46:51Z
V,2011-08-23,18.82,18.82,17.92,18.02,22340624,83.77,83.79,79.78,80.23,5019000,2026-02-14T03:46:51Z
V,2011-08-24,19.41,19.45,18.67,18.78,32439458,86.38,86.58,83.11,83.6,7287800,2026-02-14T03:46:51Z
V,2011-08-25,18.9,19.53,18.86,19.43,27012147,84.11,86.93,83.94,86.47,6068500,2026-02-14T03:46:51Z
V,2011-08-26,19.29,19.31,18.57,18.76,23923461,85.85,85.95,82.67,83.51,5374600,2026-02-14T03:46:51Z
V,2011-08-29,19.45,19.75,19.34,19.41,20663843,86.58,87.93,86.07,86.42,4642300,2026-02-14T03:46:51Z
V,2011-08-30,19.75,19.84,19.39,19.46,18497429,87.93,88.33,86.3,86.62,4155600,2026-02-14T03:46:51Z
V,2011-08-31,19.74,19.96,19.49,19.88,26810009,87.88,88.85,86.75,88.5,6023100,2026-02-14T03:46:51Z
V,2011-09-01,19.71,19.99,19.55,19.71,23148012,87.73,88.96,87.03,87.72,5200400,2026-02-14T03:46:51Z
V,2011-09-02,19.22,19.57,19.12,19.28,17597408,85.55,87.12,85.1,85.83,3953400,2026-02-14T03:46:51Z
V,2011-09-06,19.29,19.38,18.7,18.7,17592015,85.86,86.25,83.25,83.25,3952200,2026-02-14T03:46:51Z
V,2011-09-07,19.88,19.89,19.48,19.5,18420386,88.48,88.53,86.7,86.82,4138300,2026-02-14T03:46:51Z
V,2011-09-08,19.65,20.02,19.64,19.67,20468878,87.46,89.1,87.44,87.57,4598500,2026-02-14T03:46:51Z
V,2011-09-09,19.4,19.86,19.31,19.52,29480393,86.35,88.41,85.96,86.88,6623000,2026-02-14T03:46:51Z
V,2011-09-12,19.65,19.65,19.21,19.26,21819766,87.45,87.48,85.49,85.72,4902000,2026-02-14T03:46:51Z
V,2011-09-13,19.72,19.75,19.47,19.69,19442373,87.77,87.91,86.66,87.66,4367900,2026-02-14T03:46:51Z
V,2011-09-14,20.12,20.26,19.67,19.82,29096616,89.58,90.2,87.56,88.23,6536800,2026-02-14T03:46:51Z
V,2011-09-15,20.33,20.35,19.85,20.22,23901603,90.5,90.6,88.35,90.01,5369700,2026-02-14T03:46:51Z
V,2011-09-16,20.41,20.56,20.14,20.36,55952992,90.85,91.52,89.63,90.62,12570300,2026-02-14T03:46:51Z
V,2011-09-19,20.23,20.37,19.92,20.1,24586211,90.03,90.67,88.67,89.47,5523500,2026-02-14T03:46:51Z
V,2011-09-20,20.86,21.29,20.28,20.31,40131565,92.84,94.75,90.26,90.4,9015900,2026-02-14T03:46:51Z
V,2011-09-21,20.54,21.15,20.53,20.81,31236714,91.42,94.13,91.4,92.64,7017600,2026-02-14T03:46:51Z
V,2011-09-22,19.84,20.22,19.36,19.94,39719490,88.3,90,86.19,88.74,8923300,2026-02-14T03:46:51Z
V,2011-09-23,20.24,20.43,19.76,19.76,23953734,90.08,90.93,87.96,87.96,5381400,2026-02-14T03:46:51Z
V,2011-09-26,20.28,20.56,19.81,20.46,21249108,90.28,91.52,88.17,91.06,4773800,2026-02-14T03:46:51Z
V,2011-09-27,20.1,20.6,20.02,20.47,22331720,89.48,91.7,89.12,91.12,5017000,2026-02-14T03:46:51Z
V,2011-09-28,19.69,20.19,19.65,20.17,19017776,87.63,89.85,87.46,89.8,4272500,2026-02-14T03:46:51Z
V,2011-09-29,19.7,19.99,19.32,19.99,17307160,87.69,88.97,86,88.97,3888200,2026-02-14T03:46:51Z
V,2011-09-30,19.26,19.68,19.15,19.43,19981021,85.72,87.62,85.25,86.51,4488900,2026-02-14T03:46:51Z
V,2011-10-03,18.93,19.46,18.92,19.04,29181218,84.26,86.64,84.22,84.76,6555800,2026-02-14T03:46:51Z
V,2011-10-04,19.05,19.12,18.36,18.68,34958927,84.78,85.09,81.71,83.13,7853800,2026-02-14T03:46:51Z
V,2011-10-05,19.09,19.2,18.7,19.03,27946453,84.99,85.45,83.22,84.71,6278400,2026-02-14T03:46:51Z
V,2011-10-06,19.57,19.61,18.97,19.07,21684018,87.13,87.28,84.42,84.88,4871500,2026-02-14T03:46:51Z
V,2011-10-07,19.38,19.77,19.27,19.64,19532752,86.25,88,85.77,87.43,4388200,2026-02-14T03:46:51Z
V,2011-10-10,20.05,20.06,19.64,19.72,14828262,89.25,89.29,87.4,87.79,3331300,2026-02-14T03:46:51Z
V,2011-10-11,20.33,20.41,19.87,19.93,19614700,90.51,90.86,88.45,88.71,4406600,2026-02-14T03:46:51Z
V,2011-10-12,20.48,20.74,20.38,20.38,21215326,91.17,92.33,90.71,90.72,4766200,2026-02-14T03:46:51Z
V,2011-10-13,20.8,20.88,20.32,20.33,14681377,92.6,92.93,90.46,90.5,3298300,2026-02-14T03:46:51Z
V,2011-10-14,21.1,21.26,20.93,20.94,17582708,93.92,94.65,93.17,93.2,3950100,2026-02-14T03:46:51Z
V,2011-10-17,20.49,21.1,20.45,20.92,15403828,91.19,93.92,91.03,93.13,3460600,2026-02-14T03:46:51Z
V,2011-10-18,21.1,21.23,20.35,20.46,16023859,93.91,94.5,90.59,91.09,3599900,2026-02-14T03:46:51Z
V,2011-10-19,20.24,21.23,20.19,21.1,24108636,90.08,94.48,89.88,93.93,5416200,2026-02-14T03:46:51Z
V,2011-10-20,20.52,20.66,20.28,20.44,19636523,91.35,91.97,90.27,90.99,4411500,2026-02-14T03:46:51Z
V,2011-10-21,20.99,20.99,20.65,20.78,15725678,93.43,93.43,91.9,92.49,3532900,2026-02-14T03:46:51Z
V,2011-10-24,21.17,21.21,20.94,20.96,13509379,94.21,94.41,93.19,93.3,3035000,2026-02-14T03:46:51Z
V,2011-10-25,20.37,21.04,20.34,21.01,18724450,90.68,93.63,90.55,93.5,4206600,2026-02-14T03:46:51Z
V,2011-10-26,20.67,20.83,20.13,20.7,29762915,92.02,92.73,89.6,92.14,6686500,2026-02-14T03:46:51Z
V,2011-10-27,21.21,21.23,20.35,20.44,46262796,94.4,94.49,90.6,90.99,10393300,2026-02-14T03:46:51Z
V,2011-10-28,21.36,21.51,20.95,20.95,25927824,95.1,95.75,93.25,93.25,5824900,2026-02-14T03:46:51Z
V,2011-10-31,20.95,21.54,20.95,21.18,19836379,93.26,95.87,93.24,94.28,4456400,2026-02-14T03:46:51Z
V,2011-11-01,20.23,20.77,20.22,20.46,33986259,90.03,92.46,90,91.08,7635300,2026-02-14T03:46:51Z
V,2011-11-02,20.56,21.12,20.47,20.9,27336672,91.5,93.99,91.12,93.04,6141400,2026-02-14T03:46:51Z
V,2011-11-03,20.93,21.07,20.28,20.68,20489299,93.18,93.8,90.28,92.06,4603100,2026-02-14T03:46:51Z
V,2011-11-04,20.81,21.04,20.59,20.74,15143030,92.64,93.63,91.65,92.33,3402000,2026-02-14T03:46:51Z
V,2011-11-07,20.88,20.97,20.56,20.85,10734988,92.96,93.33,91.52,92.8,2411700,2026-02-14T03:46:51Z
V,2011-11-08,21.24,21.27,20.98,20.99,21814012,94.54,94.66,93.4,93.44,4900700,2026-02-14T03:46:51Z
V,2011-11-09,20.92,21.14,20.73,20.84,21807369,93.13,94.1,92.29,92.76,4899200,2026-02-14T03:46:51Z
V,2011-11-10,20.9,21.2,20.8,21.08,12517236,93.04,94.35,92.59,93.82,2812100,2026-02-14T03:46:51Z
V,2011-11-11,21.38,21.49,21.05,21.07,15187943,95.16,95.65,93.71,93.79,3412100,2026-02-14T03:46:51Z
V,2011-11-14,21.08,21.5,21.02,21.25,11608318,93.82,95.72,93.57,94.61,2607900,2026-02-14T03:46:51Z
V,2011-11-15,21.48,21.53,21.08,21.12,15749231,95.63,95.82,93.85,94.02,3538200,2026-02-14T03:46:51Z
V,2011-11-16,21.03,21.39,20.98,21.29,14434000,93.4,95,93.17,94.55,3250200,2026-02-14T03:46:51Z
V,2011-11-17,20.58,21.17,20.46,21.1,19128135,91.4,94.01,90.86,93.69,4307200,2026-02-14T03:46:51Z
V,2011-11-18,20.45,20.64,20.36,20.61,14328300,90.81,91.65,90.43,91.52,3226400,2026-02-14T03:46:51Z
V,2011-11-21,20.54,20.69,20.06,20.19,17593796,91.21,91.87,89.1,89.66,3961700,2026-02-14T03:46:51Z
V,2011-11-22,20.45,20.76,20.41,20.48,14954514,90.84,92.19,90.63,90.95,3367400,2026-02-14T03:46:51Z
V,2011-11-23,20.11,20.66,20.09,20.35,23387886,89.29,91.76,89.2,90.36,5266400,2026-02-14T03:46:51Z
V,2011-11-25,20.05,20.35,19.99,20.05,7697521,89.02,90.39,88.78,89.04,1733300,2026-02-14T03:46:51Z
V,2011-11-28,21.05,21.11,20.52,20.64,16423600,93.47,93.75,91.13,91.65,3698200,2026-02-14T03:46:51Z
V,2011-11-29,20.92,21.05,20.84,21.05,16113136,92.9,93.5,92.54,93.47,3628300,2026-02-14T03:46:51Z
V,2011-11-30,21.84,21.85,21.31,21.36,23875563,96.97,97.03,94.64,94.85,5376200,2026-02-14T03:46:51Z
V,2011-12-01,22.01,22.13,21.56,21.6,21142577,97.76,98.26,95.75,95.92,4760800,2026-02-14T03:46:51Z
V,2011-12-02,21.89,22.2,21.8,22.16,14352777,97.2,98.6,96.8,98.39,3231900,2026-02-14T03:46:51Z
V,2011-12-05,21.63,22.13,21.44,22.13,18578362,96.06,98.29,95.2,98.28,4183400,2026-02-14T03:46:51Z
V,2011-12-06,21.48,21.68,21.41,21.63,15695232,95.37,96.28,95.08,96.04,3534200,2026-02-14T03:46:51Z
V,2011-12-07,21.86,21.94,21.4,21.45,17825113,97.07,97.45,95.05,95.27,4013800,2026-02-14T03:46:51Z
V,2011-12-08,21.57,22.04,21.52,21.83,15808940,95.8,97.87,95.59,96.94,3559800,2026-02-14T03:46:51Z
V,2011-12-09,21.88,21.95,21.51,21.74,13293574,97.19,97.46,95.51,96.54,2993400,2026-02-14T03:46:51Z
V,2011-12-12,21.82,21.93,21.58,21.76,15148120,96.92,97.4,95.83,96.64,3411000,2026-02-14T03:46:51Z
V,2011-12-13,21.6,21.96,21.51,21.94,15060171,95.91,97.54,95.53,97.44,3391200,2026-02-14T03:46:51Z
V,2011-12-14,21.7,21.78,21.4,21.56,21265992,96.36,96.74,95.05,95.74,4788600,2026-02-14T03:46:51Z
V,2011-12-15,21.58,21.91,21.52,21.91,23337261,95.82,97.32,95.57,97.32,5255000,2026-02-14T03:46:51Z
V,2011-12-16,21.94,22.01,21.71,21.77,19491819,97.44,97.75,96.41,96.67,4389100,2026-02-14T03:46:51Z
V,2011-12-19,22.2,22.38,21.96,21.96,26139495,98.58,99.37,97.51,97.51,5886000,2026-02-14T03:46:51Z
V,2011-12-20,22.82,22.86,22.37,22.41,30481472,101.35,101.5,99.36,99.53,6863700,2026-02-14T03:46:51Z
V,2011-12-21,22.68,22.8,22.41,22.8,16924040,100.72,101.26,99.5,101.26,3810900,2026-02-14T03:46:51Z
V,2011-12-22,22.64,22.96,22.54,22.66,14920770,100.54,101.97,100.1,100.61,3359800,2026-02-14T03:46:51Z
V,2011-12-23,23.08,23.08,22.63,22.72,8662976,102.48,102.5,100.51,100.89,1950700,2026-02-14T03:46:51Z
V,2011-12-27,22.95,23.29,22.95,23.06,9681310,101.91,103.45,101.91,102.41,2180000,2026-02-14T03:46:51Z
V,2011-12-28,22.68,22.97,22.65,22.9,11068195,100.72,102,100.6,101.69,2492300,2026-02-14T03:46:51Z
V,2011-12-29,23.23,23.25,22.7,22.74,9591166,103.15,103.25,100.82,101,2159700,2026-02-14T03:46:51Z
V,2011-12-30,22.86,23.24,22.85,23.23,9543612,101.53,103.2,101.49,103.17,2149000,2026-02-14T03:46:51Z
V,2012-01-03,23.19,23.28,22.93,23.28,18694245,102.99,103.4,101.85,103.4,4209500,2026-02-14T03:46:51Z
V,2012-01-04,22.78,23.07,22.52,22.9,18348720,101.15,102.46,100,101.69,4131700,2026-02-14T03:46:51Z
V,2012-01-05,22.95,23.02,22.44,22.71,13429931,101.91,102.21,99.66,100.85,3024100,2026-02-14T03:46:51Z
V,2012-01-06,22.68,23.02,22.57,22.96,14531728,100.71,102.22,100.22,101.96,3272200,2026-02-14T03:46:51Z
V,2012-01-09,22.5,22.78,22.24,22.75,19988348,99.9,101.18,98.78,101.01,4500900,2026-02-14T03:46:51Z
V,2012-01-10,22.47,22.73,22.39,22.71,20776160,99.8,100.95,99.45,100.84,4678300,2026-02-14T03:46:51Z
V,2012-01-11,22.32,22.41,22.14,22.29,21111924,99.11,99.5,98.33,98.97,4753900,2026-02-14T03:46:51Z
V,2012-01-12,22.82,22.9,22.38,22.38,18550769,101.34,101.68,99.38,99.38,4177200,2026-02-14T03:46:51Z
V,2012-01-13,22.68,22.92,22.58,22.58,18459724,100.74,101.79,100.28,100.28,4156700,2026-02-14T03:46:51Z
V,2012-01-17,23.09,23.18,22.79,22.9,18898102,102.53,102.94,101.19,101.69,4255400,2026-02-14T03:46:51Z
V,2012-01-18,23.37,23.39,22.99,23,13047996,103.78,103.88,102.11,102.16,2938100,2026-02-14T03:46:51Z
V,2012-01-19,23.05,23.46,23.02,23.45,16176656,102.37,104.2,102.25,104.16,3642600,2026-02-14T03:46:51Z
V,2012-01-20,22.65,23.09,22.47,23.04,22244380,100.58,102.52,99.8,102.34,5008900,2026-02-14T03:46:51Z
V,2012-01-23,22.43,22.72,22.25,22.69,17948124,99.6,100.89,98.8,100.75,4041500,2026-02-14T03:46:51Z
V,2012-01-24,22.75,22.8,22.29,22.31,13479191,101.01,101.27,98.99,99.06,3035200,2026-02-14T03:46:51Z
V,2012-01-25,22.64,22.74,22.47,22.66,16751338,100.56,100.97,99.8,100.61,3772000,2026-02-14T03:46:51Z
V,2012-01-26,22.71,23,22.51,22.68,15475859,100.86,102.15,99.98,100.72,3484800,2026-02-14T03:46:51Z
V,2012-01-27,22.75,22.86,22.5,22.61,12615428,101.05,101.53,99.9,100.41,2840700,2026-02-14T03:46:51Z
V,2012-01-30,22.49,22.64,22.41,22.55,13853593,99.88,100.52,99.5,100.14,3119500,2026-02-14T03:46:51Z
V,2012-01-31,22.66,22.69,22.48,22.63,14700509,100.64,100.78,99.83,100.49,3310200,2026-02-14T03:46:51Z
V,2012-02-01,23.08,23.13,22.65,22.8,17072861,102.51,102.7,100.6,101.25,3844400,2026-02-14T03:46:51Z
V,2012-02-02,23.88,24.12,23.33,23.37,37464862,106.06,107.12,103.59,103.78,8436200,2026-02-14T03:46:51Z
V,2012-02-03,24.1,24.28,24,24.05,18356299,107.03,107.82,106.59,106.79,4133400,2026-02-14T03:46:51Z
V,2012-02-06,24.17,24.38,24.05,24.08,14823513,107.36,108.27,106.8,106.94,3337900,2026-02-14T03:46:51Z
V,2012-02-07,24.09,24.22,23.88,24.2,14489957,106.98,107.55,106.06,107.46,3262800,2026-02-14T03:46:51Z
V,2012-02-08,24.4,24.46,24.1,24.27,25248610,108.35,108.64,107.02,107.77,5685400,2026-02-14T03:46:51Z
V,2012-02-09,25.31,25.87,25.23,25.54,43974465,112.42,114.9,112.05,113.4,9902000,2026-02-14T03:46:51Z
V,2012-02-10,25.65,25.67,25.09,25.21,24301828,113.9,114,111.4,111.95,5472200,2026-02-14T03:46:51Z
V,2012-02-13,25.38,25.93,25.3,25.73,24513699,112.71,115.17,112.36,114.25,5519900,2026-02-14T03:46:51Z
V,2012-02-14,25.95,25.95,25.24,25.24,19943495,115.24,115.25,112.09,112.11,4490800,2026-02-14T03:46:51Z
V,2012-02-15,25.97,26.44,25.86,26.11,24047094,115.1,117.18,114.64,115.74,5425200,2026-02-14T03:46:51Z
V,2012-02-16,25.67,26.11,25.63,26.06,17700233,113.8,115.73,113.6,115.5,3993300,2026-02-14T03:46:51Z
V,2012-02-17,25.95,26,25.67,25.81,17194920,115.01,115.25,113.8,114.41,3879300,2026-02-14T03:46:51Z
V,2012-02-21,25.76,26.17,25.68,26,11989442,114.2,116,113.85,115.26,2704900,2026-02-14T03:46:51Z
V,2012-02-22,26.25,26.34,25.56,25.67,15937024,116.36,116.75,113.3,113.79,3595500,2026-02-14T03:46:51Z
V,2012-02-23,26.28,26.35,26.09,26.25,12067889,116.48,116.8,115.66,116.36,2722600,2026-02-14T03:46:51Z
V,2012-02-24,26.52,26.57,26.15,26.28,12293920,117.54,117.77,115.9,116.49,2773600,2026-02-14T03:46:51Z
V,2012-02-27,26.36,26.46,26.24,26.41,17524744,116.86,117.3,116.3,117.07,3953700,2026-02-14T03:46:51Z
V,2012-02-28,26.84,26.84,26.41,26.43,13228288,118.95,118.97,117.05,117.16,2984400,2026-02-14T03:46:51Z
V,2012-02-29,26.25,26.93,26.17,26.85,16865160,116.37,119.36,116.01,119.02,3804900,2026-02-14T03:46:51Z
V,2012-03-01,26.44,26.62,26.29,26.43,12382607,117.18,117.99,116.55,117.13,2793600,2026-02-14T03:46:51Z
V,2012-03-02,26.21,26.39,26.08,26.29,13539478,116.16,116.97,115.6,116.51,3054600,2026-02-14T03:46:51Z
V,2012-03-05,26.22,26.36,26.15,26.23,11254508,116.24,116.83,115.9,116.24,2539100,2026-02-14T03:46:51Z
V,2012-03-06,25.91,26.06,25.61,25.95,14742897,114.84,115.5,113.54,115,3326100,2026-02-14T03:46:51Z
V,2012-03-07,26.09,26.19,25.94,26.18,11849806,115.64,116.1,114.96,116.06,2673400,2026-02-14T03:46:51Z
V,2012-03-08,26.61,26.66,26.18,26.32,10554176,117.97,118.18,116.03,116.68,2381100,2026-02-14T03:46:51Z
V,2012-03-09,26.43,26.71,26.4,26.64,9371596,117.17,118.39,117.01,118.07,2114300,2026-02-14T03:46:51Z
V,2012-03-12,26.29,26.52,26.19,26.4,8542725,116.53,117.55,116.07,117.02,1927300,2026-02-14T03:46:51Z
V,2012-03-13,26.46,26.49,26.1,26.38,14175109,117.27,117.41,115.68,116.91,3198000,2026-02-14T03:46:51Z
V,2012-03-14,26.34,26.6,26.28,26.47,16617403,116.75,117.89,116.47,117.31,3749000,2026-02-14T03:46:51Z
V,2012-03-15,26.4,26.5,26.24,26.28,14730936,117,117.47,116.3,116.5,3323400,2026-02-14T03:46:51Z
V,2012-03-16,26.32,26.51,26.23,26.46,17739271,116.68,117.5,116.27,117.28,4002100,2026-02-14T03:46:51Z
V,2012-03-19,26.81,27.01,26.2,26.27,17640434,118.84,119.72,116.15,116.44,3979800,2026-02-14T03:46:51Z
