ticker,tradeDate,clsPx,hiPx,loPx,open,stockVolume,unadjClsPx,unadjHiPx,unadjLoPx,unadjOpen,unadjStockVolume,updatedAt
VRTX,2006-01-03,27.9,28.2,26.5,27.88,1218400,27.9,28.2,26.5,27.88,1218400,2020-09-26T01:46:25Z
VRTX,2006-01-04,28.31,28.77,27.8,27.8,994200,28.31,28.77,27.8,27.8,994200,2020-09-26T01:46:25Z
VRTX,2006-01-05,29.48,29.51,28.03,28.36,1293400,29.48,29.51,28.03,28.36,1293400,2020-09-26T01:46:25Z
VRTX,2006-01-06,31.28,31.41,29.91,30.29,2001200,31.28,31.41,29.91,30.29,2001200,2020-09-26T01:46:25Z
VRTX,2006-01-09,33.1,34.25,31.32,31.93,4804300,33.1,34.25,31.32,31.93,4804300,2020-09-26T01:46:25Z
VRTX,2006-01-10,34.04,34.08,32.82,33.09,2006400,34.04,34.08,32.82,33.09,2006400,2020-09-26T01:46:25Z
VRTX,2006-01-11,33.92,34.98,33.87,34.25,1987800,33.92,34.98,33.87,34.25,1987800,2020-09-26T01:46:25Z
VRTX,2006-01-12,33.67,34.25,33,33.82,1421000,33.67,34.25,33,33.82,1421000,2020-09-26T01:46:25Z
VRTX,2006-01-13,33.85,33.97,33.23,33.65,916300,33.85,33.97,33.23,33.65,916300,2020-09-26T01:46:25Z
VRTX,2006-01-17,33.59,34.2,33.31,33.6,730700,33.59,34.2,33.31,33.6,730700,2020-09-26T01:46:25Z
VRTX,2006-01-18,34.36,34.6,32.06,32.96,1232800,34.36,34.6,32.06,32.96,1232800,2020-09-26T01:46:25Z
VRTX,2006-01-19,34.69,35.2,34,34.8,1129000,34.69,35.2,34,34.8,1129000,2020-09-26T01:46:25Z
VRTX,2006-01-20,34.44,35.69,34.01,35.1,1592500,34.44,35.69,34.01,35.1,1592500,2020-09-26T01:46:25Z
VRTX,2006-01-23,33.46,34.56,32.81,34.54,1693600,33.46,34.56,32.81,34.54,1693600,2020-09-26T01:46:25Z
VRTX,2006-01-24,33.54,33.75,33,33.54,1062400,33.54,33.75,33,33.54,1062400,2020-09-26T01:46:25Z
VRTX,2006-01-25,33.68,34.15,33.26,33.6,962100,33.68,34.15,33.26,33.6,962100,2020-09-26T01:46:25Z
VRTX,2006-01-26,34.21,34.33,33.6,34,689100,34.21,34.33,33.6,34,689100,2020-09-26T01:46:25Z
VRTX,2006-01-27,35.95,35.97,34.18,34.34,1545400,35.95,35.97,34.18,34.34,1545400,2020-09-26T01:46:25Z
VRTX,2006-01-30,34.82,36.25,34.61,35.98,982300,34.82,36.25,34.61,35.98,982300,2020-09-26T01:46:25Z
VRTX,2006-01-31,35.72,35.78,34.23,34.78,813400,35.72,35.78,34.23,34.78,813400,2020-09-26T01:46:25Z
VRTX,2006-02-01,36.05,36.63,35.53,35.53,1102300,36.05,36.63,35.53,35.53,1102300,2020-09-26T01:46:25Z
VRTX,2006-02-02,35.08,36.54,34.75,35.99,982900,35.08,36.54,34.75,35.99,982900,2020-09-26T01:46:25Z
VRTX,2006-02-03,34.54,35.36,34.43,35,1319100,34.54,35.36,34.43,35,1319100,2020-09-26T01:46:25Z
VRTX,2006-02-06,34.3,34.75,34,34.52,939200,34.3,34.75,34,34.52,939200,2020-09-26T01:46:25Z
VRTX,2006-02-07,36.11,37.85,35.8,36.11,4386300,36.11,37.85,35.8,36.11,4386300,2020-09-26T01:46:25Z
VRTX,2006-02-08,36.93,36.93,35.86,35.96,1971700,36.93,36.93,35.86,35.96,1971700,2020-09-26T01:46:25Z
VRTX,2006-02-09,36.41,37.65,36.21,37.1,1331200,36.41,37.65,36.21,37.1,1331200,2020-09-26T01:46:25Z
VRTX,2006-02-10,35.9,36.42,34.65,36.19,1540000,35.9,36.42,34.65,36.19,1540000,2020-09-26T01:46:25Z
VRTX,2006-02-13,34.49,35.87,34.33,35.61,959500,34.49,35.87,34.33,35.61,959500,2020-09-26T01:46:25Z
VRTX,2006-02-14,36.17,36.49,34.55,34.63,1449400,36.17,36.49,34.55,34.63,1449400,2020-09-26T01:46:25Z
VRTX,2006-02-15,36.72,37.2,36.12,36.26,981700,36.72,37.2,36.12,36.26,981700,2020-09-26T01:46:25Z
VRTX,2006-02-16,37.41,37.5,36.6,36.89,941400,37.41,37.5,36.6,36.89,941400,2020-09-26T01:46:25Z
VRTX,2006-02-17,37.73,38.38,37.01,37.36,1256300,37.73,38.38,37.01,37.36,1256300,2020-09-26T01:46:25Z
VRTX,2006-02-21,37.39,37.98,36.21,37.7,1522900,37.39,37.98,36.21,37.7,1522900,2020-09-26T01:46:25Z
VRTX,2006-02-22,38.64,38.68,37.23,37.7,1204500,38.64,38.68,37.23,37.7,1204500,2020-09-26T01:46:25Z
VRTX,2006-02-23,41.61,42.34,38.5,38.5,4310400,41.61,42.34,38.5,38.5,4310400,2020-09-26T01:46:25Z
VRTX,2006-02-24,43.2,43.2,41.61,41.69,2133100,43.2,43.2,41.61,41.69,2133100,2020-09-26T01:46:25Z
VRTX,2006-02-27,44.2,44.71,43.01,43.45,2196800,44.2,44.71,43.01,43.45,2196800,2020-09-26T01:46:25Z
VRTX,2006-02-28,43.24,44.14,42.11,44.01,2712500,43.24,44.14,42.11,44.01,2712500,2020-09-26T01:46:25Z
VRTX,2006-03-01,44.1,44.3,41.75,43.33,1972800,44.1,44.3,41.75,43.33,1972800,2020-09-26T01:46:25Z
VRTX,2006-03-02,43.99,44.49,43.26,43.49,1429600,43.99,44.49,43.26,43.49,1429600,2020-09-26T01:46:25Z
VRTX,2006-03-03,43.81,44.35,43.63,44,1409300,43.81,44.35,43.63,44,1409300,2020-09-26T01:46:25Z
VRTX,2006-03-06,43.42,44.23,43.15,43.81,1224100,43.42,44.23,43.15,43.81,1224100,2020-09-26T01:46:25Z
VRTX,2006-03-07,39.65,43.38,39.59,43.38,2913000,39.65,43.38,39.59,43.38,2913000,2020-09-26T01:46:25Z
VRTX,2006-03-08,40.28,40.78,37.67,38.85,3651400,40.28,40.78,37.67,38.85,3651400,2020-09-26T01:46:25Z
VRTX,2006-03-09,37.98,38.13,36.69,36.95,4648200,37.98,38.13,36.69,36.95,4648200,2020-09-26T01:46:25Z
VRTX,2006-03-10,37.2,37.85,36.34,37.61,2278000,37.2,37.85,36.34,37.61,2278000,2020-09-26T01:46:25Z
VRTX,2006-03-13,36.98,37.72,36.87,37.08,1373200,36.98,37.72,36.87,37.08,1373200,2020-09-26T01:46:25Z
VRTX,2006-03-14,37.45,37.75,36.69,36.83,1174700,37.45,37.75,36.69,36.83,1174700,2020-09-26T01:46:25Z
VRTX,2006-03-15,39.26,39.47,37.51,37.63,1832000,39.26,39.47,37.51,37.63,1832000,2020-09-26T01:46:25Z
VRTX,2006-03-16,39.49,40.09,39.23,39.45,1154300,39.49,40.09,39.23,39.45,1154300,2020-09-26T01:46:25Z
VRTX,2006-03-17,40.56,40.59,39.21,39.69,2011500,40.56,40.59,39.21,39.69,2011500,2020-09-26T01:46:25Z
VRTX,2006-03-20,40.19,40.9,39.32,40.64,1243400,40.19,40.9,39.32,40.64,1243400,2020-09-26T01:46:25Z
VRTX,2006-03-21,37.95,40.23,37.85,40.15,1569400,37.95,40.23,37.85,40.15,1569400,2020-09-26T01:46:25Z
VRTX,2006-03-22,37.85,38.2,36.95,37.78,1623400,37.85,38.2,36.95,37.78,1623400,2020-09-26T01:46:25Z
VRTX,2006-03-23,36.05,37.83,35.64,37.68,1938700,36.05,37.83,35.64,37.68,1938700,2020-09-26T01:46:25Z
VRTX,2006-03-24,36.45,37.04,36,36.11,1313500,36.45,37.04,36,36.11,1313500,2020-09-26T01:46:25Z
VRTX,2006-03-27,35.56,36.65,35.45,36.45,1113800,35.56,36.65,35.45,36.45,1113800,2020-09-26T01:46:25Z
VRTX,2006-03-28,34.92,35.56,34.68,35.36,1126400,34.92,35.56,34.68,35.36,1126400,2020-09-26T01:46:25Z
VRTX,2006-03-29,35.89,36.5,34.72,34.86,1171200,35.89,36.5,34.72,34.86,1171200,2020-09-26T01:46:25Z
VRTX,2006-03-30,35.31,36.43,34.81,35.87,1243500,35.31,36.43,34.81,35.87,1243500,2020-09-26T01:46:25Z
VRTX,2006-03-31,36.59,36.6,35.13,35.2,1757500,36.59,36.6,35.13,35.2,1757500,2020-09-26T01:46:25Z
VRTX,2006-04-03,35.85,36.98,35.6,36.64,1350500,35.85,36.98,35.6,36.64,1350500,2020-09-26T01:46:25Z
VRTX,2006-04-04,36.38,36.58,35.5,35.81,1248300,36.38,36.58,35.5,35.81,1248300,2020-09-26T01:46:25Z
VRTX,2006-04-05,36.41,36.87,35.8,36.3,926800,36.41,36.87,35.8,36.3,926800,2020-09-26T01:46:25Z
VRTX,2006-04-06,33.78,36.43,33.39,36.43,2646900,33.78,36.43,33.39,36.43,2646900,2020-09-26T01:46:25Z
VRTX,2006-04-07,32.31,33.85,31.1,33.81,3579000,32.31,33.85,31.1,33.81,3579000,2020-09-26T01:46:25Z
VRTX,2006-04-10,33.72,34.74,32.52,32.65,3317200,33.72,34.74,32.52,32.65,3317200,2020-09-26T01:46:25Z
VRTX,2006-04-11,32.7,34.06,32.52,33.72,1791100,32.7,34.06,32.52,33.72,1791100,2020-09-26T01:46:25Z
VRTX,2006-04-12,35.13,35.6,34,34.1,2749900,35.13,35.6,34,34.1,2749900,2020-09-26T01:46:25Z
VRTX,2006-04-13,35.76,36.21,34.76,35.02,1196300,35.76,36.21,34.76,35.02,1196300,2020-09-26T01:46:25Z
VRTX,2006-04-17,35.47,36.59,35.2,35.8,1332600,35.47,36.59,35.2,35.8,1332600,2020-09-26T01:46:25Z
VRTX,2006-04-18,37.28,37.48,35.57,35.57,1528500,37.28,37.48,35.57,35.57,1528500,2020-09-26T01:46:25Z
VRTX,2006-04-19,39.5,39.57,37.3,37.5,3396700,39.5,39.57,37.3,37.5,3396700,2020-09-26T01:46:25Z
VRTX,2006-04-20,39.26,40,38.9,39.35,1900400,39.26,40,38.9,39.35,1900400,2020-09-26T01:46:25Z
VRTX,2006-04-21,39.17,39.96,38.5,39.7,1515400,39.17,39.96,38.5,39.7,1515400,2020-09-26T01:46:25Z
VRTX,2006-04-24,38.37,39,37.36,38.91,1447800,38.37,39,37.36,38.91,1447800,2020-09-26T01:46:25Z
VRTX,2006-04-25,37.5,38.5,36.68,38.5,1268400,37.5,38.5,36.68,38.5,1268400,2020-09-26T01:46:25Z
VRTX,2006-04-26,34.82,35.97,33.6,35.78,4025000,34.82,35.97,33.6,35.78,4025000,2020-09-26T01:46:25Z
VRTX,2006-04-27,35.96,36.49,34.52,34.71,2609600,35.96,36.49,34.52,34.71,2609600,2020-09-26T01:46:25Z
VRTX,2006-04-28,36.37,36.75,35.62,35.65,1115500,36.37,36.75,35.62,35.65,1115500,2020-09-26T01:46:25Z
VRTX,2006-05-01,35.65,37.45,35.32,37.25,1732800,35.65,37.45,35.32,37.25,1732800,2020-09-26T01:46:25Z
VRTX,2006-05-02,34.51,35.65,34.24,35.6,1590300,34.51,35.65,34.24,35.6,1590300,2020-09-26T01:46:25Z
VRTX,2006-05-03,35.02,35.36,34.23,34.27,1542500,35.02,35.36,34.23,34.27,1542500,2020-09-26T01:46:25Z
VRTX,2006-05-04,35.59,35.73,34.63,34.94,817700,35.59,35.73,34.63,34.94,817700,2020-09-26T01:46:25Z
VRTX,2006-05-05,36.95,37.19,35.75,35.88,1074700,36.95,37.19,35.75,35.88,1074700,2020-09-26T01:46:25Z
VRTX,2006-05-08,36.31,37.15,36.07,37,549300,36.31,37.15,36.07,37,549300,2020-09-26T01:46:25Z
VRTX,2006-05-09,35.65,36.33,35.46,36.15,681700,35.65,36.33,35.46,36.15,681700,2020-09-26T01:46:25Z
VRTX,2006-05-10,35.28,36.14,34.92,35.45,828300,35.28,36.14,34.92,35.45,828300,2020-09-26T01:46:25Z
VRTX,2006-05-11,35.3,36.13,34.85,35.5,1375400,35.3,36.13,34.85,35.5,1375400,2020-09-26T01:46:25Z
VRTX,2006-05-12,34.24,35.24,33.39,35.01,1588500,34.24,35.24,33.39,35.01,1588500,2020-09-26T01:46:25Z
VRTX,2006-05-15,33.21,34.07,32.52,33.73,1505800,33.21,34.07,32.52,33.73,1505800,2020-09-26T01:46:25Z
VRTX,2006-05-16,32.32,33.37,32.05,33.2,1451400,32.32,33.37,32.05,33.2,1451400,2020-09-26T01:46:25Z
VRTX,2006-05-17,31.03,32.67,30.56,31.98,1789900,31.03,32.67,30.56,31.98,1789900,2020-09-26T01:46:25Z
VRTX,2006-05-18,29.26,31.93,29,31.1,2479800,29.26,31.93,29,31.1,2479800,2020-09-26T01:46:25Z
VRTX,2006-05-19,30.25,30.8,29.13,29.49,2048000,30.25,30.8,29.13,29.49,2048000,2020-09-26T01:46:25Z
VRTX,2006-05-22,29.45,30.47,29.1,30.05,2036900,29.45,30.47,29.1,30.05,2036900,2020-09-26T01:46:25Z
VRTX,2006-05-23,30.75,31.65,29.91,29.91,2419100,30.75,31.65,29.91,29.91,2419100,2020-09-26T01:46:25Z
VRTX,2006-05-24,31.9,32.28,30.33,31.45,2625400,31.9,32.28,30.33,31.45,2625400,2020-09-26T01:46:25Z
VRTX,2006-05-25,33.23,33.79,32.1,32.19,1591800,33.23,33.79,32.1,32.19,1591800,2020-09-26T01:46:25Z
VRTX,2006-05-26,33.75,33.84,32.72,33.1,994900,33.75,33.84,32.72,33.1,994900,2020-09-26T01:46:25Z
VRTX,2006-05-30,32.62,33.9,32.5,33.58,1082700,32.62,33.9,32.5,33.58,1082700,2020-09-26T01:46:25Z
VRTX,2006-05-31,34.5,35,32.85,32.87,4798700,34.5,35,32.85,32.87,4798700,2020-09-26T01:46:25Z
VRTX,2006-06-01,34.35,34.91,33.74,34.5,1666900,34.35,34.91,33.74,34.5,1666900,2020-09-26T01:46:25Z
VRTX,2006-06-02,34.67,34.97,34.07,34.6,1116300,34.67,34.97,34.07,34.6,1116300,2020-09-26T01:46:25Z
VRTX,2006-06-05,31.44,34.72,31.38,34.5,2146300,31.44,34.72,31.38,34.5,2146300,2020-09-26T01:46:25Z
VRTX,2006-06-06,31.89,32.9,30.7,31.44,1573200,31.89,32.9,30.7,31.44,1573200,2020-09-26T01:46:25Z
VRTX,2006-06-07,31.75,33.03,31.41,31.76,1000200,31.75,33.03,31.41,31.76,1000200,2020-09-26T01:46:25Z
VRTX,2006-06-08,31.91,32.21,30.47,31.51,1535700,31.91,32.21,30.47,31.51,1535700,2020-09-26T01:46:25Z
VRTX,2006-06-09,32,33.19,31.42,32.21,1329300,32,33.19,31.42,32.21,1329300,2020-09-26T01:46:25Z
VRTX,2006-06-12,30.41,32.36,30.2,31.88,1345300,30.41,32.36,30.2,31.88,1345300,2020-09-26T01:46:25Z
VRTX,2006-06-13,29.78,31.33,29.5,30.53,1240500,29.78,31.33,29.5,30.53,1240500,2020-09-26T01:46:25Z
VRTX,2006-06-14,31.35,31.48,29.68,29.69,1461400,31.35,31.48,29.68,29.69,1461400,2020-09-26T01:46:25Z
VRTX,2006-06-15,32.98,33.29,31.5,31.58,1688600,32.98,33.29,31.5,31.58,1688600,2020-09-26T01:46:25Z
VRTX,2006-06-16,33.06,33.27,32.28,33,2752400,33.06,33.27,32.28,33,2752400,2020-09-26T01:46:25Z
VRTX,2006-06-19,31.06,32.98,30.79,32.97,1451900,31.06,32.98,30.79,32.97,1451900,2020-09-26T01:46:25Z
VRTX,2006-06-20,31.18,31.65,30.73,31.14,952600,31.18,31.65,30.73,31.14,952600,2020-09-26T01:46:25Z
VRTX,2006-06-21,32.67,32.97,30.56,31.15,1203300,32.67,32.97,30.56,31.15,1203300,2020-09-26T01:46:25Z
VRTX,2006-06-22,30.99,32.76,30.82,32.58,1836400,30.99,32.76,30.82,32.58,1836400,2020-09-26T01:46:25Z
VRTX,2006-06-23,31.66,31.95,30.14,30.81,754300,31.66,31.95,30.14,30.81,754300,2020-09-26T01:46:25Z
VRTX,2006-06-26,32.15,32.53,31.65,31.85,815000,32.15,32.53,31.65,31.85,815000,2020-09-26T01:46:25Z
VRTX,2006-06-27,30.22,32.19,29.94,32.03,1070700,30.22,32.19,29.94,32.03,1070700,2020-09-26T01:46:25Z
VRTX,2006-06-28,29.62,30.64,29.18,30.39,1399200,29.62,30.64,29.18,30.39,1399200,2020-09-26T01:46:25Z
VRTX,2006-06-29,32.03,32.03,29.69,30.12,1647000,32.03,32.03,29.69,30.12,1647000,2020-09-26T01:46:25Z
VRTX,2006-06-30,36.71,36.75,34.13,36.01,15111700,36.71,36.75,34.13,36.01,15111700,2020-09-26T01:46:25Z
VRTX,2006-07-03,36.57,36.83,35.52,36.45,1151600,36.57,36.83,35.52,36.45,1151600,2020-09-26T01:46:25Z
VRTX,2006-07-05,35.56,36.25,35.25,36.25,1625500,35.56,36.25,35.25,36.25,1625500,2020-09-26T01:46:25Z
VRTX,2006-07-06,36.39,36.86,35.3,35.6,988300,36.39,36.86,35.3,35.6,988300,2020-09-26T01:46:25Z
VRTX,2006-07-07,35.91,36.38,35.4,36.2,1154000,35.91,36.38,35.4,36.2,1154000,2020-09-26T01:46:25Z
VRTX,2006-07-10,35.22,36.7,34.9,36,684700,35.22,36.7,34.9,36,684700,2020-09-26T01:46:25Z
VRTX,2006-07-11,35.84,35.91,34.82,35.14,785700,35.84,35.91,34.82,35.14,785700,2020-09-26T01:46:25Z
VRTX,2006-07-12,36.14,37.1,35.6,35.7,1250900,36.14,37.1,35.6,35.7,1250900,2020-09-26T01:46:25Z
VRTX,2006-07-13,34.61,36.12,34.26,36,1076400,34.61,36.12,34.26,36,1076400,2020-09-26T01:46:25Z
VRTX,2006-07-14,34.29,35.38,33.66,35.3,1296400,34.29,35.38,33.66,35.3,1296400,2020-09-26T01:46:25Z
VRTX,2006-07-17,33.51,34.7,33.32,34.19,861100,33.51,34.7,33.32,34.19,861100,2020-09-26T01:46:25Z
VRTX,2006-07-18,32.94,33.96,32.26,33.58,996500,32.94,33.96,32.26,33.58,996500,2020-09-26T01:46:25Z
VRTX,2006-07-19,35.24,35.35,32.78,33.04,1315200,35.24,35.35,32.78,33.04,1315200,2020-09-26T01:46:25Z
VRTX,2006-07-20,34.99,35.87,34.84,35.37,1087200,34.99,35.87,34.84,35.37,1087200,2020-09-26T01:46:25Z
VRTX,2006-07-21,34.36,35.13,33.69,35.13,824100,34.36,35.13,33.69,35.13,824100,2020-09-26T01:46:25Z
VRTX,2006-07-24,35.05,35.38,34.25,34.37,713800,35.05,35.38,34.25,34.37,713800,2020-09-26T01:46:25Z
VRTX,2006-07-25,35.6,35.77,34.62,34.95,776000,35.6,35.77,34.62,34.95,776000,2020-09-26T01:46:25Z
VRTX,2006-07-26,35.55,35.94,34.76,35.32,544600,35.55,35.94,34.76,35.32,544600,2020-09-26T01:46:25Z
VRTX,2006-07-27,33.37,35.1,32.6,35.07,1958300,33.37,35.1,32.6,35.07,1958300,2020-09-26T01:46:25Z
VRTX,2006-07-28,34.25,34.33,32.95,33.41,983400,34.25,34.33,32.95,33.41,983400,2020-09-26T01:46:25Z
VRTX,2006-07-31,33.52,34.13,32.89,34.11,1231800,33.52,34.13,32.89,34.11,1231800,2020-09-26T01:46:25Z
VRTX,2006-08-01,32.51,33.44,32.05,33.23,1064700,32.51,33.44,32.05,33.23,1064700,2020-09-26T01:46:25Z
VRTX,2006-08-02,32.35,33.05,32.19,32.73,1124600,32.35,33.05,32.19,32.73,1124600,2020-09-26T01:46:25Z
VRTX,2006-08-03,32.7,32.87,31.59,32.06,1040700,32.7,32.87,31.59,32.06,1040700,2020-09-26T01:46:25Z
VRTX,2006-08-04,32.27,33.66,31.94,32.88,910000,32.27,33.66,31.94,32.88,910000,2020-09-26T01:46:25Z
VRTX,2006-08-07,31.67,32.28,31.55,32.28,887600,31.67,32.28,31.55,32.28,887600,2020-09-26T01:46:25Z
VRTX,2006-08-08,30.59,31.78,30.29,31.76,1462400,30.59,31.78,30.29,31.76,1462400,2020-09-26T01:46:25Z
VRTX,2006-08-09,30.12,31.36,29.88,30.88,1034800,30.12,31.36,29.88,30.88,1034800,2020-09-26T01:46:25Z
VRTX,2006-08-10,30.44,30.97,29.75,30.05,1227300,30.44,30.97,29.75,30.05,1227300,2020-09-26T01:46:25Z
VRTX,2006-08-11,30.39,30.71,30.05,30.49,769000,30.39,30.71,30.05,30.49,769000,2020-09-26T01:46:25Z
VRTX,2006-08-14,30.63,31.5,30.54,30.82,609300,30.63,31.5,30.54,30.82,609300,2020-09-26T01:46:25Z
VRTX,2006-08-15,31.57,31.74,30.6,31.35,694000,31.57,31.74,30.6,31.35,694000,2020-09-26T01:46:25Z
VRTX,2006-08-16,32.27,32.34,31.74,31.85,711800,32.27,32.34,31.74,31.85,711800,2020-09-26T01:46:25Z
VRTX,2006-08-17,32.71,32.94,32,32.32,659500,32.71,32.94,32,32.32,659500,2020-09-26T01:46:25Z
VRTX,2006-08-18,32.71,32.94,32,32.79,558300,32.71,32.94,32,32.79,558300,2020-09-26T01:46:25Z
VRTX,2006-08-21,32.34,33.1,32.04,32.81,718200,32.34,33.1,32.04,32.81,718200,2020-09-26T01:46:25Z
VRTX,2006-08-22,32.71,32.99,32.25,32.45,540900,32.71,32.99,32.25,32.45,540900,2020-09-26T01:46:25Z
VRTX,2006-08-23,32.74,32.87,32.44,32.87,694000,32.74,32.87,32.44,32.87,694000,2020-09-26T01:46:25Z
VRTX,2006-08-24,32.26,33.02,32.04,32.83,442500,32.26,33.02,32.04,32.83,442500,2020-09-26T01:46:25Z
VRTX,2006-08-25,35.43,35.74,32.91,33.34,2163500,35.43,35.74,32.91,33.34,2163500,2020-09-26T01:46:25Z
VRTX,2006-08-28,34.95,35.56,34.88,35.34,972600,34.95,35.56,34.88,35.34,972600,2020-09-26T01:46:25Z
VRTX,2006-08-29,34.57,35.15,34.37,34.86,1266900,34.57,35.15,34.37,34.86,1266900,2020-09-26T01:46:25Z
VRTX,2006-08-30,34.98,35.01,34.31,34.6,1045900,34.98,35.01,34.31,34.6,1045900,2020-09-26T01:46:25Z
VRTX,2006-08-31,34.45,35.67,34.39,35.67,1090900,34.45,35.67,34.39,35.67,1090900,2020-09-26T01:46:25Z
VRTX,2006-09-01,36.21,36.31,34.62,34.63,1419100,36.21,36.31,34.62,34.63,1419100,2020-09-26T01:46:25Z
VRTX,2006-09-05,36.15,36.5,35.79,36.34,855900,36.15,36.5,35.79,36.34,855900,2020-09-26T01:46:25Z
VRTX,2006-09-06,34.81,36.2,34.66,36.15,968000,34.81,36.2,34.66,36.15,968000,2020-09-26T01:46:25Z
VRTX,2006-09-07,34.74,35.42,34.11,34.85,833200,34.74,35.42,34.11,34.85,833200,2020-09-26T01:46:25Z
VRTX,2006-09-08,35.34,35.53,34.75,34.8,1025100,35.34,35.53,34.75,34.8,1025100,2020-09-26T01:46:25Z
VRTX,2006-09-11,34.82,35.38,34.13,35.19,804700,34.82,35.38,34.13,35.19,804700,2020-09-26T01:46:25Z
VRTX,2006-09-12,34.59,34.62,32.77,34.05,2010900,34.59,34.62,32.77,34.05,2010900,2020-09-26T01:46:25Z
VRTX,2006-09-13,34.34,34.39,33.41,34.38,1661900,34.34,34.39,33.41,34.38,1661900,2020-09-26T01:46:25Z
VRTX,2006-09-14,33.52,34.42,33.5,34.1,1236000,33.52,34.42,33.5,34.1,1236000,2020-09-26T01:46:25Z
VRTX,2006-09-15,32.98,33.9,32.63,33.84,5791900,32.98,33.9,32.63,33.84,5791900,2020-09-26T01:46:25Z
VRTX,2006-09-18,32.6,33.11,32.3,33.11,1567000,32.6,33.11,32.3,33.11,1567000,2020-09-26T01:46:25Z
VRTX,2006-09-19,32.22,32.92,32.19,32.47,1312700,32.22,32.92,32.19,32.47,1312700,2020-09-26T01:46:25Z
VRTX,2006-09-20,33.25,33.6,32.76,33.15,2290400,33.25,33.6,32.76,33.15,2290400,2020-09-26T01:46:25Z
VRTX,2006-09-21,32.83,33.5,32.25,33.2,978600,32.83,33.5,32.25,33.2,978600,2020-09-26T01:46:25Z
VRTX,2006-09-22,31.7,32.94,31.61,32.69,1480600,31.7,32.94,31.61,32.69,1480600,2020-09-26T01:46:25Z
VRTX,2006-09-25,31.65,32.21,31.4,31.6,1574200,31.65,32.21,31.4,31.6,1574200,2020-09-26T01:46:25Z
VRTX,2006-09-26,31.74,31.8,31.47,31.7,1450600,31.74,31.8,31.47,31.7,1450600,2020-09-26T01:46:25Z
VRTX,2006-09-27,32.74,32.96,31.71,31.9,1470200,32.74,32.96,31.71,31.9,1470200,2020-09-26T01:46:25Z
VRTX,2006-09-28,33.39,34.41,33.05,34.15,1916400,33.39,34.41,33.05,34.15,1916400,2020-09-26T01:46:25Z
VRTX,2006-09-29,33.65,33.78,32.76,33.52,1638800,33.65,33.78,32.76,33.52,1638800,2020-09-26T01:46:25Z
VRTX,2006-10-02,34.06,34.58,33.33,33.5,2078500,34.06,34.58,33.33,33.5,2078500,2020-09-26T01:46:25Z
VRTX,2006-10-03,33.99,34.81,33.28,34,1375800,33.99,34.81,33.28,34,1375800,2020-09-26T01:46:25Z
VRTX,2006-10-04,34.88,34.9,33.85,33.88,1043100,34.88,34.9,33.85,33.88,1043100,2020-09-26T01:46:25Z
VRTX,2006-10-05,36.79,36.99,34.53,34.72,2198000,36.79,36.99,34.53,34.72,2198000,2020-09-26T01:46:25Z
VRTX,2006-10-06,36.71,37,36,36.79,1580800,36.71,37,36,36.79,1580800,2020-09-26T01:46:25Z
VRTX,2006-10-09,37.15,37.35,36.25,36.47,996600,37.15,37.35,36.25,36.47,996600,2020-09-26T01:46:25Z
VRTX,2006-10-10,36.11,37.93,34.95,36.8,2384900,36.11,37.93,34.95,36.8,2384900,2020-09-26T01:46:25Z
VRTX,2006-10-11,35.78,36.58,35.12,35.81,1164900,35.78,36.58,35.12,35.81,1164900,2020-09-26T01:46:25Z
VRTX,2006-10-12,36.29,36.4,35.53,35.78,820300,36.29,36.4,35.53,35.78,820300,2020-09-26T01:46:25Z
VRTX,2006-10-13,36.09,36.36,35.3,36.32,1423800,36.09,36.36,35.3,36.32,1423800,2020-09-26T01:46:25Z
VRTX,2006-10-16,36.77,36.94,35.64,36,952200,36.77,36.94,35.64,36,952200,2020-09-26T01:46:25Z
VRTX,2006-10-17,36.14,36.79,35.54,36.49,1474000,36.14,36.79,35.54,36.49,1474000,2020-09-26T01:46:25Z
VRTX,2006-10-18,36.17,37.16,35.91,36.19,1066000,36.17,37.16,35.91,36.19,1066000,2020-09-26T01:46:25Z
VRTX,2006-10-19,36.24,36.97,36.08,36.56,1354900,36.24,36.97,36.08,36.56,1354900,2020-09-26T01:46:25Z
VRTX,2006-10-20,34.15,36.46,34,36.38,5038600,34.15,36.46,34,36.38,5038600,2020-09-26T01:46:25Z
VRTX,2006-10-23,33.69,34.15,32.95,34.04,2285400,33.69,34.15,32.95,34.04,2285400,2020-09-26T01:46:25Z
VRTX,2006-10-24,33.32,33.87,32.5,33.49,1558400,33.32,33.87,32.5,33.49,1558400,2020-09-26T01:46:25Z
VRTX,2006-10-25,33.63,33.75,33.16,33.38,875100,33.63,33.75,33.16,33.38,875100,2020-09-26T01:46:25Z
VRTX,2006-10-26,34.57,34.81,33.65,33.79,1501600,34.57,34.81,33.65,33.79,1501600,2020-09-26T01:46:25Z
VRTX,2006-10-27,40.66,41.56,39.36,40,14475400,40.66,41.56,39.36,40,14475400,2020-09-26T01:46:25Z
VRTX,2006-10-30,39.92,40.44,39.25,40.19,2716300,39.92,40.44,39.25,40.19,2716300,2020-09-26T01:46:25Z
VRTX,2006-10-31,40.6,40.67,39.78,39.81,1731800,40.6,40.67,39.78,39.81,1731800,2020-09-26T01:46:25Z
VRTX,2006-11-01,39.78,41.01,39.75,40.66,1270400,39.78,41.01,39.75,40.66,1270400,2020-09-26T01:46:25Z
VRTX,2006-11-02,39.66,39.82,38.83,39.58,1043000,39.66,39.82,38.83,39.58,1043000,2020-09-26T01:46:25Z
VRTX,2006-11-03,39.56,40.09,38.88,39.81,924200,39.56,40.09,38.88,39.81,924200,2020-09-26T01:46:25Z
VRTX,2006-11-06,40.27,40.75,39.44,39.71,1159400,40.27,40.75,39.44,39.71,1159400,2020-09-26T01:46:25Z
VRTX,2006-11-07,41.95,43,40.37,40.37,3105500,41.95,43,40.37,40.37,3105500,2020-09-26T01:46:25Z
VRTX,2006-11-08,41.94,42.92,40.93,41.5,1426800,41.94,42.92,40.93,41.5,1426800,2020-09-26T01:46:25Z
VRTX,2006-11-09,41.14,42.42,40.82,42.14,1159700,41.14,42.42,40.82,42.14,1159700,2020-09-26T01:46:25Z
VRTX,2006-11-10,42.12,42.19,40.32,41.06,1630000,42.12,42.19,40.32,41.06,1630000,2020-09-26T01:46:25Z
VRTX,2006-11-13,42.48,43.45,41.88,42,1268700,42.48,43.45,41.88,42,1268700,2020-09-26T01:46:25Z
VRTX,2006-11-14,42.69,43,41.84,42.42,1258600,42.69,43,41.84,42.42,1258600,2020-09-26T01:46:25Z
VRTX,2006-11-15,43.96,44.26,42.83,42.89,1780100,43.96,44.26,42.83,42.89,1780100,2020-09-26T01:46:25Z
VRTX,2006-11-16,44.66,45,44.13,44.74,1568300,44.66,45,44.13,44.74,1568300,2020-09-26T01:46:25Z
VRTX,2006-11-17,44.5,44.8,44.04,44.76,988000,44.5,44.8,44.04,44.76,988000,2020-09-26T01:46:25Z
VRTX,2006-11-20,45.12,45.34,44.17,44.31,1375100,45.12,45.34,44.17,44.31,1375100,2020-09-26T01:46:25Z
VRTX,2006-11-21,44.12,45.2,43.72,44.5,1050400,44.12,45.2,43.72,44.5,1050400,2020-09-26T01:46:25Z
VRTX,2006-11-22,44.9,45.01,44,44.19,770500,44.9,45.01,44,44.19,770500,2020-09-26T01:46:25Z
VRTX,2006-11-24,44.9,44.99,44.17,44.63,273700,44.9,44.99,44.17,44.63,273700,2020-09-26T01:46:25Z
VRTX,2006-11-27,42.95,44.62,42.72,43.28,1676000,42.95,44.62,42.72,43.28,1676000,2020-09-26T01:46:25Z
VRTX,2006-11-28,43.82,44.03,42.61,42.83,2658400,43.82,44.03,42.61,42.83,2658400,2020-09-26T01:46:25Z
VRTX,2006-11-29,44.89,44.9,43.63,44.21,1757200,44.89,44.9,43.63,44.21,1757200,2020-09-26T01:46:25Z
VRTX,2006-11-30,44.3,45.38,43.95,44.82,1504900,44.3,45.38,43.95,44.82,1504900,2020-09-26T01:46:25Z
VRTX,2006-12-01,44.14,44.62,43.4,44.01,1131800,44.14,44.62,43.4,44.01,1131800,2020-09-26T01:46:25Z
VRTX,2006-12-04,44.19,44.79,43.39,44.4,1504200,44.19,44.79,43.39,44.4,1504200,2020-09-26T01:46:25Z
VRTX,2006-12-05,44.54,44.75,44.32,44.5,1763800,44.54,44.75,44.32,44.5,1763800,2020-09-26T01:46:25Z
VRTX,2006-12-06,44.48,44.98,44.2,44.73,919200,44.48,44.98,44.2,44.73,919200,2020-09-26T01:46:25Z
VRTX,2006-12-07,43.59,44.67,43.27,44.41,2052200,43.59,44.67,43.27,44.41,2052200,2020-09-26T01:46:25Z
VRTX,2006-12-08,43.23,43.57,42.3,43.57,2465200,43.23,43.57,42.3,43.57,2465200,2020-09-26T01:46:25Z
VRTX,2006-12-11,41.14,43.6,39.49,43.59,5622000,41.14,43.6,39.49,43.59,5622000,2020-09-26T01:46:25Z
VRTX,2006-12-12,39.4,41.45,39.09,41.2,2990900,39.4,41.45,39.09,41.2,2990900,2020-09-26T01:46:25Z
VRTX,2006-12-13,38.7,39.65,36.29,36.34,7976100,38.7,39.65,36.29,36.34,7976100,2020-09-26T01:46:25Z
VRTX,2006-12-14,38.71,39.06,37.81,37.81,3174200,38.71,39.06,37.81,37.81,3174200,2020-09-26T01:46:25Z
VRTX,2006-12-15,38.93,39.48,38.42,38.89,4742800,38.93,39.48,38.42,38.89,4742800,2020-09-26T01:46:25Z
VRTX,2006-12-18,38.56,39.24,38.35,38.63,2105200,38.56,39.24,38.35,38.63,2105200,2020-09-26T01:46:25Z
VRTX,2006-12-19,37.99,38.43,37.38,38.36,1174800,37.99,38.43,37.38,38.36,1174800,2020-09-26T01:46:25Z
VRTX,2006-12-20,37.45,38.09,37.29,37.89,977800,37.45,38.09,37.29,37.89,977800,2020-09-26T01:46:25Z
VRTX,2006-12-21,37.57,38.39,37.31,37.88,1531900,37.57,38.39,37.31,37.88,1531900,2020-09-26T01:46:25Z
VRTX,2006-12-22,37.51,38.27,37.29,37.51,1256100,37.51,38.27,37.29,37.51,1256100,2020-09-26T01:46:25Z
VRTX,2006-12-26,37.18,37.58,37,37.33,592100,37.18,37.58,37,37.33,592100,2020-09-26T01:46:25Z
VRTX,2006-12-27,37.39,37.93,37.29,37.44,885400,37.39,37.93,37.29,37.44,885400,2020-09-26T01:46:25Z
VRTX,2006-12-28,37.86,38.24,37.17,37.39,952000,37.86,38.24,37.17,37.39,952000,2020-09-26T01:46:25Z
VRTX,2006-12-29,37.42,37.8,37.22,37.7,802300,37.42,37.8,37.22,37.7,802300,2020-09-26T01:46:25Z
VRTX,2007-01-03,36.9,38.25,36,37.78,1801400,36.9,38.25,36,37.78,1801400,2020-09-26T01:46:25Z
VRTX,2007-01-04,36.99,37.38,36.17,36.91,1820300,36.99,37.38,36.17,36.91,1820300,2020-09-26T01:46:25Z
VRTX,2007-01-05,35.81,37.06,35.78,37.02,1548900,35.81,37.06,35.78,37.02,1548900,2020-09-26T01:46:25Z
VRTX,2007-01-08,33.55,36,33.41,36,4592400,33.55,36,33.41,36,4592400,2020-09-26T01:46:25Z
VRTX,2007-01-09,33.87,35.09,33.66,33.87,4321000,33.87,35.09,33.66,33.87,4321000,2020-09-26T01:46:25Z
VRTX,2007-01-10,35.37,35.58,33.55,33.63,2366400,35.37,35.58,33.55,33.63,2366400,2020-09-26T01:46:25Z
VRTX,2007-01-11,36.05,36.2,35.35,35.5,1542000,36.05,36.2,35.35,35.5,1542000,2020-09-26T01:46:25Z
VRTX,2007-01-12,37.8,38.34,36,36,2704900,37.8,38.34,36,36,2704900,2020-09-26T01:46:25Z
VRTX,2007-01-16,38.42,38.95,37.82,38.5,2883200,38.42,38.95,37.82,38.5,2883200,2020-09-26T01:46:25Z
VRTX,2007-01-17,37.89,38.7,37.6,38.12,2062100,37.89,38.7,37.6,38.12,2062100,2020-09-26T01:46:25Z
VRTX,2007-01-18,37.32,38.42,37.19,38.03,1339000,37.32,38.42,37.19,38.03,1339000,2020-09-26T01:46:25Z
VRTX,2007-01-19,36.9,37.8,36.84,37.38,1846100,36.9,37.8,36.84,37.38,1846100,2020-09-26T01:46:25Z
VRTX,2007-01-22,35.95,37,35.9,36.98,1996000,35.95,37,35.9,36.98,1996000,2020-09-26T01:46:25Z
VRTX,2007-01-23,36.23,36.27,35.66,35.89,2549300,36.23,36.27,35.66,35.89,2549300,2020-09-26T01:46:25Z
VRTX,2007-01-24,36.27,36.61,36,36.17,983300,36.27,36.61,36,36.17,983300,2020-09-26T01:46:25Z
VRTX,2007-01-25,35.04,36.21,34.62,36.16,1937800,35.04,36.21,34.62,36.16,1937800,2020-09-26T01:46:25Z
VRTX,2007-01-26,35.03,35.17,34.24,35.09,1626100,35.03,35.17,34.24,35.09,1626100,2020-09-26T01:46:25Z
VRTX,2007-01-29,35.31,35.57,34.73,34.8,1391100,35.31,35.57,34.73,34.8,1391100,2020-09-26T01:46:25Z
VRTX,2007-01-30,35.78,35.92,35.18,35.18,1164700,35.78,35.92,35.18,35.18,1164700,2020-09-26T01:46:25Z
VRTX,2007-01-31,35.35,35.81,34.89,35.69,1543600,35.35,35.81,34.89,35.69,1543600,2020-09-26T01:46:25Z
VRTX,2007-02-01,34.8,35.55,34.21,35.23,1421900,34.8,35.55,34.21,35.23,1421900,2020-09-26T01:46:25Z
VRTX,2007-02-02,33.73,35.13,33.69,35.12,2404500,33.73,35.13,33.69,35.12,2404500,2020-09-26T01:46:25Z
VRTX,2007-02-05,32.52,33.6,32.44,33.6,2055600,32.52,33.6,32.44,33.6,2055600,2020-09-26T01:46:25Z
VRTX,2007-02-06,33.09,33.13,32.23,32.7,1586000,33.09,33.13,32.23,32.7,1586000,2020-09-26T01:46:25Z
VRTX,2007-02-07,33.08,33.65,32.69,33.01,1467000,33.08,33.65,32.69,33.01,1467000,2020-09-26T01:46:25Z
VRTX,2007-02-08,33.03,33.34,32.73,33.13,935300,33.03,33.34,32.73,33.13,935300,2020-09-26T01:46:25Z
VRTX,2007-02-09,32.36,33.15,32.19,32.95,1073500,32.36,33.15,32.19,32.95,1073500,2020-09-26T01:46:25Z
VRTX,2007-02-12,32.01,32.23,31.65,32.2,893300,32.01,32.23,31.65,32.2,893300,2020-09-26T01:46:25Z
VRTX,2007-02-13,31.47,32.54,31.13,31.99,1349600,31.47,32.54,31.13,31.99,1349600,2020-09-26T01:46:25Z
VRTX,2007-02-14,32.07,32.26,31.36,31.36,1318900,32.07,32.26,31.36,31.36,1318900,2020-09-26T01:46:25Z
VRTX,2007-02-15,31.55,32.11,31.44,31.96,1143800,31.55,32.11,31.44,31.96,1143800,2020-09-26T01:46:25Z
VRTX,2007-02-16,30.53,31.66,30.38,31.42,1826100,30.53,31.66,30.38,31.42,1826100,2020-09-26T01:46:25Z
VRTX,2007-02-20,31.42,31.81,30.05,30.25,1751200,31.42,31.81,30.05,30.25,1751200,2020-09-26T01:46:25Z
VRTX,2007-02-21,31.43,31.52,31.05,31.35,1179600,31.43,31.52,31.05,31.35,1179600,2020-09-26T01:46:25Z
VRTX,2007-02-22,32.33,32.36,31.29,31.47,1535300,32.33,32.36,31.29,31.47,1535300,2020-09-26T01:46:25Z
VRTX,2007-02-23,32.13,32.97,32.1,32.3,2128500,32.13,32.97,32.1,32.3,2128500,2020-09-26T01:46:25Z
VRTX,2007-02-26,31.62,32.23,31.27,32.1,1228100,31.62,32.23,31.27,32.1,1228100,2020-09-26T01:46:25Z
VRTX,2007-02-27,31.3,31.85,31.13,31.2,2375300,31.3,31.85,31.13,31.2,2375300,2020-09-26T01:46:25Z
VRTX,2007-02-28,30.69,31.34,30.61,31.2,2195300,30.69,31.34,30.61,31.2,2195300,2020-09-26T01:46:25Z
VRTX,2007-03-01,30.03,30.53,29.55,30.36,2172900,30.03,30.53,29.55,30.36,2172900,2020-09-26T01:46:25Z
VRTX,2007-03-02,29.46,30.15,29.26,29.98,2144600,29.46,30.15,29.26,29.98,2144600,2020-09-26T01:46:25Z
VRTX,2007-03-05,28.87,30.05,28.81,29.21,1944900,28.87,30.05,28.81,29.21,1944900,2020-09-26T01:46:25Z
VRTX,2007-03-06,29.51,29.67,28.7,29.2,2341500,29.51,29.67,28.7,29.2,2341500,2020-09-26T01:46:25Z
VRTX,2007-03-07,29.51,29.6,29.01,29.4,1530700,29.51,29.6,29.01,29.4,1530700,2020-09-26T01:46:25Z
VRTX,2007-03-08,29.28,29.94,28.95,29.88,1788500,29.28,29.94,28.95,29.88,1788500,2020-09-26T01:46:25Z
VRTX,2007-03-09,29.29,29.73,29.01,29.18,873200,29.29,29.73,29.01,29.18,873200,2020-09-26T01:46:25Z
VRTX,2007-03-12,30.4,30.95,29.69,29.92,1845300,30.4,30.95,29.69,29.92,1845300,2020-09-26T01:46:25Z
VRTX,2007-03-13,29.11,30.18,29.05,30.12,1494300,29.11,30.18,29.05,30.12,1494300,2020-09-26T01:46:25Z
VRTX,2007-03-14,28.07,28.89,27.82,28.83,3001100,28.07,28.89,27.82,28.83,3001100,2020-09-26T01:46:25Z
VRTX,2007-03-15,28.17,28.42,27.8,28.17,1568600,28.17,28.42,27.8,28.17,1568600,2020-09-26T01:46:25Z
VRTX,2007-03-16,27.09,28.22,26.98,28.09,3010300,27.09,28.22,26.98,28.09,3010300,2020-09-26T01:46:25Z
VRTX,2007-03-19,27.65,27.78,27.09,27.2,2415400,27.65,27.78,27.09,27.2,2415400,2020-09-26T01:46:25Z
VRTX,2007-03-20,27.85,28.02,27.31,27.66,1261000,27.85,28.02,27.31,27.66,1261000,2020-09-26T01:46:25Z
VRTX,2007-03-21,28.36,28.83,27.54,27.86,2479400,28.36,28.83,27.54,27.86,2479400,2020-09-26T01:46:25Z
VRTX,2007-03-22,28.09,28.9,27.99,28.57,1762600,28.09,28.9,27.99,28.57,1762600,2020-09-26T01:46:25Z
VRTX,2007-03-23,28.05,28.48,27.81,28.22,955300,28.05,28.48,27.81,28.22,955300,2020-09-26T01:46:25Z
VRTX,2007-03-26,27.91,28.19,27.58,28,848000,27.91,28.19,27.58,28,848000,2020-09-26T01:46:25Z
VRTX,2007-03-27,27.59,28.92,27.58,28.29,1707200,27.59,28.92,27.58,28.29,1707200,2020-09-26T01:46:25Z
VRTX,2007-03-28,27.87,28.07,27.55,27.64,1747900,27.87,28.07,27.55,27.64,1747900,2020-09-26T01:46:25Z
VRTX,2007-03-29,28.12,28.34,27.68,27.96,1219700,28.12,28.34,27.68,27.96,1219700,2020-09-26T01:46:25Z
VRTX,2007-03-30,28.04,28.6,27.81,28.16,924600,28.04,28.6,27.81,28.16,924600,2020-09-26T01:46:25Z
VRTX,2007-04-02,27.94,28.43,27.7,28.06,1128500,27.94,28.43,27.7,28.06,1128500,2020-09-26T01:46:25Z
VRTX,2007-04-03,28.89,28.96,28.01,28.08,1265200,28.89,28.96,28.01,28.08,1265200,2020-09-26T01:46:25Z
VRTX,2007-04-04,29.85,30,29,29,2172500,29.85,30,29,29,2172500,2020-09-26T01:46:25Z
VRTX,2007-04-05,30.92,31,29.84,29.9,2156300,30.92,31,29.84,29.9,2156300,2020-09-26T01:46:25Z
VRTX,2007-04-09,31.56,31.65,30.95,31,2225300,31.56,31.65,30.95,31,2225300,2020-09-26T01:46:25Z
VRTX,2007-04-10,32.12,32.48,31.5,31.59,3254300,32.12,32.48,31.5,31.59,3254300,2020-09-26T01:46:25Z
VRTX,2007-04-11,31.02,32.51,30.6,32.27,2777000,31.02,32.51,30.6,32.27,2777000,2020-09-26T01:46:25Z
VRTX,2007-04-12,31.55,32.05,31.02,31.12,3259200,31.55,32.05,31.02,31.12,3259200,2020-09-26T01:46:25Z
VRTX,2007-04-13,30.16,31.41,28.96,31.25,6049800,30.16,31.41,28.96,31.25,6049800,2020-09-26T01:46:25Z
VRTX,2007-04-16,29.93,29.93,28.27,28.65,8883500,29.93,29.93,28.27,28.65,8883500,2020-09-26T01:46:25Z
VRTX,2007-04-17,31.68,32.2,29.7,29.91,6076400,31.68,32.2,29.7,29.91,6076400,2020-09-26T01:46:25Z
VRTX,2007-04-18,31.65,31.99,31.15,31.67,2363600,31.65,31.99,31.15,31.67,2363600,2020-09-26T01:46:25Z
VRTX,2007-04-19,31.04,31.66,30.95,31.52,3381000,31.04,31.66,30.95,31.52,3381000,2020-09-26T01:46:25Z
VRTX,2007-04-20,31.88,31.99,31.09,31.47,2549900,31.88,31.99,31.09,31.47,2549900,2020-09-26T01:46:25Z
VRTX,2007-04-23,31.54,31.86,30.84,31.33,2078000,31.54,31.86,30.84,31.33,2078000,2020-09-26T01:46:25Z
VRTX,2007-04-24,31.21,31.55,30.75,31.55,1261500,31.21,31.55,30.75,31.55,1261500,2020-09-26T01:46:25Z
VRTX,2007-04-25,31.33,31.34,30.76,31.16,2060500,31.33,31.34,30.76,31.16,2060500,2020-09-26T01:46:25Z
VRTX,2007-04-26,31.44,31.5,30.89,31.07,1125300,31.44,31.5,30.89,31.07,1125300,2020-09-26T01:46:25Z
VRTX,2007-04-27,31.36,31.55,31,31.4,980900,31.36,31.55,31,31.4,980900,2020-09-26T01:46:25Z
VRTX,2007-04-30,30.74,31.53,30.7,31.46,1210900,30.74,31.53,30.7,31.46,1210900,2020-09-26T01:46:25Z
VRTX,2007-05-01,30.19,30.89,29.67,30.88,2135900,30.19,30.89,29.67,30.88,2135900,2020-09-26T01:46:25Z
VRTX,2007-05-02,30.73,31,30.08,30.11,1557600,30.73,31,30.08,30.11,1557600,2020-09-26T01:46:25Z
VRTX,2007-05-03,30.77,30.85,30.15,30.6,825400,30.77,30.85,30.15,30.6,825400,2020-09-26T01:46:25Z
VRTX,2007-05-04,30.47,30.97,30.1,30.83,805600,30.47,30.97,30.1,30.83,805600,2020-09-26T01:46:25Z
VRTX,2007-05-07,30.42,30.76,30.33,30.57,1196200,30.42,30.76,30.33,30.57,1196200,2020-09-26T01:46:25Z
VRTX,2007-05-08,30.26,30.42,29.63,30.32,1901300,30.26,30.42,29.63,30.32,1901300,2020-09-26T01:46:25Z
VRTX,2007-05-09,30.63,30.76,29.94,30.19,2265200,30.63,30.76,29.94,30.19,2265200,2020-09-26T01:46:25Z
VRTX,2007-05-10,29.63,30.45,29.48,30.45,2017800,29.63,30.45,29.48,30.45,2017800,2020-09-26T01:46:25Z
VRTX,2007-05-11,30.07,30.12,29.4,29.58,1568600,30.07,30.12,29.4,29.58,1568600,2020-09-26T01:46:25Z
VRTX,2007-05-14,30.42,30.75,29.95,30.05,1522300,30.42,30.75,29.95,30.05,1522300,2020-09-26T01:46:25Z
VRTX,2007-05-15,31.68,32.06,30.23,30.49,3894200,31.68,32.06,30.23,30.49,3894200,2020-09-26T01:46:25Z
VRTX,2007-05-16,32.35,32.37,31.34,31.73,2156700,32.35,32.37,31.34,31.73,2156700,2020-09-26T01:46:25Z
VRTX,2007-05-17,31.4,32.26,31.19,32.22,1838000,31.4,32.26,31.19,32.22,1838000,2020-09-26T01:46:25Z
VRTX,2007-05-18,31.46,31.56,30.83,31.41,1950900,31.46,31.56,30.83,31.41,1950900,2020-09-26T01:46:25Z
VRTX,2007-05-21,31.61,31.92,31.3,31.46,1220500,31.61,31.92,31.3,31.46,1220500,2020-09-26T01:46:25Z
VRTX,2007-05-22,31.45,31.75,31.35,31.55,1091200,31.45,31.75,31.35,31.55,1091200,2020-09-26T01:46:25Z
VRTX,2007-05-23,31.46,31.74,31,31.55,1482800,31.46,31.74,31,31.55,1482800,2020-09-26T01:46:25Z
VRTX,2007-05-24,30.58,31.45,30.4,31.34,2141800,30.58,31.45,30.4,31.34,2141800,2020-09-26T01:46:25Z
VRTX,2007-05-25,30.65,30.84,30.31,30.6,719500,30.65,30.84,30.31,30.6,719500,2020-09-26T01:46:25Z
VRTX,2007-05-29,30.51,30.75,30.14,30.47,934800,30.51,30.75,30.14,30.47,934800,2020-09-26T01:46:25Z
VRTX,2007-05-30,30.13,30.49,29.89,30.44,1362300,30.13,30.49,29.89,30.44,1362300,2020-09-26T01:46:25Z
VRTX,2007-05-31,29.9,30.16,29.52,30.03,1810900,29.9,30.16,29.52,30.03,1810900,2020-09-26T01:46:25Z
VRTX,2007-06-01,29.66,30.25,29.44,30.16,1559300,29.66,30.25,29.44,30.16,1559300,2020-09-26T01:46:25Z
VRTX,2007-06-04,29.47,30.04,29.32,29.48,1194800,29.47,30.04,29.32,29.48,1194800,2020-09-26T01:46:25Z
VRTX,2007-06-05,29.53,29.69,29.02,29.43,1238800,29.53,29.69,29.02,29.43,1238800,2020-09-26T01:46:25Z
VRTX,2007-06-06,28.75,29.48,28.66,29.48,1465300,28.75,29.48,28.66,29.48,1465300,2020-09-26T01:46:25Z
VRTX,2007-06-07,28.08,28.74,27.72,28.55,1845400,28.08,28.74,27.72,28.55,1845400,2020-09-26T01:46:25Z
VRTX,2007-06-08,27.73,28,27.38,27.8,1923500,27.73,28,27.38,27.8,1923500,2020-09-26T01:46:25Z
VRTX,2007-06-11,27.17,27.82,27.05,27.82,1742700,27.17,27.82,27.05,27.82,1742700,2020-09-26T01:46:25Z
VRTX,2007-06-12,26.89,27.4,26.63,27.27,2289800,26.89,27.4,26.63,27.27,2289800,2020-09-26T01:46:25Z
VRTX,2007-06-13,27.35,27.47,26.71,26.9,3000800,27.35,27.47,26.71,26.9,3000800,2020-09-26T01:46:25Z
VRTX,2007-06-14,27.32,27.84,27.3,27.35,1975200,27.32,27.84,27.3,27.35,1975200,2020-09-26T01:46:25Z
VRTX,2007-06-15,27.69,28.02,27.51,27.74,2667000,27.69,28.02,27.51,27.74,2667000,2020-09-26T01:46:25Z
VRTX,2007-06-18,27.37,27.79,27.18,27.67,1341900,27.37,27.79,27.18,27.67,1341900,2020-09-26T01:46:25Z
VRTX,2007-06-19,27.27,27.36,27.07,27.2,1465200,27.27,27.36,27.07,27.2,1465200,2020-09-26T01:46:25Z
VRTX,2007-06-20,27.22,27.46,27,27.22,1760300,27.22,27.46,27,27.22,1760300,2020-09-26T01:46:25Z
VRTX,2007-06-21,26.87,27.22,26.76,27.16,1948600,26.87,27.22,26.76,27.16,1948600,2020-09-26T01:46:25Z
VRTX,2007-06-22,26.2,26.93,25.94,26.92,2292000,26.2,26.93,25.94,26.92,2292000,2020-09-26T01:46:25Z
VRTX,2007-06-25,26.05,26.44,25.61,26.01,1715400,26.05,26.44,25.61,26.01,1715400,2020-09-26T01:46:25Z
VRTX,2007-06-26,26.39,27.09,26.09,26.66,2703000,26.39,27.09,26.09,26.66,2703000,2020-09-26T01:46:25Z
VRTX,2007-06-27,28.1,28.14,26.2,26.36,3138500,28.1,28.14,26.2,26.36,3138500,2020-09-26T01:46:25Z
VRTX,2007-06-28,28.62,28.88,28,28.12,2767200,28.62,28.88,28,28.12,2767200,2020-09-26T01:46:25Z
VRTX,2007-06-29,28.56,28.98,28.21,28.8,2032500,28.56,28.98,28.21,28.8,2032500,2020-09-26T01:46:25Z
VRTX,2007-07-02,28.39,28.95,28.04,28.59,1407400,28.39,28.95,28.04,28.59,1407400,2020-09-26T01:46:25Z
VRTX,2007-07-03,28.16,28.59,28.06,28.36,659500,28.16,28.59,28.06,28.36,659500,2020-09-26T01:46:25Z
VRTX,2007-07-05,28.71,28.83,27.55,28.2,2278600,28.71,28.83,27.55,28.2,2278600,2020-09-26T01:46:25Z
VRTX,2007-07-06,28.74,28.79,28.26,28.65,888100,28.74,28.79,28.26,28.65,888100,2020-09-26T01:46:25Z
VRTX,2007-07-09,28.44,28.75,28.01,28.75,1642800,28.44,28.75,28.01,28.75,1642800,2020-09-26T01:46:25Z
VRTX,2007-07-10,28.51,28.86,28.05,28.31,1098000,28.51,28.86,28.05,28.31,1098000,2020-09-26T01:46:25Z
VRTX,2007-07-11,28.25,28.53,27.97,28.51,1598300,28.25,28.53,27.97,28.51,1598300,2020-09-26T01:46:25Z
VRTX,2007-07-12,29.4,29.5,28.19,28.46,1636500,29.4,29.5,28.19,28.46,1636500,2020-09-26T01:46:25Z
VRTX,2007-07-13,29.15,29.49,28.8,29.37,1219100,29.15,29.49,28.8,29.37,1219100,2020-09-26T01:46:25Z
VRTX,2007-07-16,28.86,29.17,28.67,29.17,775500,28.86,29.17,28.67,29.17,775500,2020-09-26T01:46:25Z
VRTX,2007-07-17,28.9,29.09,28.62,28.81,939400,28.9,29.09,28.62,28.81,939400,2020-09-26T01:46:25Z
VRTX,2007-07-18,29.15,29.23,28.56,28.95,1204400,29.15,29.23,28.56,28.95,1204400,2020-09-26T01:46:25Z
VRTX,2007-07-19,29.64,29.86,29.1,29.51,1461700,29.64,29.86,29.1,29.51,1461700,2020-09-26T01:46:25Z
VRTX,2007-07-20,29.32,29.84,29,29.84,2122600,29.32,29.84,29,29.84,2122600,2020-09-26T01:46:25Z
VRTX,2007-07-23,29.24,29.6,28.9,29.55,1340400,29.24,29.6,28.9,29.55,1340400,2020-09-26T01:46:25Z
VRTX,2007-07-24,29.72,29.99,28.88,29.09,2363700,29.72,29.99,28.88,29.09,2363700,2020-09-26T01:46:25Z
VRTX,2007-07-25,32.98,33,30.15,30.19,6130900,32.98,33,30.15,30.19,6130900,2020-09-26T01:46:25Z
VRTX,2007-07-26,32.83,33.85,32.39,32.91,3861500,32.83,33.85,32.39,32.91,3861500,2020-09-26T01:46:25Z
VRTX,2007-07-27,32.44,33.1,31.85,32.88,2900400,32.44,33.1,31.85,32.88,2900400,2020-09-26T01:46:25Z
VRTX,2007-07-30,32.6,32.85,32.09,32.4,2860200,32.6,32.85,32.09,32.4,2860200,2020-09-26T01:46:25Z
VRTX,2007-07-31,32.3,33.25,32.3,32.9,1986000,32.3,33.25,32.3,32.9,1986000,2020-09-26T01:46:25Z
VRTX,2007-08-01,32.6,32.76,31.98,32.2,1681400,32.6,32.76,31.98,32.2,1681400,2020-09-26T01:46:25Z
VRTX,2007-08-02,33.17,33.23,32.54,32.88,1311500,33.17,33.23,32.54,32.88,1311500,2020-09-26T01:46:25Z
VRTX,2007-08-03,33.22,33.76,32.83,33.24,2595900,33.22,33.76,32.83,33.24,2595900,2020-09-26T01:46:25Z
VRTX,2007-08-06,35.76,36.24,33.23,33.47,4494400,35.76,36.24,33.23,33.47,4494400,2020-09-26T01:46:25Z
VRTX,2007-08-07,37.69,38.25,35.45,35.62,5755900,37.69,38.25,35.45,35.62,5755900,2020-09-26T01:46:25Z
VRTX,2007-08-08,38.5,39.8,37.4,37.99,4479000,38.5,39.8,37.4,37.99,4479000,2020-09-26T01:46:25Z
VRTX,2007-08-09,38.19,39.18,37.48,37.53,4017300,38.19,39.18,37.48,37.53,4017300,2020-09-26T01:46:25Z
VRTX,2007-08-10,36.59,38,35.5,37.97,4064100,36.59,38,35.5,37.97,4064100,2020-09-26T01:46:25Z
VRTX,2007-08-13,35.95,37.04,35.5,37,1822600,35.95,37.04,35.5,37,1822600,2020-09-26T01:46:25Z
VRTX,2007-08-14,35.1,36.29,35,36.2,1225900,35.1,36.29,35,36.2,1225900,2020-09-26T01:46:25Z
VRTX,2007-08-15,34.9,36.76,34.7,34.9,1737600,34.9,36.76,34.7,34.9,1737600,2020-09-26T01:46:25Z
VRTX,2007-08-16,35.73,36.21,34.23,34.7,2273200,35.73,36.21,34.23,34.7,2273200,2020-09-26T01:46:25Z
VRTX,2007-08-17,36.87,36.91,35,35.98,2261000,36.87,36.91,35,35.98,2261000,2020-09-26T01:46:25Z
VRTX,2007-08-20,36.8,36.91,35.9,36.45,1516600,36.8,36.91,35.9,36.45,1516600,2020-09-26T01:46:25Z
VRTX,2007-08-21,37.41,38,36.56,36.56,1405100,37.41,38,36.56,36.56,1405100,2020-09-26T01:46:25Z
VRTX,2007-08-22,36.96,37.93,36.8,37.9,931700,36.96,37.93,36.8,37.9,931700,2020-09-26T01:46:25Z
VRTX,2007-08-23,36.38,37.32,36.13,37,926100,36.38,37.32,36.13,37,926100,2020-09-26T01:46:25Z
VRTX,2007-08-24,37.34,37.36,36.25,36.52,857600,37.34,37.36,36.25,36.52,857600,2020-09-26T01:46:25Z
VRTX,2007-08-27,36.89,37.79,36.86,37.26,768600,36.89,37.79,36.86,37.26,768600,2020-09-26T01:46:25Z
VRTX,2007-08-28,36.2,36.93,36,36.71,909500,36.2,36.93,36,36.71,909500,2020-09-26T01:46:25Z
VRTX,2007-08-29,37.66,37.71,35.95,36.51,1149500,37.66,37.71,35.95,36.51,1149500,2020-09-26T01:46:25Z
VRTX,2007-08-30,38.12,38.81,37.2,37.39,1456100,38.12,38.81,37.2,37.39,1456100,2020-09-26T01:46:25Z
VRTX,2007-08-31,38.96,39.01,38.05,38.73,949400,38.96,39.01,38.05,38.73,949400,2020-09-26T01:46:25Z
VRTX,2007-09-04,39.56,39.95,39.26,39.27,1997900,39.56,39.95,39.26,39.27,1997900,2020-09-26T01:46:25Z
VRTX,2007-09-05,39.98,40.1,39.5,39.54,1755200,39.98,40.1,39.5,39.54,1755200,2020-09-26T01:46:25Z
VRTX,2007-09-06,40.5,41.42,40.18,40.25,1196400,40.5,41.42,40.18,40.25,1196400,2020-09-26T01:46:25Z
VRTX,2007-09-07,39.75,40.6,39.5,40.29,1198400,39.75,40.6,39.5,40.29,1198400,2020-09-26T01:46:25Z
VRTX,2007-09-10,39.85,40.5,39.13,39.59,719600,39.85,40.5,39.13,39.59,719600,2020-09-26T01:46:25Z
VRTX,2007-09-11,40.39,40.52,39.84,40.23,718100,40.39,40.52,39.84,40.23,718100,2020-09-26T01:46:25Z
VRTX,2007-09-12,40.56,41,39.79,39.96,590900,40.56,41,39.79,39.96,590900,2020-09-26T01:46:25Z
VRTX,2007-09-13,40.1,40.99,39.65,40.97,780500,40.1,40.99,39.65,40.97,780500,2020-09-26T01:46:25Z
VRTX,2007-09-14,40.4,40.59,39.45,39.75,1122500,40.4,40.59,39.45,39.75,1122500,2020-09-26T01:46:25Z
VRTX,2007-09-17,38.39,40.3,38.29,40.04,1420400,38.39,40.3,38.29,40.04,1420400,2020-09-26T01:46:25Z
VRTX,2007-09-18,39.37,39.4,38.33,38.71,1446900,39.37,39.4,38.33,38.71,1446900,2020-09-26T01:46:25Z
VRTX,2007-09-19,38.68,40.1,37.33,39.36,3042500,38.68,40.1,37.33,39.36,3042500,2020-09-26T01:46:25Z
VRTX,2007-09-20,38.72,39.33,38.33,38.37,1236100,38.72,39.33,38.33,38.37,1236100,2020-09-26T01:46:25Z
VRTX,2007-09-21,38.24,39.34,38.24,38.77,1737400,38.24,39.34,38.24,38.77,1737400,2020-09-26T01:46:25Z
VRTX,2007-09-24,38.65,38.69,37.63,38.36,902500,38.65,38.69,37.63,38.36,902500,2020-09-26T01:46:25Z
VRTX,2007-09-25,38.51,38.86,38.06,38.61,1100700,38.51,38.86,38.06,38.61,1100700,2020-09-26T01:46:25Z
VRTX,2007-09-26,37.99,39.2,37.88,38.8,1155300,37.99,39.2,37.88,38.8,1155300,2020-09-26T01:46:25Z
VRTX,2007-09-27,38,38.23,37.61,37.99,1219400,38,38.23,37.61,37.99,1219400,2020-09-26T01:46:25Z
VRTX,2007-09-28,38.41,38.41,36.82,37.06,2563400,38.41,38.41,36.82,37.06,2563400,2020-09-26T01:46:25Z
VRTX,2007-10-01,38.98,39.48,38.41,38.47,2244200,38.98,39.48,38.41,38.47,2244200,2020-09-26T01:46:25Z
VRTX,2007-10-02,37.46,39.03,37.22,39.03,1745600,37.46,39.03,37.22,39.03,1745600,2020-09-26T01:46:25Z
VRTX,2007-10-03,37.27,37.98,37.13,37.47,1143100,37.27,37.98,37.13,37.47,1143100,2020-09-26T01:46:25Z
VRTX,2007-10-04,37.41,37.91,37.05,37.23,1026400,37.41,37.91,37.05,37.23,1026400,2020-09-26T01:46:25Z
VRTX,2007-10-05,37.36,37.56,36.58,37.56,1497600,37.36,37.56,36.58,37.56,1497600,2020-09-26T01:46:25Z
VRTX,2007-10-08,36.59,37.36,35.97,37.36,1286600,36.59,37.36,35.97,37.36,1286600,2020-09-26T01:46:25Z
VRTX,2007-10-09,35.63,36.51,35.14,36.49,1698000,35.63,36.51,35.14,36.49,1698000,2020-09-26T01:46:25Z
VRTX,2007-10-10,36.35,36.6,35.4,35.48,1684700,36.35,36.6,35.4,35.48,1684700,2020-09-26T01:46:25Z
VRTX,2007-10-11,36.28,37.23,36.12,36.35,1237500,36.28,37.23,36.12,36.35,1237500,2020-09-26T01:46:25Z
VRTX,2007-10-12,35.77,36.97,35.36,36.24,1363600,35.77,36.97,35.36,36.24,1363600,2020-09-26T01:46:25Z
VRTX,2007-10-15,36.08,36.51,35.55,35.55,1190100,36.08,36.51,35.55,35.55,1190100,2020-09-26T01:46:25Z
VRTX,2007-10-16,35.81,36.41,35.61,36,1138300,35.81,36.41,35.61,36,1138300,2020-09-26T01:46:25Z
VRTX,2007-10-17,35.82,36.44,34.86,36.16,991200,35.82,36.44,34.86,36.16,991200,2020-09-26T01:46:25Z
VRTX,2007-10-18,31.1,33,28.78,32.7,16416300,31.1,33,28.78,32.7,16416300,2020-09-26T01:46:25Z
VRTX,2007-10-19,30.73,31.53,29.5,30.78,3391000,30.73,31.53,29.5,30.78,3391000,2020-09-26T01:46:25Z
VRTX,2007-10-22,31.82,32.2,30.17,30.56,2934700,31.82,32.2,30.17,30.56,2934700,2020-09-26T01:46:25Z
VRTX,2007-10-23,32.26,32.26,31.15,31.52,2022500,32.26,32.26,31.15,31.52,2022500,2020-09-26T01:46:25Z
VRTX,2007-10-24,31.87,32.29,31.03,31.94,1779500,31.87,32.29,31.03,31.94,1779500,2020-09-26T01:46:25Z
VRTX,2007-10-25,32.3,32.6,31.65,32.3,1720200,32.3,32.6,31.65,32.3,1720200,2020-09-26T01:46:25Z
VRTX,2007-10-26,32.31,32.79,31.85,32.56,1459600,32.31,32.79,31.85,32.56,1459600,2020-09-26T01:46:25Z
VRTX,2007-10-29,32.94,32.94,32,32.09,1452400,32.94,32.94,32,32.09,1452400,2020-09-26T01:46:25Z
VRTX,2007-10-30,31.94,32.49,31.62,31.66,2496700,31.94,32.49,31.62,31.66,2496700,2020-09-26T01:46:25Z
VRTX,2007-10-31,32.34,32.39,31.29,31.94,1909700,32.34,32.39,31.29,31.94,1909700,2020-09-26T01:46:25Z
VRTX,2007-11-01,31.64,32.34,31.5,32.3,1711300,31.64,32.34,31.5,32.3,1711300,2020-09-26T01:46:25Z
VRTX,2007-11-02,28.9,29.87,26.65,28.8,9227700,28.9,29.87,26.65,28.8,9227700,2020-09-26T01:46:25Z
VRTX,2007-11-05,24.08,26,22.92,25.97,11767000,24.08,26,22.92,25.97,11767000,2020-09-26T01:46:25Z
VRTX,2007-11-06,25.05,26.25,24.01,24.01,6810400,25.05,26.25,24.01,24.01,6810400,2020-09-26T01:46:25Z
VRTX,2007-11-07,24.77,25.28,24.38,24.81,3103200,24.77,25.28,24.38,24.81,3103200,2020-09-26T01:46:25Z
VRTX,2007-11-08,25.56,26.12,24.77,25.88,3601700,25.56,26.12,24.77,25.88,3601700,2020-09-26T01:46:25Z
VRTX,2007-11-09,25.42,26.31,24.83,25.15,2379200,25.42,26.31,24.83,25.15,2379200,2020-09-26T01:46:25Z
VRTX,2007-11-12,26.06,26.99,25.1,25.32,2669200,26.06,26.99,25.1,25.32,2669200,2020-09-26T01:46:25Z
VRTX,2007-11-13,26.23,26.34,25.4,26.06,2269300,26.23,26.34,25.4,26.06,2269300,2020-09-26T01:46:25Z
VRTX,2007-11-14,25.96,26.66,25.61,26.08,1746100,25.96,26.66,25.61,26.08,1746100,2020-09-26T01:46:25Z
VRTX,2007-11-15,26.12,27.15,25.72,26,2142400,26.12,27.15,25.72,26,2142400,2020-09-26T01:46:25Z
VRTX,2007-11-16,25.71,26.51,25.68,26.33,1536500,25.71,26.51,25.68,26.33,1536500,2020-09-26T01:46:25Z
VRTX,2007-11-19,25.08,25.63,24.84,25.63,2475300,25.08,25.63,24.84,25.63,2475300,2020-09-26T01:46:25Z
VRTX,2007-11-20,24.57,25.86,23.87,25.35,2825400,24.57,25.86,23.87,25.35,2825400,2020-09-26T01:46:25Z
VRTX,2007-11-21,23.54,23.82,22.95,23.1,3420400,23.54,23.82,22.95,23.1,3420400,2020-09-26T01:46:25Z
VRTX,2007-11-23,24,24.1,23.35,23.51,730200,24,24.1,23.35,23.51,730200,2020-09-26T01:46:25Z
VRTX,2007-11-26,23.76,24.53,23.67,24.08,1215700,23.76,24.53,23.67,24.08,1215700,2020-09-26T01:46:25Z
VRTX,2007-11-27,24.22,24.54,23.54,24.11,1796800,24.22,24.54,23.54,24.11,1796800,2020-09-26T01:46:25Z
VRTX,2007-11-28,25.12,25.24,24.35,24.52,1796000,25.12,25.24,24.35,24.52,1796000,2020-09-26T01:46:25Z
VRTX,2007-11-29,25.1,25.24,24.61,25.08,1183800,25.1,25.24,24.61,25.08,1183800,2020-09-26T01:46:25Z
VRTX,2007-11-30,25.39,25.58,25.05,25.3,1482600,25.39,25.58,25.05,25.3,1482600,2020-09-26T01:46:25Z
VRTX,2007-12-03,25,25.26,24.61,25.04,1491100,25,25.26,24.61,25.04,1491100,2020-09-26T01:46:25Z
VRTX,2007-12-04,24.82,25.22,24.7,24.95,1570900,24.82,25.22,24.7,24.95,1570900,2020-09-26T01:46:25Z
VRTX,2007-12-05,25.5,25.7,25.1,25.29,1607400,25.5,25.7,25.1,25.29,1607400,2020-09-26T01:46:25Z
VRTX,2007-12-06,25.91,26.06,25.1,25.45,1615200,25.91,26.06,25.1,25.45,1615200,2020-09-26T01:46:25Z
VRTX,2007-12-07,25.49,26.05,25.23,25.69,1048600,25.49,26.05,25.23,25.69,1048600,2020-09-26T01:46:25Z
VRTX,2007-12-10,25.47,25.72,25.09,25.49,1619400,25.47,25.72,25.09,25.49,1619400,2020-09-26T01:46:25Z
VRTX,2007-12-11,25.17,26.06,25.07,25.41,1756200,25.17,26.06,25.07,25.41,1756200,2020-09-26T01:46:25Z
VRTX,2007-12-12,25.13,25.94,24.75,25.79,2128600,25.13,25.94,24.75,25.79,2128600,2020-09-26T01:46:25Z
VRTX,2007-12-13,24.92,25.07,24.19,24.25,1166000,24.92,25.07,24.19,24.25,1166000,2020-09-26T01:46:25Z
VRTX,2007-12-14,24.85,25.01,24.48,24.75,1103600,24.85,25.01,24.48,24.75,1103600,2020-09-26T01:46:25Z
VRTX,2007-12-17,24.39,25.18,24.38,24.98,1477900,24.39,25.18,24.38,24.98,1477900,2020-09-26T01:46:25Z
VRTX,2007-12-18,24.93,25.06,24.28,24.44,1391900,24.93,25.06,24.28,24.44,1391900,2020-09-26T01:46:25Z
VRTX,2007-12-19,24.82,25.18,24.47,24.82,1017800,24.82,25.18,24.47,24.82,1017800,2020-09-26T01:46:25Z
VRTX,2007-12-20,24.99,25.1,24.58,25,1374900,24.99,25.1,24.58,25,1374900,2020-09-26T01:46:25Z
VRTX,2007-12-21,24.92,25.8,24.48,25.49,2463000,24.92,25.8,24.48,25.49,2463000,2020-09-26T01:46:25Z
VRTX,2007-12-24,24.91,25,24.57,24.91,446400,24.91,25,24.57,24.91,446400,2020-09-26T01:46:25Z
VRTX,2007-12-26,24.78,25,24.64,24.7,963800,24.78,25,24.64,24.7,963800,2020-09-26T01:46:25Z
VRTX,2007-12-27,23.84,24.95,23.77,24.85,1172300,23.84,24.95,23.77,24.85,1172300,2020-09-26T01:46:25Z
VRTX,2007-12-28,23.47,24.2,23.05,23.94,1446400,23.47,24.2,23.05,23.94,1446400,2020-09-26T01:46:25Z
VRTX,2007-12-31,23.23,23.64,22.8,23.2,1518100,23.23,23.64,22.8,23.2,1518100,2020-09-26T01:46:25Z
VRTX,2008-01-02,23.15,23.51,22.93,23.25,1421500,23.15,23.51,22.93,23.25,1421500,2020-09-26T01:46:25Z
VRTX,2008-01-03,21.44,22.64,20.71,21.86,5570600,21.44,22.64,20.71,21.86,5570600,2020-09-26T01:46:25Z
VRTX,2008-01-04,21.5,22.2,20.92,21.3,3378500,21.5,22.2,20.92,21.3,3378500,2020-09-26T01:46:25Z
VRTX,2008-01-07,20.94,21.57,20.74,21.26,2337100,20.94,21.57,20.74,21.26,2337100,2020-09-26T01:46:25Z
VRTX,2008-01-08,21.86,22.18,20.85,20.96,2756600,21.86,22.18,20.85,20.96,2756600,2020-09-26T01:46:25Z
VRTX,2008-01-09,21.71,21.96,21.29,21.6,2279700,21.71,21.96,21.29,21.6,2279700,2020-09-26T01:46:25Z
VRTX,2008-01-10,22.36,22.64,21.56,21.56,1925100,22.36,22.64,21.56,21.56,1925100,2020-09-26T01:46:25Z
VRTX,2008-01-11,22.6,22.89,22,22.08,1447800,22.6,22.89,22,22.08,1447800,2020-09-26T01:46:25Z
VRTX,2008-01-14,22.41,22.91,22.29,22.89,1592800,22.41,22.91,22.29,22.89,1592800,2020-09-26T01:46:25Z
VRTX,2008-01-15,22.73,23.05,21.15,21.16,2423800,22.73,23.05,21.15,21.16,2423800,2020-09-26T01:46:25Z
VRTX,2008-01-16,23.7,24.67,23.34,24.08,3553000,23.7,24.67,23.34,24.08,3553000,2020-09-26T01:46:25Z
VRTX,2008-01-17,23.52,24.27,23.14,23.89,2668600,23.52,24.27,23.14,23.89,2668600,2020-09-26T01:46:25Z
VRTX,2008-01-18,22.83,23.52,22.42,23.38,2820700,22.83,23.52,22.42,23.38,2820700,2020-09-26T01:46:25Z
VRTX,2008-01-22,22.37,23.01,22.11,22.25,1769600,22.37,23.01,22.11,22.25,1769600,2020-09-26T01:46:25Z
VRTX,2008-01-23,20.02,21.45,19.13,20.2,8026200,20.02,21.45,19.13,20.2,8026200,2020-09-26T01:46:25Z
VRTX,2008-01-24,19.26,19.85,18.8,19.75,4580300,19.26,19.85,18.8,19.75,4580300,2020-09-26T01:46:25Z
VRTX,2008-01-25,19.17,19.39,18.81,19.39,3596600,19.17,19.39,18.81,19.39,3596600,2020-09-26T01:46:25Z
VRTX,2008-01-28,20.26,20.6,19.12,19.22,2442700,20.26,20.6,19.12,19.22,2442700,2020-09-26T01:46:25Z
VRTX,2008-01-29,20.65,21.3,20.47,20.5,2116700,20.65,21.3,20.47,20.5,2116700,2020-09-26T01:46:25Z
VRTX,2008-01-30,20.06,20.66,20.06,20.51,1639800,20.06,20.66,20.06,20.51,1639800,2020-09-26T01:46:25Z
VRTX,2008-01-31,20.36,20.44,19.92,20.14,1570200,20.36,20.44,19.92,20.14,1570200,2020-09-26T01:46:25Z
VRTX,2008-02-01,20.57,20.86,19.86,20.51,1630900,20.57,20.86,19.86,20.51,1630900,2020-09-26T01:46:25Z
VRTX,2008-02-04,20.3,20.59,20.08,20.49,1888400,20.3,20.59,20.08,20.49,1888400,2020-09-26T01:46:25Z
VRTX,2008-02-05,19.64,20.09,19.47,20.07,1780400,19.64,20.09,19.47,20.07,1780400,2020-09-26T01:46:25Z
VRTX,2008-02-06,19.38,19.86,19.02,19.86,2490700,19.38,19.86,19.02,19.86,2490700,2020-09-26T01:46:25Z
VRTX,2008-02-07,19.01,19.38,18.48,19.25,2258500,19.01,19.38,18.48,19.25,2258500,2020-09-26T01:46:25Z
VRTX,2008-02-08,18.1,19.25,17.59,18.96,3577800,18.1,19.25,17.59,18.96,3577800,2020-09-26T01:46:25Z
VRTX,2008-02-11,18.21,18.26,17.86,18.25,2202200,18.21,18.26,17.86,18.25,2202200,2020-09-26T01:46:25Z
VRTX,2008-02-12,17.14,17.29,16.04,16.38,12941900,17.14,17.29,16.04,16.38,12941900,2020-09-26T01:46:25Z
VRTX,2008-02-13,19.14,19.54,18.12,18.35,10082500,19.14,19.54,18.12,18.35,10082500,2020-09-26T01:46:25Z
VRTX,2008-02-14,18.48,19.13,18.35,19.01,3569300,18.48,19.13,18.35,19.01,3569300,2020-09-26T01:46:25Z
VRTX,2008-02-15,18.39,18.5,17.79,18.35,3104200,18.39,18.5,17.79,18.35,3104200,2020-09-26T01:46:25Z
VRTX,2008-02-19,17.8,18.6,17.79,18.6,3475700,17.8,18.6,17.79,18.6,3475700,2020-09-26T01:46:25Z
VRTX,2008-02-20,18.06,18.08,17.37,17.69,3356700,18.06,18.08,17.37,17.69,3356700,2020-09-26T01:46:25Z
VRTX,2008-02-21,17.73,18.11,17.62,18,3531400,17.73,18.11,17.62,18,3531400,2020-09-26T01:46:25Z
VRTX,2008-02-22,18.09,18.14,17.57,17.65,3810900,18.09,18.14,17.57,17.65,3810900,2020-09-26T01:46:25Z
VRTX,2008-02-25,18.48,19.57,18.19,18.27,6400800,18.48,19.57,18.19,18.27,6400800,2020-09-26T01:46:25Z
VRTX,2008-02-26,19.14,19.52,18.22,18.5,3013100,19.14,19.52,18.22,18.5,3013100,2020-09-26T01:46:25Z
VRTX,2008-02-27,18.62,19.23,18.38,19.16,1732400,18.62,19.23,18.38,19.16,1732400,2020-09-26T01:46:25Z
VRTX,2008-02-28,18.42,18.77,18.2,18.52,1636700,18.42,18.77,18.2,18.52,1636700,2020-09-26T01:46:25Z
VRTX,2008-02-29,17.5,18.35,17.18,18.25,3363900,17.5,18.35,17.18,18.25,3363900,2020-09-26T01:46:25Z
VRTX,2008-03-03,17.58,17.89,17.36,17.48,1673000,17.58,17.89,17.36,17.48,1673000,2020-09-26T01:46:25Z
VRTX,2008-03-04,17.41,17.53,16.94,17.5,1894600,17.41,17.53,16.94,17.5,1894600,2020-09-26T01:46:25Z
VRTX,2008-03-05,16.95,17.69,16.81,17.42,2056700,16.95,17.69,16.81,17.42,2056700,2020-09-26T01:46:25Z
VRTX,2008-03-06,15.92,17.18,15.91,16.86,2660500,15.92,17.18,15.91,16.86,2660500,2020-09-26T01:46:25Z
VRTX,2008-03-07,16.06,16.2,15.47,15.86,3356700,16.06,16.2,15.47,15.86,3356700,2020-09-26T01:46:25Z
VRTX,2008-03-10,14.59,16.03,14.52,16.03,3226000,14.59,16.03,14.52,16.03,3226000,2020-09-26T01:46:25Z
VRTX,2008-03-11,14.82,15.16,13.84,15.1,5009600,14.82,15.16,13.84,15.1,5009600,2020-09-26T01:46:25Z
VRTX,2008-03-12,15.5,16,14.95,14.99,4424200,15.5,16,14.95,14.99,4424200,2020-09-26T01:46:25Z
VRTX,2008-03-13,15.3,15.62,14.99,15.49,4081100,15.3,15.62,14.99,15.49,4081100,2020-09-26T01:46:25Z
VRTX,2008-03-14,15.44,15.53,14.89,15.43,3304000,15.44,15.53,14.89,15.43,3304000,2020-09-26T01:46:25Z
VRTX,2008-03-17,14.72,15.36,14.54,15.07,2366000,14.72,15.36,14.54,15.07,2366000,2020-09-26T01:46:25Z
VRTX,2008-03-18,15.02,15.04,14.22,14.9,3066400,15.02,15.04,14.22,14.9,3066400,2020-09-26T01:46:25Z
VRTX,2008-03-19,15.55,15.86,14.97,15,3306500,15.55,15.86,14.97,15,3306500,2020-09-26T01:46:25Z
VRTX,2008-03-20,16.46,16.54,15.45,15.55,4214800,16.46,16.54,15.45,15.55,4214800,2020-09-26T01:46:25Z
VRTX,2008-03-24,17.89,18.11,16.47,16.47,3678400,17.89,18.11,16.47,16.47,3678400,2020-09-26T01:46:25Z
VRTX,2008-03-25,18.2,18.66,17.9,18,3018700,18.2,18.66,17.9,18,3018700,2020-09-26T01:46:25Z
VRTX,2008-03-26,17.83,18.42,17.67,18.08,1546400,17.83,18.42,17.67,18.08,1546400,2020-09-26T01:46:25Z
VRTX,2008-03-27,19.23,20.17,18.1,18.24,5029500,19.23,20.17,18.1,18.24,5029500,2020-09-26T01:46:25Z
VRTX,2008-03-28,18.66,19.47,18.55,19.27,2600700,18.66,19.47,18.55,19.27,2600700,2020-09-26T01:46:25Z
VRTX,2008-03-31,23.89,24.2,19.99,20.34,17812300,23.89,24.2,19.99,20.34,17812300,2020-09-26T01:46:25Z
VRTX,2008-04-01,25.41,25.6,23.4,23.4,9992000,25.41,25.6,23.4,23.4,9992000,2020-09-26T01:46:25Z
VRTX,2008-04-02,24.81,25.52,24.59,25.31,4340200,24.81,25.52,24.59,25.31,4340200,2020-09-26T01:46:25Z
VRTX,2008-04-03,25.4,25.92,24.59,24.92,2867800,25.4,25.92,24.59,24.92,2867800,2020-09-26T01:46:25Z
VRTX,2008-04-04,26.29,26.55,25.44,25.54,3337100,26.29,26.55,25.44,25.54,3337100,2020-09-26T01:46:25Z
VRTX,2008-04-07,25.9,26.43,25.77,26.24,1514100,25.9,26.43,25.77,26.24,1514100,2020-09-26T01:46:25Z
VRTX,2008-04-08,26.09,26.29,25.6,25.85,1607900,26.09,26.29,25.6,25.85,1607900,2020-09-26T01:46:25Z
VRTX,2008-04-09,26.49,26.51,25.36,26.34,2691600,26.49,26.51,25.36,26.34,2691600,2020-09-26T01:46:25Z
VRTX,2008-04-10,26.29,27.24,26.15,26.56,3381200,26.29,27.24,26.15,26.56,3381200,2020-09-26T01:46:25Z
VRTX,2008-04-11,25.65,26.29,25.38,26.2,1411200,25.65,26.29,25.38,26.2,1411200,2020-09-26T01:46:25Z
VRTX,2008-04-14,25.9,26.03,25.15,25.65,1810400,25.9,26.03,25.15,25.65,1810400,2020-09-26T01:46:25Z
VRTX,2008-04-15,25.9,26.13,24.88,25.89,2438400,25.9,26.13,24.88,25.89,2438400,2020-09-26T01:46:25Z
VRTX,2008-04-16,26.07,26.42,25.75,25.87,1828200,26.07,26.42,25.75,25.87,1828200,2020-09-26T01:46:25Z
VRTX,2008-04-17,25.47,26.69,25.47,26,1650600,25.47,26.69,25.47,26,1650600,2020-09-26T01:46:25Z
VRTX,2008-04-18,25.76,26.38,25.3,25.95,2237200,25.76,26.38,25.3,25.95,2237200,2020-09-26T01:46:25Z
VRTX,2008-04-21,26.33,26.73,25.49,25.7,1779300,26.33,26.73,25.49,25.7,1779300,2020-09-26T01:46:25Z
VRTX,2008-04-22,27,28.66,26.54,26.65,4155300,27,28.66,26.54,26.65,4155300,2020-09-26T01:46:25Z
VRTX,2008-04-23,25.95,27.44,25.09,27.3,3974000,25.95,27.44,25.09,27.3,3974000,2020-09-26T01:46:25Z
VRTX,2008-04-24,24.9,25.34,23.75,24.9,4737500,24.9,25.34,23.75,24.9,4737500,2020-09-26T01:46:25Z
VRTX,2008-04-25,25.72,25.73,24.49,24.85,2523300,25.72,25.73,24.49,24.85,2523300,2020-09-26T01:46:25Z
VRTX,2008-04-28,25.77,26.2,24.89,26,3078300,25.77,26.2,24.89,26,3078300,2020-09-26T01:46:25Z
VRTX,2008-04-29,26.39,26.64,25.8,25.91,2330000,26.39,26.64,25.8,25.91,2330000,2020-09-26T01:46:25Z
VRTX,2008-04-30,25.52,26.66,25.28,26.37,1886300,25.52,26.66,25.28,26.37,1886300,2020-09-26T01:46:25Z
VRTX,2008-05-01,26.5,26.62,25.47,25.71,1364300,26.5,26.62,25.47,25.71,1364300,2020-09-26T01:46:25Z
VRTX,2008-05-02,26.29,26.9,25.93,26.62,1051800,26.29,26.9,25.93,26.62,1051800,2020-09-26T01:46:25Z
VRTX,2008-05-05,26.28,26.46,25.72,26.31,987900,26.28,26.46,25.72,26.31,987900,2020-09-26T01:46:25Z
VRTX,2008-05-06,26.39,26.64,25.91,26.2,1284500,26.39,26.64,25.91,26.2,1284500,2020-09-26T01:46:25Z
VRTX,2008-05-07,25.5,26.5,25.22,26.33,1353200,25.5,26.5,25.22,26.33,1353200,2020-09-26T01:46:25Z
VRTX,2008-05-08,26.53,26.91,25.7,25.92,1726600,26.53,26.91,25.7,25.92,1726600,2020-09-26T01:46:25Z
VRTX,2008-05-09,26.9,27.18,26,26.4,1910900,26.9,27.18,26,26.4,1910900,2020-09-26T01:46:25Z
VRTX,2008-05-12,27.7,27.8,26.99,27.01,1353600,27.7,27.8,26.99,27.01,1353600,2020-09-26T01:46:25Z
VRTX,2008-05-13,26.92,27.7,26.61,27.7,1821200,26.92,27.7,26.61,27.7,1821200,2020-09-26T01:46:25Z
VRTX,2008-05-14,27.01,27.5,26.6,27.08,1894000,27.01,27.5,26.6,27.08,1894000,2020-09-26T01:46:25Z
VRTX,2008-05-15,27.86,28.08,26.95,27.11,1671400,27.86,28.08,26.95,27.11,1671400,2020-09-26T01:46:25Z
VRTX,2008-05-16,27.66,28.03,27.1,27.99,1261800,27.66,28.03,27.1,27.99,1261800,2020-09-26T01:46:25Z
VRTX,2008-05-19,27.48,28.31,27.43,27.51,979200,27.48,28.31,27.43,27.51,979200,2020-09-26T01:46:25Z
VRTX,2008-05-20,27.48,28.14,27.24,27.87,1240600,27.48,28.14,27.24,27.87,1240600,2020-09-26T01:46:25Z
VRTX,2008-05-21,26.07,26.75,25.01,26.57,4076400,26.07,26.75,25.01,26.57,4076400,2020-09-26T01:46:25Z
VRTX,2008-05-22,27.01,27.26,26.15,26.15,1609400,27.01,27.26,26.15,26.15,1609400,2020-09-26T01:46:25Z
VRTX,2008-05-23,26.38,27.14,26.08,26.99,1097200,26.38,27.14,26.08,26.99,1097200,2020-09-26T01:46:25Z
VRTX,2008-05-27,27.24,27.34,26.31,26.4,949200,27.24,27.34,26.31,26.4,949200,2020-09-26T01:46:25Z
VRTX,2008-05-28,26.96,27.24,26.5,27.23,850500,26.96,27.24,26.5,27.23,850500,2020-09-26T01:46:25Z
VRTX,2008-05-29,28.45,28.62,26.96,26.98,1623900,28.45,28.62,26.96,26.98,1623900,2020-09-26T01:46:25Z
VRTX,2008-05-30,28.63,28.81,28,28.31,1647400,28.63,28.81,28,28.31,1647400,2020-09-26T01:46:25Z
VRTX,2008-06-02,28.55,28.69,27.87,28.41,1976500,28.55,28.69,27.87,28.41,1976500,2020-09-26T01:46:25Z
VRTX,2008-06-03,29.53,29.78,28.57,28.78,3594200,29.53,29.78,28.57,28.78,3594200,2020-09-26T01:46:25Z
VRTX,2008-06-04,28.85,29.38,27.23,27.65,3545400,28.85,29.38,27.23,27.65,3545400,2020-09-26T01:46:25Z
VRTX,2008-06-05,32.63,33.17,31.05,31.05,8367500,32.63,33.17,31.05,31.05,8367500,2020-09-26T01:46:25Z
VRTX,2008-06-06,32.24,33,32.14,32.58,3527900,32.24,33,32.14,32.58,3527900,2020-09-26T01:46:25Z
VRTX,2008-06-09,33.06,34.97,32.25,34.66,5871900,33.06,34.97,32.25,34.66,5871900,2020-09-26T01:46:25Z
VRTX,2008-06-10,33.14,33.65,32.96,33.05,2748600,33.14,33.65,32.96,33.05,2748600,2020-09-26T01:46:25Z
VRTX,2008-06-11,31.97,33.29,31.93,33.08,2604900,31.97,33.29,31.93,33.08,2604900,2020-09-26T01:46:25Z
VRTX,2008-06-12,32.08,32.94,31.93,32.39,2147800,32.08,32.94,31.93,32.39,2147800,2020-09-26T01:46:25Z
VRTX,2008-06-13,33.56,33.56,32.1,32.47,2202700,33.56,33.56,32.1,32.47,2202700,2020-09-26T01:46:25Z
VRTX,2008-06-16,33.49,33.49,32.62,33.16,2081000,33.49,33.49,32.62,33.16,2081000,2020-09-26T01:46:25Z
VRTX,2008-06-17,33.49,33.52,32.87,33.49,1146700,33.49,33.52,32.87,33.49,1146700,2020-09-26T01:46:25Z
VRTX,2008-06-18,33.2,33.83,33.12,33.12,2076900,33.2,33.83,33.12,33.12,2076900,2020-09-26T01:46:25Z
VRTX,2008-06-19,33.9,34.15,33.13,33.2,1805000,33.9,34.15,33.13,33.2,1805000,2020-09-26T01:46:25Z
VRTX,2008-06-20,33.36,34.14,32.87,33.6,3194300,33.36,34.14,32.87,33.6,3194300,2020-09-26T01:46:25Z
VRTX,2008-06-23,31.66,33.91,31.66,33.65,3398900,31.66,33.91,31.66,33.65,3398900,2020-09-26T01:46:25Z
VRTX,2008-06-24,31.08,31.91,30.78,31.39,3365200,31.08,31.91,30.78,31.39,3365200,2020-09-26T01:46:25Z
VRTX,2008-06-25,32.9,33.3,31.05,31.18,2470400,32.9,33.3,31.05,31.18,2470400,2020-09-26T01:46:25Z
VRTX,2008-06-26,32.57,32.96,32.17,32.38,1733900,32.57,32.96,32.17,32.38,1733900,2020-09-26T01:46:25Z
VRTX,2008-06-27,32.5,32.76,31.9,32.39,2032100,32.5,32.76,31.9,32.39,2032100,2020-09-26T01:46:25Z
VRTX,2008-06-30,33.47,33.94,32.18,32.36,1950200,33.47,33.94,32.18,32.36,1950200,2020-09-26T01:46:25Z
VRTX,2008-07-01,34.31,34.47,32.86,33.35,3177000,34.31,34.47,32.86,33.35,3177000,2020-09-26T01:46:25Z
VRTX,2008-07-02,34.03,34.94,33.98,34.22,2748000,34.03,34.94,33.98,34.22,2748000,2020-09-26T01:46:25Z
VRTX,2008-07-03,33.97,34.41,33.09,34.31,1282500,33.97,34.41,33.09,34.31,1282500,2020-09-26T01:46:25Z
VRTX,2008-07-07,33.07,34.34,32.17,34.04,2262000,33.07,34.34,32.17,34.04,2262000,2020-09-26T01:46:25Z
VRTX,2008-07-08,34.68,34.68,32.73,32.9,1771700,34.68,34.68,32.73,32.9,1771700,2020-09-26T01:46:25Z
VRTX,2008-07-09,33.67,35,33.55,34.68,2143300,33.67,35,33.55,34.68,2143300,2020-09-26T01:46:25Z
VRTX,2008-07-10,33.5,33.67,32.68,33.67,1949900,33.5,33.67,32.68,33.67,1949900,2020-09-26T01:46:25Z
VRTX,2008-07-11,33.19,33.63,32.77,32.97,1579200,33.19,33.63,32.77,32.97,1579200,2020-09-26T01:46:25Z
VRTX,2008-07-14,32.37,33.61,32.12,33.52,2067700,32.37,33.61,32.12,33.52,2067700,2020-09-26T01:46:25Z
VRTX,2008-07-15,32.23,33.23,31.64,32.1,3868100,32.23,33.23,31.64,32.1,3868100,2020-09-26T01:46:25Z
VRTX,2008-07-16,32.96,33.54,31.87,32.05,2226600,32.96,33.54,31.87,32.05,2226600,2020-09-26T01:46:25Z
VRTX,2008-07-17,32.56,34.18,32.31,33.39,3232100,32.56,34.18,32.31,33.39,3232100,2020-09-26T01:46:25Z
VRTX,2008-07-18,31.92,32.59,31.64,32.4,2600200,31.92,32.59,31.64,32.4,2600200,2020-09-26T01:46:25Z
VRTX,2008-07-21,31.72,33.38,31.66,31.89,1634800,31.72,33.38,31.66,31.89,1634800,2020-09-26T01:46:25Z
VRTX,2008-07-22,31.52,31.99,30.88,31.64,1865100,31.52,31.99,30.88,31.64,1865100,2020-09-26T01:46:25Z
VRTX,2008-07-23,32.76,33.13,31.32,31.43,1891400,32.76,33.13,31.32,31.43,1891400,2020-09-26T01:46:25Z
VRTX,2008-07-24,31.51,32.89,31.43,32.57,3005000,31.51,32.89,31.43,32.57,3005000,2020-09-26T01:46:25Z
VRTX,2008-07-25,32.58,32.66,31.2,31.61,1461100,32.58,32.66,31.2,31.61,1461100,2020-09-26T01:46:25Z
VRTX,2008-07-28,32.07,33.61,31.81,32.35,2004300,32.07,33.61,31.81,32.35,2004300,2020-09-26T01:46:25Z
VRTX,2008-07-29,33.01,33.22,32.28,32.49,1576500,33.01,33.22,32.28,32.49,1576500,2020-09-26T01:46:25Z
VRTX,2008-07-30,33.18,33.35,31.31,33.12,2066000,33.18,33.35,31.31,33.12,2066000,2020-09-26T01:46:25Z
VRTX,2008-07-31,34.5,34.99,33.11,33.11,4242900,34.5,34.99,33.11,33.11,4242900,2020-09-26T01:46:25Z
VRTX,2008-08-01,32.7,34.58,32.6,33.09,4275700,32.7,34.58,32.6,33.09,4275700,2020-09-26T01:46:25Z
VRTX,2008-08-04,29.95,30.01,27.73,28.08,9966600,29.95,30.01,27.73,28.08,9966600,2020-09-26T01:46:25Z
VRTX,2008-08-05,31.25,31.25,30.49,30.5,2828800,31.25,31.25,30.49,30.5,2828800,2020-09-26T01:46:25Z
VRTX,2008-08-06,31.54,31.56,30.27,30.67,2332800,31.54,31.56,30.27,30.67,2332800,2020-09-26T01:46:25Z
VRTX,2008-08-07,28.97,31.47,28.27,31.3,4018000,28.97,31.47,28.27,31.3,4018000,2020-09-26T01:46:25Z
VRTX,2008-08-08,28.89,29.93,28.7,29.9,3345900,28.89,29.93,28.7,29.9,3345900,2020-09-26T01:46:25Z
VRTX,2008-08-11,29.27,29.27,28.26,28.76,2454400,29.27,29.27,28.26,28.76,2454400,2020-09-26T01:46:25Z
VRTX,2008-08-12,29.91,30.35,29.03,29.29,3063400,29.91,30.35,29.03,29.29,3063400,2020-09-26T01:46:25Z
VRTX,2008-08-13,28.87,30.22,28.51,30.02,2654400,28.87,30.22,28.51,30.02,2654400,2020-09-26T01:46:25Z
VRTX,2008-08-14,29.97,30.08,29.01,29.03,3518500,29.97,30.08,29.01,29.03,3518500,2020-09-26T01:46:25Z
VRTX,2008-08-15,28.46,30.06,28.32,30,2382100,28.46,30.06,28.32,30,2382100,2020-09-26T01:46:25Z
VRTX,2008-08-18,27.72,29.12,27.47,29.12,2535800,27.72,29.12,27.47,29.12,2535800,2020-09-26T01:46:25Z
VRTX,2008-08-19,28.1,28.47,27.38,27.79,3131000,28.1,28.47,27.38,27.79,3131000,2020-09-26T01:46:25Z
VRTX,2008-08-20,26.32,28.41,26.03,28.36,4130800,26.32,28.41,26.03,28.36,4130800,2020-09-26T01:46:25Z
VRTX,2008-08-21,26.82,26.99,25.97,26.52,3106300,26.82,26.99,25.97,26.52,3106300,2020-09-26T01:46:25Z
VRTX,2008-08-22,27.08,27.21,26.62,27,2066000,27.08,27.21,26.62,27,2066000,2020-09-26T01:46:25Z
VRTX,2008-08-25,26.65,27.17,26.37,26.85,1633800,26.65,27.17,26.37,26.85,1633800,2020-09-26T01:46:25Z
VRTX,2008-08-26,27.23,27.44,26.5,26.51,1838700,27.23,27.44,26.5,26.51,1838700,2020-09-26T01:46:25Z
VRTX,2008-08-27,27.03,27.48,26.65,27.47,1794900,27.03,27.48,26.65,27.47,1794900,2020-09-26T01:46:25Z
VRTX,2008-08-28,27.29,27.36,26.85,27.2,1072100,27.29,27.36,26.85,27.2,1072100,2020-09-26T01:46:25Z
VRTX,2008-08-29,26.86,27.16,26.62,27.16,1114700,26.86,27.16,26.62,27.16,1114700,2020-09-26T01:46:25Z
VRTX,2008-09-02,26.73,28.22,26.52,27.35,1789400,26.73,28.22,26.52,27.35,1789400,2020-09-26T01:46:25Z
VRTX,2008-09-03,26.32,26.5,25.44,26.3,5224100,26.32,26.5,25.44,26.3,5224100,2020-09-26T01:46:25Z
VRTX,2008-09-04,25.6,26.48,25.6,26.02,2969600,25.6,26.48,25.6,26.02,2969600,2020-09-26T01:46:25Z
VRTX,2008-09-05,26.24,26.51,25.35,25.89,2715000,26.24,26.51,25.35,25.89,2715000,2020-09-26T01:46:25Z
VRTX,2008-09-08,25.92,26.93,25.67,26.37,1910400,25.92,26.93,25.67,26.37,1910400,2020-09-26T01:46:25Z
VRTX,2008-09-09,25.86,26.34,25.75,25.83,2184900,25.86,26.34,25.75,25.83,2184900,2020-09-26T01:46:25Z
VRTX,2008-09-10,26.94,27.06,25.36,26.23,2863200,26.94,27.06,25.36,26.23,2863200,2020-09-26T01:46:25Z
VRTX,2008-09-11,28.01,28.36,26.32,26.57,2882600,28.01,28.36,26.32,26.57,2882600,2020-09-26T01:46:25Z
VRTX,2008-09-12,27,28,26.93,27.73,1972000,27,28,26.93,27.73,1972000,2020-09-26T01:46:25Z
VRTX,2008-09-15,26.53,27.74,25.87,26.1,2829000,26.53,27.74,25.87,26.1,2829000,2020-09-26T01:46:25Z
VRTX,2008-09-16,28.15,28.25,26.06,26.06,2614800,28.15,28.25,26.06,26.06,2614800,2020-09-26T01:46:25Z
VRTX,2008-09-17,26.57,28.83,26.41,27.65,2759100,26.57,28.83,26.41,27.65,2759100,2020-09-26T01:46:25Z
VRTX,2008-09-18,27.91,28.05,24.62,25.85,6450000,27.91,28.05,24.62,25.85,6450000,2020-09-26T01:46:25Z
VRTX,2008-09-19,29.25,29.89,26.87,28.64,4831500,29.25,29.89,26.87,28.64,4831500,2020-09-26T01:46:25Z
VRTX,2008-09-22,27.67,29.25,27.67,28.86,1482800,27.67,29.25,27.67,28.86,1482800,2020-09-26T01:46:25Z
VRTX,2008-09-23,27.3,28.14,26.84,27.87,1521200,27.3,28.14,26.84,27.87,1521200,2020-09-26T01:46:25Z
VRTX,2008-09-24,31.66,32.43,27.7,27.82,6715200,31.66,32.43,27.7,27.82,6715200,2020-09-26T01:46:25Z
VRTX,2008-09-25,33.06,33.58,31.62,32.01,3965500,33.06,33.58,31.62,32.01,3965500,2020-09-26T01:46:25Z
VRTX,2008-09-26,33.9,34.71,32.58,32.94,4327800,33.9,34.71,32.58,32.94,4327800,2020-09-26T01:46:25Z
VRTX,2008-09-29,33,34.14,32.5,33.22,3247400,33,34.14,32.5,33.22,3247400,2020-09-26T01:46:25Z
VRTX,2008-09-30,33.24,33.99,31.29,33.99,4558300,33.24,33.99,31.29,33.99,4558300,2020-09-26T01:46:25Z
VRTX,2008-10-01,32.65,33.19,32.2,33.08,1688000,32.65,33.19,32.2,33.08,1688000,2020-09-26T01:46:25Z
VRTX,2008-10-02,30.86,33.11,30.85,32.63,2373400,30.86,33.11,30.85,32.63,2373400,2020-09-26T01:46:25Z
VRTX,2008-10-03,29.1,32.55,29.02,31.4,3400900,29.1,32.55,29.02,31.4,3400900,2020-09-26T01:46:25Z
VRTX,2008-10-06,27.88,29.21,24.26,29.21,5428300,27.88,29.21,24.26,29.21,5428300,2020-09-26T01:46:25Z
VRTX,2008-10-07,26.66,28.48,26.36,27.4,2674800,26.66,28.48,26.36,27.4,2674800,2020-09-26T01:46:25Z
VRTX,2008-10-08,26.57,27.52,24.82,25.53,3218500,26.57,27.52,24.82,25.53,3218500,2020-09-26T01:46:25Z
VRTX,2008-10-09,26.06,27.98,25.49,26.91,2648900,26.06,27.98,25.49,26.91,2648900,2020-09-26T01:46:25Z
VRTX,2008-10-10,25.44,26.5,23.03,24.58,4488400,25.44,26.5,23.03,24.58,4488400,2020-09-26T01:46:25Z
VRTX,2008-10-13,28.89,29.11,25.69,26.01,2366000,28.89,29.11,25.69,26.01,2366000,2020-09-26T01:46:25Z
VRTX,2008-10-14,27.6,29.31,27.5,28.98,3051300,27.6,29.31,27.5,28.98,3051300,2020-09-26T01:46:25Z
VRTX,2008-10-15,24.78,28.2,24.52,27.04,3101600,24.78,28.2,24.52,27.04,3101600,2020-09-26T01:46:25Z
VRTX,2008-10-16,25.8,25.8,23.56,24.99,3258400,25.8,25.8,23.56,24.99,3258400,2020-09-26T01:46:25Z
VRTX,2008-10-17,25.68,27.82,24.3,25.29,2432800,25.68,27.82,24.3,25.29,2432800,2020-09-26T01:46:25Z
VRTX,2008-10-20,26.05,26.38,23.42,26.06,3117700,26.05,26.38,23.42,26.06,3117700,2020-09-26T01:46:25Z
VRTX,2008-10-21,24.46,26.29,24.28,25.59,1444400,24.46,26.29,24.28,25.59,1444400,2020-09-26T01:46:25Z
VRTX,2008-10-22,22.76,24.32,22.47,24.01,2509000,22.76,24.32,22.47,24.01,2509000,2020-09-26T01:46:25Z
VRTX,2008-10-23,21.66,23.5,20.41,22.95,2560400,21.66,23.5,20.41,22.95,2560400,2020-09-26T01:46:25Z
VRTX,2008-10-24,20.97,21.51,19.29,20.08,1766000,20.97,21.51,19.29,20.08,1766000,2020-09-26T01:46:25Z
VRTX,2008-10-27,21.21,22.37,20.5,21.04,2268200,21.21,22.37,20.5,21.04,2268200,2020-09-26T01:46:25Z
VRTX,2008-10-28,20.72,22.38,18.43,21.52,4075500,20.72,22.38,18.43,21.52,4075500,2020-09-26T01:46:25Z
VRTX,2008-10-29,22.3,23.77,19.93,20.4,3628800,22.3,23.77,19.93,20.4,3628800,2020-09-26T01:46:25Z
VRTX,2008-10-30,24.73,25.01,22.38,22.55,2678900,24.73,25.01,22.38,22.55,2678900,2020-09-26T01:46:25Z
VRTX,2008-10-31,26.21,26.36,24.11,24.61,2352700,26.21,26.36,24.11,24.61,2352700,2020-09-26T01:46:25Z
VRTX,2008-11-03,26.88,27.57,26.37,26.83,1991400,26.88,27.57,26.37,26.83,1991400,2020-09-26T01:46:25Z
VRTX,2008-11-04,28.54,28.58,26.22,27.35,2166500,28.54,28.58,26.22,27.35,2166500,2020-09-26T01:46:25Z
VRTX,2008-11-05,27.52,28.85,27.19,28.65,1785000,27.52,28.85,27.19,28.65,1785000,2020-09-26T01:46:25Z
VRTX,2008-11-06,26.89,27.53,26.47,26.76,1647300,26.89,27.53,26.47,26.76,1647300,2020-09-26T01:46:25Z
VRTX,2008-11-07,27.74,27.74,26.78,27.2,1332600,27.74,27.74,26.78,27.2,1332600,2020-09-26T01:46:25Z
VRTX,2008-11-10,27.3,29,27.14,28.15,1217300,27.3,29,27.14,28.15,1217300,2020-09-26T01:46:25Z
VRTX,2008-11-11,27.01,27.61,26.51,26.82,1591800,27.01,27.61,26.51,26.82,1591800,2020-09-26T01:46:25Z
VRTX,2008-11-12,26.7,27.37,26.48,26.98,2090600,26.7,27.37,26.48,26.98,2090600,2020-09-26T01:46:25Z
VRTX,2008-11-13,28.95,28.95,26.39,27.08,3129100,28.95,28.95,26.39,27.08,3129100,2020-09-26T01:46:25Z
VRTX,2008-11-14,27.5,28.83,27.31,28.3,2435000,27.5,28.83,27.31,28.3,2435000,2020-09-26T01:46:25Z
VRTX,2008-11-17,26.67,27.58,26.5,27.16,2770000,26.67,27.58,26.5,27.16,2770000,2020-09-26T01:46:25Z
VRTX,2008-11-18,26.32,26.93,25.6,26.41,2326100,26.32,26.93,25.6,26.41,2326100,2020-09-26T01:46:25Z
VRTX,2008-11-19,23.37,27.1,23.22,25.9,3630100,23.37,27.1,23.22,25.9,3630100,2020-09-26T01:46:25Z
VRTX,2008-11-20,22.17,23.55,21.7,23.4,3405200,22.17,23.55,21.7,23.4,3405200,2020-09-26T01:46:25Z
VRTX,2008-11-21,21.14,22.31,19.87,22.23,2943600,21.14,22.31,19.87,22.23,2943600,2020-09-26T01:46:25Z
VRTX,2008-11-24,22.59,22.71,21.21,21.54,2267900,22.59,22.71,21.21,21.54,2267900,2020-09-26T01:46:25Z
VRTX,2008-11-25,23.02,23.15,21.67,22.01,1919300,23.02,23.15,21.67,22.01,1919300,2020-09-26T01:46:25Z
VRTX,2008-11-26,24.67,24.74,22.13,22.74,1590400,24.67,24.74,22.13,22.74,1590400,2020-09-26T01:46:25Z
VRTX,2008-11-28,24.59,24.59,23.79,24.36,419600,24.59,24.59,23.79,24.36,419600,2020-09-26T01:46:25Z
VRTX,2008-12-01,21.21,24.57,21.18,24.2,2535200,21.21,24.57,21.18,24.2,2535200,2020-09-26T01:46:25Z
VRTX,2008-12-02,22.08,22.42,20.94,21.5,2053900,22.08,22.42,20.94,21.5,2053900,2020-09-26T01:46:25Z
VRTX,2008-12-03,23.34,23.56,21.37,21.57,1573300,23.34,23.56,21.37,21.57,1573300,2020-09-26T01:46:25Z
VRTX,2008-12-04,22.32,23.18,21.87,22.8,1298600,22.32,23.18,21.87,22.8,1298600,2020-09-26T01:46:25Z
VRTX,2008-12-05,24.05,24.1,21.31,22.17,1644500,24.05,24.1,21.31,22.17,1644500,2020-09-26T01:46:25Z
VRTX,2008-12-08,25.05,25.3,23.8,24.37,1607900,25.05,25.3,23.8,24.37,1607900,2020-09-26T01:46:25Z
VRTX,2008-12-09,24.45,25.68,24.16,24.83,1537100,24.45,25.68,24.16,24.83,1537100,2020-09-26T01:46:25Z
VRTX,2008-12-10,24.98,26,24.71,24.71,1858600,24.98,26,24.71,24.71,1858600,2020-09-26T01:46:25Z
VRTX,2008-12-11,24.65,26.06,24.5,24.97,1393800,24.65,26.06,24.5,24.97,1393800,2020-09-26T01:46:25Z
VRTX,2008-12-12,25.81,25.92,24,24.29,883700,25.81,25.92,24,24.29,883700,2020-09-26T01:46:25Z
VRTX,2008-12-15,25.17,26.2,24.73,26.04,1046100,25.17,26.2,24.73,26.04,1046100,2020-09-26T01:46:25Z
VRTX,2008-12-16,27.97,28,25.16,25.5,1833100,27.97,28,25.16,25.5,1833100,2020-09-26T01:46:25Z
VRTX,2008-12-17,27.64,28.58,27.05,27.23,2519200,27.64,28.58,27.05,27.23,2519200,2020-09-26T01:46:25Z
VRTX,2008-12-18,29.16,29.16,27.91,28.25,2246100,29.16,29.16,27.91,28.25,2246100,2020-09-26T01:46:25Z
VRTX,2008-12-19,29.82,30.45,29.16,29.61,2924700,29.82,30.45,29.16,29.61,2924700,2020-09-26T01:46:25Z
VRTX,2008-12-22,28.87,29.94,27.98,29.74,1308300,28.87,29.94,27.98,29.74,1308300,2020-09-26T01:46:25Z
VRTX,2008-12-23,29.17,29.6,28.78,28.98,1012000,29.17,29.6,28.78,28.98,1012000,2020-09-26T01:46:25Z
VRTX,2008-12-24,28.99,29.41,28.6,29.04,279400,28.99,29.41,28.6,29.04,279400,2020-09-26T01:46:25Z
VRTX,2008-12-26,29.5,29.58,28.68,29.24,433100,29.5,29.58,28.68,29.24,433100,2020-09-26T01:46:25Z
VRTX,2008-12-29,28.75,29.5,28.05,29.26,716900,28.75,29.5,28.05,29.26,716900,2020-09-26T01:46:25Z
VRTX,2008-12-30,30.41,30.47,28.52,28.98,1302400,30.41,30.47,28.52,28.98,1302400,2020-09-26T01:46:25Z
VRTX,2008-12-31,30.38,30.97,29.85,30.5,1166400,30.38,30.97,29.85,30.5,1166400,2020-09-26T01:46:25Z
VRTX,2009-01-02,30.69,30.73,29.57,30.27,1216500,30.69,30.73,29.57,30.27,1216500,2020-09-26T01:46:25Z
VRTX,2009-01-05,32.15,32.27,30.24,30.63,2331500,32.15,32.27,30.24,30.63,2331500,2020-09-26T01:46:25Z
VRTX,2009-01-06,31.63,32.65,30.75,31.92,2055500,31.63,32.65,30.75,31.92,2055500,2020-09-26T01:46:25Z
VRTX,2009-01-07,31.52,31.85,30.78,31.21,1703200,31.52,31.85,30.78,31.21,1703200,2020-09-26T01:46:25Z
VRTX,2009-01-08,31.77,31.77,30.33,31.46,1867500,31.77,31.77,30.33,31.46,1867500,2020-09-26T01:46:25Z
VRTX,2009-01-09,29.91,31.85,29.5,31.85,1752700,29.91,31.85,29.5,31.85,1752700,2020-09-26T01:46:25Z
VRTX,2009-01-12,29.52,30.3,28.86,30.04,1549700,29.52,30.3,28.86,30.04,1549700,2020-09-26T01:46:25Z
VRTX,2009-01-13,31.23,31.72,29.33,29.62,2139600,31.23,31.72,29.33,29.62,2139600,2020-09-26T01:46:25Z
VRTX,2009-01-14,30.03,31.54,29.85,30.76,1726500,30.03,31.54,29.85,30.76,1726500,2020-09-26T01:46:25Z
VRTX,2009-01-15,30.86,31.1,29.17,30.11,1626100,30.86,31.1,29.17,30.11,1626100,2020-09-26T01:46:25Z
VRTX,2009-01-16,30.75,31.36,30.07,31,2045600,30.75,31.36,30.07,31,2045600,2020-09-26T01:46:25Z
VRTX,2009-01-20,29.48,31.99,29.38,30.84,2449500,29.48,31.99,29.38,30.84,2449500,2020-09-26T01:46:25Z
VRTX,2009-01-21,31.53,31.6,29.78,29.91,2656500,31.53,31.6,29.78,29.91,2656500,2020-09-26T01:46:25Z
VRTX,2009-01-22,30.98,31.75,30.5,30.76,1387600,30.98,31.75,30.5,30.76,1387600,2020-09-26T01:46:25Z
VRTX,2009-01-23,30.94,31.7,30.27,30.45,1106200,30.94,31.7,30.27,30.45,1106200,2020-09-26T01:46:25Z
VRTX,2009-01-26,31.43,32.13,31.01,31.01,1427800,31.43,32.13,31.01,31.01,1427800,2020-09-26T01:46:25Z
VRTX,2009-01-27,31.64,31.89,31.03,31.56,1800600,31.64,31.89,31.03,31.56,1800600,2020-09-26T01:46:25Z
VRTX,2009-01-28,32.54,32.99,31.44,31.59,1371600,32.54,32.99,31.44,31.59,1371600,2020-09-26T01:46:25Z
VRTX,2009-01-29,33.72,33.98,32.19,32.3,2793700,33.72,33.98,32.19,32.3,2793700,2020-09-26T01:46:25Z
VRTX,2009-01-30,33.05,33.84,32.98,33.67,1948400,33.05,33.84,32.98,33.67,1948400,2020-09-26T01:46:25Z
VRTX,2009-02-02,32.75,32.98,32.29,32.85,2389200,32.75,32.98,32.29,32.85,2389200,2020-09-26T01:46:25Z
VRTX,2009-02-03,33.2,33.24,31.99,32.79,1845400,33.2,33.24,31.99,32.79,1845400,2020-09-26T01:46:25Z
VRTX,2009-02-04,33.39,34.17,32.89,32.89,1432300,33.39,34.17,32.89,32.89,1432300,2020-09-26T01:46:25Z
VRTX,2009-02-05,33.96,34.2,32.91,33.1,1490300,33.96,34.2,32.91,33.1,1490300,2020-09-26T01:46:25Z
VRTX,2009-02-06,35,35.97,34.59,35.01,2794700,35,35.97,34.59,35.01,2794700,2020-09-26T01:46:25Z
VRTX,2009-02-09,33.53,34.8,32.94,34.67,2141800,33.53,34.8,32.94,34.67,2141800,2020-09-26T01:46:25Z
VRTX,2009-02-10,31.49,33.2,30.66,33.2,3578500,31.49,33.2,30.66,33.2,3578500,2020-09-26T01:46:25Z
VRTX,2009-02-11,31.88,32.26,31.27,31.62,1454500,31.88,32.26,31.27,31.62,1454500,2020-09-26T01:46:25Z
VRTX,2009-02-12,33.29,33.29,31.46,31.56,1720500,33.29,33.29,31.46,31.56,1720500,2020-09-26T01:46:25Z
VRTX,2009-02-13,33.29,33.7,32.73,33.3,1314400,33.29,33.7,32.73,33.3,1314400,2020-09-26T01:46:25Z
VRTX,2009-02-17,33.1,33.49,32.36,32.52,1746700,33.1,33.49,32.36,32.52,1746700,2020-09-26T01:46:25Z
VRTX,2009-02-18,32.56,33.35,32.1,33.27,1358000,32.56,33.35,32.1,33.27,1358000,2020-09-26T01:46:25Z
VRTX,2009-02-19,33.7,34.34,33,33.1,4705500,33.7,34.34,33,33.1,4705500,2020-09-26T01:46:25Z
VRTX,2009-02-20,33.06,33.8,32.88,33.34,2636400,33.06,33.8,32.88,33.34,2636400,2020-09-26T01:46:25Z
VRTX,2009-02-23,32.89,33.5,32.82,33.16,2271300,32.89,33.5,32.82,33.16,2271300,2020-09-26T01:46:25Z
VRTX,2009-02-24,33.58,33.68,32.81,33.18,2330800,33.58,33.68,32.81,33.18,2330800,2020-09-26T01:46:25Z
VRTX,2009-02-25,33.06,34.25,32.76,33.43,2433800,33.06,34.25,32.76,33.43,2433800,2020-09-26T01:46:25Z
VRTX,2009-02-26,33,33.46,32.18,33.13,3801900,33,33.46,32.18,33.13,3801900,2020-09-26T01:46:25Z
VRTX,2009-02-27,30.14,32.72,29.56,32.46,5051100,30.14,32.72,29.56,32.46,5051100,2020-09-26T01:46:25Z
VRTX,2009-03-02,27.23,29.16,26.67,28.86,3768100,27.23,29.16,26.67,28.86,3768100,2020-09-26T01:46:25Z
VRTX,2009-03-03,27.96,28.48,27.23,27.23,3206200,27.96,28.48,27.23,27.23,3206200,2020-09-26T01:46:25Z
VRTX,2009-03-04,28.03,29.39,27.44,29.14,3649600,28.03,29.39,27.44,29.14,3649600,2020-09-26T01:46:25Z
VRTX,2009-03-05,27.96,28.69,27.48,28.17,2737600,27.96,28.69,27.48,28.17,2737600,2020-09-26T01:46:25Z
VRTX,2009-03-06,27.77,28.59,27.56,28.04,2977800,27.77,28.59,27.56,28.04,2977800,2020-09-26T01:46:25Z
VRTX,2009-03-09,26.96,28.25,26.89,27.55,1942700,26.96,28.25,26.89,27.55,1942700,2020-09-26T01:46:25Z
VRTX,2009-03-10,28.44,28.75,27.12,27.45,2562600,28.44,28.75,27.12,27.45,2562600,2020-09-26T01:46:25Z
VRTX,2009-03-11,27.15,29.02,27.05,28.57,2262800,27.15,29.02,27.05,28.57,2262800,2020-09-26T01:46:25Z
VRTX,2009-03-12,29.26,29.53,27,27.07,2003900,29.26,29.53,27,27.07,2003900,2020-09-26T01:46:25Z
VRTX,2009-03-13,29.1,29.6,28.46,29.26,1730800,29.1,29.6,28.46,29.26,1730800,2020-09-26T01:46:25Z
VRTX,2009-03-16,27.46,29.65,27.34,28.5,3328900,27.46,29.65,27.34,28.5,3328900,2020-09-26T01:46:25Z
VRTX,2009-03-17,28.76,28.9,27.42,27.64,2790700,28.76,28.9,27.42,27.64,2790700,2020-09-26T01:46:25Z
VRTX,2009-03-18,29.5,29.8,28.35,28.9,4144700,29.5,29.8,28.35,28.9,4144700,2020-09-26T01:46:25Z
VRTX,2009-03-19,29.33,30,28.75,29.75,2208200,29.33,30,28.75,29.75,2208200,2020-09-26T01:46:25Z
VRTX,2009-03-20,28.79,30.14,28.69,29.32,3884300,28.79,30.14,28.69,29.32,3884300,2020-09-26T01:46:25Z
VRTX,2009-03-23,30.12,30.29,29.04,29.48,1765600,30.12,30.29,29.04,29.48,1765600,2020-09-26T01:46:25Z
VRTX,2009-03-24,29.32,30.22,29.23,29.56,1280800,29.32,30.22,29.23,29.56,1280800,2020-09-26T01:46:25Z
VRTX,2009-03-25,29.17,30.02,28.37,29.54,1509800,29.17,30.02,28.37,29.54,1509800,2020-09-26T01:46:25Z
VRTX,2009-03-26,30.18,30.19,29.11,29.68,2808300,30.18,30.19,29.11,29.68,2808300,2020-09-26T01:46:25Z
VRTX,2009-03-27,29.43,30,29.39,29.65,1558100,29.43,30,29.39,29.65,1558100,2020-09-26T01:46:25Z
VRTX,2009-03-30,28.67,29.41,28.22,29.02,2371600,28.67,29.41,28.22,29.02,2371600,2020-09-26T01:46:25Z
VRTX,2009-03-31,28.73,29.33,28.36,28.89,1918300,28.73,29.33,28.36,28.89,1918300,2020-09-26T01:46:25Z
VRTX,2009-04-01,28.48,28.52,27.81,28.46,1787500,28.48,28.52,27.81,28.46,1787500,2020-09-26T01:46:25Z
VRTX,2009-04-02,28.34,28.83,28.17,28.49,1905000,28.34,28.83,28.17,28.49,1905000,2020-09-26T01:46:25Z
VRTX,2009-04-03,27.33,28.75,26.91,28.75,1968400,27.33,28.75,26.91,28.75,1968400,2020-09-26T01:46:25Z
VRTX,2009-04-06,27.05,27.24,26.42,26.92,2014400,27.05,27.24,26.42,26.92,2014400,2020-09-26T01:46:25Z
VRTX,2009-04-07,26.23,26.81,26.03,26.77,1428100,26.23,26.81,26.03,26.77,1428100,2020-09-26T01:46:25Z
VRTX,2009-04-08,26.56,26.75,26.14,26.69,1758000,26.56,26.75,26.14,26.69,1758000,2020-09-26T01:46:25Z
VRTX,2009-04-09,26.87,27.17,26.43,26.9,1718000,26.87,27.17,26.43,26.9,1718000,2020-09-26T01:46:25Z
VRTX,2009-04-13,27.31,27.36,26.42,26.5,1579900,27.31,27.36,26.42,26.5,1579900,2020-09-26T01:46:25Z
VRTX,2009-04-14,27.45,28.92,27.02,27.31,3738700,27.45,28.92,27.02,27.31,3738700,2020-09-26T01:46:25Z
VRTX,2009-04-15,27.06,27.43,26.56,27.19,2081900,27.06,27.43,26.56,27.19,2081900,2020-09-26T01:46:25Z
VRTX,2009-04-16,27.83,28.37,27.11,27.37,2329000,27.83,28.37,27.11,27.37,2329000,2020-09-26T01:46:25Z
VRTX,2009-04-17,28.03,28.43,27.27,27.93,2336200,28.03,28.43,27.27,27.93,2336200,2020-09-26T01:46:25Z
VRTX,2009-04-20,27.61,28.22,27.43,27.43,2309000,27.61,28.22,27.43,27.43,2309000,2020-09-26T01:46:25Z
VRTX,2009-04-21,27.02,27.98,26.41,27.65,2047900,27.02,27.98,26.41,27.65,2047900,2020-09-26T01:46:25Z
VRTX,2009-04-22,26.83,27.65,26.51,26.61,1996700,26.83,27.65,26.51,26.61,1996700,2020-09-26T01:46:25Z
VRTX,2009-04-23,26.62,26.73,25.94,26,2331900,26.62,26.73,25.94,26,2331900,2020-09-26T01:46:25Z
VRTX,2009-04-24,27.04,27.3,26.38,26.92,2375300,27.04,27.3,26.38,26.92,2375300,2020-09-26T01:46:25Z
VRTX,2009-04-27,29.02,29.39,27.3,27.3,3719700,29.02,29.39,27.3,27.3,3719700,2020-09-26T01:46:25Z
VRTX,2009-04-28,31.88,32.2,28.58,28.85,6068200,31.88,32.2,28.58,28.85,6068200,2020-09-26T01:46:25Z
VRTX,2009-04-29,32.1,32.35,31.26,32.26,2575200,32.1,32.35,31.26,32.26,2575200,2020-09-26T01:46:25Z
VRTX,2009-04-30,30.82,32.8,30.45,32.46,3179300,30.82,32.8,30.45,32.46,3179300,2020-09-26T01:46:25Z
VRTX,2009-05-01,30.26,30.86,29.85,30.83,1689600,30.26,30.86,29.85,30.83,1689600,2020-09-26T01:46:25Z
VRTX,2009-05-04,30.51,31,29.78,30.5,1563500,30.51,31,29.78,30.5,1563500,2020-09-26T01:46:25Z
VRTX,2009-05-05,30.2,30.6,29.63,30.6,1431000,30.2,30.6,29.63,30.6,1431000,2020-09-26T01:46:25Z
VRTX,2009-05-06,28.79,30.32,28.67,30.22,2025200,28.79,30.32,28.67,30.22,2025200,2020-09-26T01:46:25Z
VRTX,2009-05-07,29.09,29.26,28.57,28.71,2064500,29.09,29.26,28.57,28.71,2064500,2020-09-26T01:46:25Z
VRTX,2009-05-08,30.45,30.65,28.89,28.89,2303900,30.45,30.65,28.89,28.89,2303900,2020-09-26T01:46:25Z
VRTX,2009-05-11,30.68,30.95,29.63,30.02,2069000,30.68,30.95,29.63,30.02,2069000,2020-09-26T01:46:25Z
VRTX,2009-05-12,29.93,31.05,29.71,31,1398100,29.93,31.05,29.71,31,1398100,2020-09-26T01:46:25Z
VRTX,2009-05-13,28.98,30.12,28.73,29.74,1600700,28.98,30.12,28.73,29.74,1600700,2020-09-26T01:46:25Z
VRTX,2009-05-14,28.96,29.8,28.55,29.09,1875800,28.96,29.8,28.55,29.09,1875800,2020-09-26T01:46:25Z
VRTX,2009-05-15,28.54,28.96,28.12,28.73,1203400,28.54,28.96,28.12,28.73,1203400,2020-09-26T01:46:25Z
VRTX,2009-05-18,29.1,29.14,28.07,28.6,1518600,29.1,29.14,28.07,28.6,1518600,2020-09-26T01:46:25Z
VRTX,2009-05-19,29.34,29.47,28.7,29,1227600,29.34,29.47,28.7,29,1227600,2020-09-26T01:46:25Z
VRTX,2009-05-20,29.47,29.55,29.03,29.25,2285100,29.47,29.55,29.03,29.25,2285100,2020-09-26T01:46:25Z
VRTX,2009-05-21,28.85,29.44,28.56,29.36,1912400,28.85,29.44,28.56,29.36,1912400,2020-09-26T01:46:25Z
VRTX,2009-05-22,29.05,29.14,28.61,28.87,1156000,29.05,29.14,28.61,28.87,1156000,2020-09-26T01:46:25Z
VRTX,2009-05-26,29.62,29.81,28.15,28.51,1514200,29.62,29.81,28.15,28.51,1514200,2020-09-26T01:46:25Z
VRTX,2009-05-27,29.16,29.93,29.05,29.59,2532500,29.16,29.93,29.05,29.59,2532500,2020-09-26T01:46:25Z
VRTX,2009-05-28,28.78,29.35,28.57,29.21,1150000,28.78,29.35,28.57,29.21,1150000,2020-09-26T01:46:25Z
VRTX,2009-05-29,29.77,29.82,28.18,28.81,2457800,29.77,29.82,28.18,28.81,2457800,2020-09-26T01:46:25Z
VRTX,2009-06-01,30.04,30.2,29.59,29.87,1713300,30.04,30.2,29.59,29.87,1713300,2020-09-26T01:46:25Z
VRTX,2009-06-02,30.83,31,29.03,29.14,1947800,30.83,31,29.03,29.14,1947800,2020-09-26T01:46:25Z
VRTX,2009-06-03,31.52,31.64,30.41,30.7,1801200,31.52,31.64,30.41,30.7,1801200,2020-09-26T01:46:25Z
VRTX,2009-06-04,30.4,31.78,30.29,31.68,1608000,30.4,31.78,30.29,31.68,1608000,2020-09-26T01:46:25Z
VRTX,2009-06-05,30.78,30.85,30.15,30.64,1098100,30.78,30.85,30.15,30.64,1098100,2020-09-26T01:46:25Z
VRTX,2009-06-08,30.8,31.06,30.18,30.45,1427200,30.8,31.06,30.18,30.45,1427200,2020-09-26T01:46:25Z
VRTX,2009-06-09,30.55,31.05,30.37,31.01,1033000,30.55,31.05,30.37,31.01,1033000,2020-09-26T01:46:25Z
VRTX,2009-06-10,30.13,30.85,29.84,30.63,1633700,30.13,30.85,29.84,30.63,1633700,2020-09-26T01:46:25Z
VRTX,2009-06-11,30.92,31.08,30.14,30.14,1592800,30.92,31.08,30.14,30.14,1592800,2020-09-26T01:46:25Z
VRTX,2009-06-12,31.53,31.65,30.66,30.74,1424300,31.53,31.65,30.66,30.74,1424300,2020-09-26T01:46:25Z
VRTX,2009-06-15,30.95,31.4,30.69,31.4,1337200,30.95,31.4,30.69,31.4,1337200,2020-09-26T01:46:25Z
VRTX,2009-06-16,30.71,31.54,30.5,31.38,865800,30.71,31.54,30.5,31.38,865800,2020-09-26T01:46:25Z
VRTX,2009-06-17,31.87,32.3,30.68,30.68,1720700,31.87,32.3,30.68,30.68,1720700,2020-09-26T01:46:25Z
VRTX,2009-06-18,32.77,32.8,31.46,31.74,1589600,32.77,32.8,31.46,31.74,1589600,2020-09-26T01:46:25Z
VRTX,2009-06-19,33.36,33.64,32.96,33.14,2163000,33.36,33.64,32.96,33.14,2163000,2020-09-26T01:46:25Z
VRTX,2009-06-22,33.11,33.27,32.46,33,1729700,33.11,33.27,32.46,33,1729700,2020-09-26T01:46:25Z
VRTX,2009-06-23,33.78,34.02,32.78,33.31,2652600,33.78,34.02,32.78,33.31,2652600,2020-09-26T01:46:25Z
VRTX,2009-06-24,34.01,34.3,33.13,33.7,1616100,34.01,34.3,33.13,33.7,1616100,2020-09-26T01:46:25Z
VRTX,2009-06-25,34.96,35,33.31,33.66,1784900,34.96,35,33.31,33.66,1784900,2020-09-26T01:46:25Z
VRTX,2009-06-26,36.04,36.2,34.85,35.14,3810500,36.04,36.2,34.85,35.14,3810500,2020-09-26T01:46:25Z
VRTX,2009-06-29,36,36.3,35.11,35.89,2382800,36,36.3,35.11,35.89,2382800,2020-09-26T01:46:25Z
VRTX,2009-06-30,35.97,36.19,35.27,36,1809800,35.97,36.19,35.27,36,1809800,2020-09-26T01:46:25Z
VRTX,2009-07-01,34.56,35.93,34.42,35.61,1812800,34.56,35.93,34.42,35.61,1812800,2020-09-26T01:46:25Z
VRTX,2009-07-02,33.95,34.27,33.77,34.13,1461500,33.95,34.27,33.77,34.13,1461500,2020-09-26T01:46:25Z
VRTX,2009-07-06,33.92,34.49,33.61,33.71,1286900,33.92,34.49,33.61,33.71,1286900,2020-09-26T01:46:25Z
VRTX,2009-07-07,33.07,34.28,33.04,33.9,1379300,33.07,34.28,33.04,33.9,1379300,2020-09-26T01:46:25Z
VRTX,2009-07-08,33.67,34.03,33.29,33.4,1631900,33.67,34.03,33.29,33.4,1631900,2020-09-26T01:46:25Z
VRTX,2009-07-09,33.39,34.07,33.23,33.34,1044500,33.39,34.07,33.23,33.34,1044500,2020-09-26T01:46:25Z
VRTX,2009-07-10,32.89,33.56,32.39,33.14,1050800,32.89,33.56,32.39,33.14,1050800,2020-09-26T01:46:25Z
VRTX,2009-07-13,32.99,33.13,31.85,32.85,1127000,32.99,33.13,31.85,32.85,1127000,2020-09-26T01:46:25Z
VRTX,2009-07-14,32.4,33.08,32.34,32.89,1396100,32.4,33.08,32.34,32.89,1396100,2020-09-26T01:46:25Z
VRTX,2009-07-15,32.98,33.16,32.42,32.5,1594900,32.98,33.16,32.42,32.5,1594900,2020-09-26T01:46:25Z
VRTX,2009-07-16,33.23,33.73,32.83,32.89,1455200,33.23,33.73,32.83,32.89,1455200,2020-09-26T01:46:25Z
VRTX,2009-07-17,33.53,33.86,32.58,33.41,886100,33.53,33.86,32.58,33.41,886100,2020-09-26T01:46:25Z
VRTX,2009-07-20,33.46,33.93,32.95,33.33,1145100,33.46,33.93,32.95,33.33,1145100,2020-09-26T01:46:25Z
VRTX,2009-07-21,34.03,34.06,33.05,33.71,1286900,34.03,34.06,33.05,33.71,1286900,2020-09-26T01:46:25Z
VRTX,2009-07-22,34.05,34.5,33.58,33.96,1117400,34.05,34.5,33.58,33.96,1117400,2020-09-26T01:46:25Z
VRTX,2009-07-23,35.49,35.94,33.43,33.77,1688800,35.49,35.94,33.43,33.77,1688800,2020-09-26T01:46:25Z
VRTX,2009-07-24,35.97,35.98,35.01,35.19,915600,35.97,35.98,35.01,35.19,915600,2020-09-26T01:46:25Z
VRTX,2009-07-27,35.93,36,35.45,35.57,743700,35.93,36,35.45,35.57,743700,2020-09-26T01:46:25Z
VRTX,2009-07-28,36.09,36.12,35.47,35.85,981600,36.09,36.12,35.47,35.85,981600,2020-09-26T01:46:25Z
VRTX,2009-07-29,36.23,36.98,35.93,36.01,1184500,36.23,36.98,35.93,36.01,1184500,2020-09-26T01:46:25Z
VRTX,2009-07-30,36.09,36.74,35.89,36.59,1257900,36.09,36.74,35.89,36.59,1257900,2020-09-26T01:46:25Z
VRTX,2009-07-31,36.01,36.67,35.69,36.17,929500,36.01,36.67,35.69,36.17,929500,2020-09-26T01:46:25Z
VRTX,2009-08-03,36.48,36.5,35.81,36.26,1032500,36.48,36.5,35.81,36.26,1032500,2020-09-26T01:46:25Z
VRTX,2009-08-04,37.75,38.31,36.18,36.39,2752200,37.75,38.31,36.18,36.39,2752200,2020-09-26T01:46:25Z
VRTX,2009-08-05,36.95,37.98,36.76,37.8,2252600,36.95,37.98,36.76,37.8,2252600,2020-09-26T01:46:25Z
VRTX,2009-08-06,34.91,36.79,34.56,36.58,2712400,34.91,36.79,34.56,36.58,2712400,2020-09-26T01:46:25Z
VRTX,2009-08-07,34.84,35.9,34.61,35.23,1556100,34.84,35.9,34.61,35.23,1556100,2020-09-26T01:46:25Z
VRTX,2009-08-10,34.52,34.89,34.33,34.58,1343300,34.52,34.89,34.33,34.58,1343300,2020-09-26T01:46:25Z
VRTX,2009-08-11,33.82,34.95,33.7,34.32,1326300,33.82,34.95,33.7,34.32,1326300,2020-09-26T01:46:25Z
VRTX,2009-08-12,33.99,34.59,33.61,33.78,1272900,33.99,34.59,33.61,33.78,1272900,2020-09-26T01:46:25Z
VRTX,2009-08-13,34.5,34.78,33.91,34.11,1329400,34.5,34.78,33.91,34.11,1329400,2020-09-26T01:46:25Z
VRTX,2009-08-14,34.32,34.87,33.83,34.33,983500,34.32,34.87,33.83,34.33,983500,2020-09-26T01:46:25Z
VRTX,2009-08-17,33.76,34,33.5,33.82,1370400,33.76,34,33.5,33.82,1370400,2020-09-26T01:46:25Z
VRTX,2009-08-18,34.56,34.6,33.19,33.82,1527500,34.56,34.6,33.19,33.82,1527500,2020-09-26T01:46:25Z
VRTX,2009-08-19,36.09,36.09,34.26,34.31,1893700,36.09,36.09,34.26,34.31,1893700,2020-09-26T01:46:25Z
VRTX,2009-08-20,36.32,36.34,35.77,36.12,913400,36.32,36.34,35.77,36.12,913400,2020-09-26T01:46:25Z
VRTX,2009-08-21,37.16,37.29,36.07,36.46,1630200,37.16,37.29,36.07,36.46,1630200,2020-09-26T01:46:25Z
VRTX,2009-08-24,36.81,37.15,36.4,37.15,917500,36.81,37.15,36.4,37.15,917500,2020-09-26T01:46:25Z
VRTX,2009-08-25,36.74,37.02,36.47,36.73,1248200,36.74,37.02,36.47,36.73,1248200,2020-09-26T01:46:25Z
VRTX,2009-08-26,36.76,37.05,36.32,36.32,1057300,36.76,37.05,36.32,36.32,1057300,2020-09-26T01:46:25Z
VRTX,2009-08-27,37.37,37.4,36.15,36.87,1470300,37.37,37.4,36.15,36.87,1470300,2020-09-26T01:46:25Z
VRTX,2009-08-28,37.34,37.64,36.82,37.4,802100,37.34,37.64,36.82,37.4,802100,2020-09-26T01:46:25Z
VRTX,2009-08-31,37.41,37.45,36.48,36.94,1717400,37.41,37.45,36.48,36.94,1717400,2020-09-26T01:46:25Z
VRTX,2009-09-01,36.87,38.25,36.57,37.17,1531800,36.87,38.25,36.57,37.17,1531800,2020-09-26T01:46:25Z
VRTX,2009-09-02,35.85,37,35.79,36.86,1412400,35.85,37,35.79,36.86,1412400,2020-09-26T01:46:25Z
VRTX,2009-09-03,35.95,36.07,35.33,36.07,1151800,35.95,36.07,35.33,36.07,1151800,2020-09-26T01:46:25Z
VRTX,2009-09-04,36.32,36.58,35.66,36.08,986300,36.32,36.58,35.66,36.08,986300,2020-09-26T01:46:25Z
VRTX,2009-09-08,36.71,36.81,35.87,36.31,933900,36.71,36.81,35.87,36.31,933900,2020-09-26T01:46:25Z
VRTX,2009-09-09,36.92,37.31,36.54,36.69,1414600,36.92,37.31,36.54,36.69,1414600,2020-09-26T01:46:25Z
VRTX,2009-09-10,36.04,37.07,35.81,36.9,2100200,36.04,37.07,35.81,36.9,2100200,2020-09-26T01:46:25Z
VRTX,2009-09-11,35.92,36.45,35.62,36.05,1518400,35.92,36.45,35.62,36.05,1518400,2020-09-26T01:46:25Z
VRTX,2009-09-14,36.9,36.91,35.75,35.76,900200,36.9,36.91,35.75,35.76,900200,2020-09-26T01:46:25Z
VRTX,2009-09-15,36.98,37.08,36.28,36.76,1014700,36.98,37.08,36.28,36.76,1014700,2020-09-26T01:46:25Z
VRTX,2009-09-16,37.2,37.21,36.44,36.91,1694700,37.2,37.21,36.44,36.91,1694700,2020-09-26T01:46:25Z
VRTX,2009-09-17,37.95,38.5,37.14,37.25,1842200,37.95,38.5,37.14,37.25,1842200,2020-09-26T01:46:25Z
VRTX,2009-09-18,37.55,38.19,37.25,37.89,2454400,37.55,38.19,37.25,37.89,2454400,2020-09-26T01:46:25Z
VRTX,2009-09-21,38.11,38.21,37.27,37.45,1161400,38.11,38.21,37.27,37.45,1161400,2020-09-26T01:46:25Z
VRTX,2009-09-22,36.98,38.17,36.83,38.17,1401600,36.98,38.17,36.83,38.17,1401600,2020-09-26T01:46:25Z
VRTX,2009-09-23,36.5,37.24,36.32,37.24,1087400,36.5,37.24,36.32,37.24,1087400,2020-09-26T01:46:25Z
VRTX,2009-09-24,36.03,36.65,35.51,36.56,992100,36.03,36.65,35.51,36.56,992100,2020-09-26T01:46:25Z
VRTX,2009-09-25,36.39,36.87,35.97,36.13,947900,36.39,36.87,35.97,36.13,947900,2020-09-26T01:46:25Z
VRTX,2009-09-28,37.69,37.77,36.4,36.65,1109300,37.69,37.77,36.4,36.65,1109300,2020-09-26T01:46:25Z
VRTX,2009-09-29,37.79,38,37.2,37.68,1704800,37.79,38,37.2,37.68,1704800,2020-09-26T01:46:25Z
VRTX,2009-09-30,37.9,38.15,37,37.71,1217700,37.9,38.15,37,37.71,1217700,2020-09-26T01:46:25Z
VRTX,2009-10-01,34.21,37.06,34.21,36.88,4802000,34.21,37.06,34.21,36.88,4802000,2020-09-26T01:46:25Z
VRTX,2009-10-02,34.99,35.61,34.36,34.58,2947400,34.99,35.61,34.36,34.58,2947400,2020-09-26T01:46:25Z
VRTX,2009-10-05,33.78,35.37,33.78,35.02,3185800,33.78,35.37,33.78,35.02,3185800,2020-09-26T01:46:25Z
VRTX,2009-10-06,33.75,34.6,33.19,34,1943300,33.75,34.6,33.19,34,1943300,2020-09-26T01:46:25Z
VRTX,2009-10-07,33.75,34.14,33.47,33.75,1934400,33.75,34.14,33.47,33.75,1934400,2020-09-26T01:46:25Z
VRTX,2009-10-08,33.16,34.14,33,34.14,2517000,33.16,34.14,33,34.14,2517000,2020-09-26T01:46:25Z
VRTX,2009-10-09,33.75,33.84,32.87,33.14,2282200,33.75,33.84,32.87,33.14,2282200,2020-09-26T01:46:25Z
VRTX,2009-10-12,33.46,34.15,33.32,34,1282200,33.46,34.15,33.32,34,1282200,2020-09-26T01:46:25Z
VRTX,2009-10-13,33.62,33.87,33.4,33.51,1347200,33.62,33.87,33.4,33.51,1347200,2020-09-26T01:46:25Z
VRTX,2009-10-14,34.32,34.58,33.65,33.84,2187800,34.32,34.58,33.65,33.84,2187800,2020-09-26T01:46:25Z
VRTX,2009-10-15,35.26,35.49,34.08,34.17,2531900,35.26,35.49,34.08,34.17,2531900,2020-09-26T01:46:25Z
VRTX,2009-10-16,34.85,35.45,34.74,35.25,2254000,34.85,35.45,34.74,35.25,2254000,2020-09-26T01:46:25Z
VRTX,2009-10-19,34.83,35.02,34.1,34.85,1509800,34.83,35.02,34.1,34.85,1509800,2020-09-26T01:46:25Z
VRTX,2009-10-20,33.23,34.58,32.99,34.46,2524300,33.23,34.58,32.99,34.46,2524300,2020-09-26T01:46:25Z
VRTX,2009-10-21,32.9,33.49,32.88,33.02,2336800,32.9,33.49,32.88,33.02,2336800,2020-09-26T01:46:25Z
VRTX,2009-10-22,32.91,33.19,32.82,32.9,1981200,32.91,33.19,32.82,32.9,1981200,2020-09-26T01:46:25Z
VRTX,2009-10-23,32.5,32.91,32.33,32.74,2496500,32.5,32.91,32.33,32.74,2496500,2020-09-26T01:46:25Z
VRTX,2009-10-26,32.11,32.67,31.83,32.45,2589800,32.11,32.67,31.83,32.45,2589800,2020-09-26T01:46:25Z
VRTX,2009-10-27,33.37,33.7,31.93,32.19,3858400,33.37,33.7,31.93,32.19,3858400,2020-09-26T01:46:25Z
VRTX,2009-10-28,33.1,34.66,33.09,33.6,3756100,33.1,34.66,33.09,33.6,3756100,2020-09-26T01:46:25Z
VRTX,2009-10-29,33.85,34.08,33.24,33.4,2822300,33.85,34.08,33.24,33.4,2822300,2020-09-26T01:46:25Z
VRTX,2009-10-30,33.56,34.8,33.55,33.73,3917700,33.56,34.8,33.55,33.73,3917700,2020-09-26T01:46:25Z
VRTX,2009-11-02,36.15,38.68,36.01,37.13,9237400,36.15,38.68,36.01,37.13,9237400,2020-09-26T01:46:25Z
VRTX,2009-11-03,36.91,37.25,36.04,36.12,3043600,36.91,37.25,36.04,36.12,3043600,2020-09-26T01:46:25Z
VRTX,2009-11-04,36.89,38.17,36.82,37.78,2969100,36.89,38.17,36.82,37.78,2969100,2020-09-26T01:46:25Z
VRTX,2009-11-05,38.74,38.75,36.92,36.94,3798900,38.74,38.75,36.92,36.94,3798900,2020-09-26T01:46:25Z
VRTX,2009-11-06,39.22,39.5,38.09,38.6,3076900,39.22,39.5,38.09,38.6,3076900,2020-09-26T01:46:25Z
VRTX,2009-11-09,39.99,40,39.07,39.22,2685700,39.99,40,39.07,39.22,2685700,2020-09-26T01:46:25Z
VRTX,2009-11-10,40.69,41.13,39.5,39.56,3308100,40.69,41.13,39.5,39.56,3308100,2020-09-26T01:46:25Z
VRTX,2009-11-11,41.1,41.75,40.65,40.65,4134200,41.1,41.75,40.65,40.65,4134200,2020-09-26T01:46:25Z
VRTX,2009-11-12,40.84,41.3,40.07,41.18,2074800,40.84,41.3,40.07,41.18,2074800,2020-09-26T01:46:25Z
VRTX,2009-11-13,40.58,41.05,40.45,40.79,1982000,40.58,41.05,40.45,40.79,1982000,2020-09-26T01:46:25Z
VRTX,2009-11-16,40.5,41,40.41,40.52,2563400,40.5,41,40.41,40.52,2563400,2020-09-26T01:46:25Z
VRTX,2009-11-17,40.54,40.6,39.71,40.05,2227300,40.54,40.6,39.71,40.05,2227300,2020-09-26T01:46:25Z
VRTX,2009-11-18,39.51,40.54,39.26,40.5,1773400,39.51,40.54,39.26,40.5,1773400,2020-09-26T01:46:25Z
VRTX,2009-11-19,38.92,39.77,38.71,39.55,2345400,38.92,39.77,38.71,39.55,2345400,2020-09-26T01:46:25Z
VRTX,2009-11-20,38.54,39.15,38.54,38.7,1590700,38.54,39.15,38.54,38.7,1590700,2020-09-26T01:46:25Z
VRTX,2009-11-23,39.36,39.73,38.66,38.96,1437100,39.36,39.73,38.66,38.96,1437100,2020-09-26T01:46:25Z
VRTX,2009-11-24,39.06,39.42,38.49,39.17,1251400,39.06,39.42,38.49,39.17,1251400,2020-09-26T01:46:25Z
VRTX,2009-11-25,39.38,39.68,39.11,39.13,906400,39.38,39.68,39.11,39.13,906400,2020-09-26T01:46:25Z
VRTX,2009-11-27,39,39.38,38.42,38.55,544900,39,39.38,38.42,38.55,544900,2020-09-26T01:46:25Z
VRTX,2009-11-30,38.82,39.12,38.42,39,1597300,38.82,39.12,38.42,39,1597300,2020-09-26T01:46:25Z
VRTX,2009-12-01,39.86,40.2,38.82,39.06,1781800,39.86,40.2,38.82,39.06,1781800,2020-09-26T01:46:25Z
VRTX,2009-12-02,39.49,40.05,39.34,39.7,1404300,39.49,40.05,39.34,39.7,1404300,2020-09-26T01:46:25Z
VRTX,2009-12-03,40.22,40.39,38.97,39.98,7633100,40.22,40.39,38.97,39.98,7633100,2020-09-26T01:46:25Z
VRTX,2009-12-04,39.63,40.44,39.16,40.23,2292600,39.63,40.44,39.16,40.23,2292600,2020-09-26T01:46:25Z
VRTX,2009-12-07,39.19,39.8,38.89,39.7,1299700,39.19,39.8,38.89,39.7,1299700,2020-09-26T01:46:25Z
VRTX,2009-12-08,39.82,39.85,38.67,39,1725100,39.82,39.85,38.67,39,1725100,2020-09-26T01:46:25Z
VRTX,2009-12-09,40.18,40.28,39.13,39.64,1868000,40.18,40.28,39.13,39.64,1868000,2020-09-26T01:46:25Z
VRTX,2009-12-10,40.29,40.62,39.8,40.16,1453900,40.29,40.62,39.8,40.16,1453900,2020-09-26T01:46:25Z
VRTX,2009-12-11,39.9,40.59,39.4,40.39,1350000,39.9,40.59,39.4,40.39,1350000,2020-09-26T01:46:25Z
VRTX,2009-12-14,40.6,40.64,39.72,39.76,1432200,40.6,40.64,39.72,39.76,1432200,2020-09-26T01:46:25Z
VRTX,2009-12-15,41.56,41.57,40.22,40.37,3132900,41.56,41.57,40.22,40.37,3132900,2020-09-26T01:46:25Z
VRTX,2009-12-16,42.51,42.52,41.31,41.62,2827100,42.51,42.52,41.31,41.62,2827100,2020-09-26T01:46:25Z
VRTX,2009-12-17,41.13,42.61,41.13,42.27,2574200,41.13,42.61,41.13,42.27,2574200,2020-09-26T01:46:25Z
