ticker,tradeDate,clsPx,hiPx,loPx,open,stockVolume,unadjClsPx,unadjHiPx,unadjLoPx,unadjOpen,unadjStockVolume,updatedAt
WFC,2006-01-03,18.38,18.42,17.97,18.21,19120803,63.8,63.95,62.39,63.2,5508200,2026-02-10T03:46:09Z
WFC,2006-01-04,18.17,18.33,18.07,18.32,18866971,63.06,63.64,62.73,63.6,5435100,2026-02-10T03:46:09Z
WFC,2006-01-05,18.15,18.18,18.04,18.15,17630868,62.99,63.11,62.62,63,5079000,2026-02-10T03:46:09Z
WFC,2006-01-06,18.25,18.31,18.08,18.2,14586158,63.36,63.55,62.77,63.16,4201900,2026-02-10T03:46:09Z
WFC,2006-01-09,18.25,18.34,18.18,18.25,9753737,63.35,63.65,63.11,63.35,2809800,2026-02-10T03:46:09Z
WFC,2006-01-10,18.24,18.25,18.12,18.18,12423533,63.3,63.37,62.89,63.1,3578900,2026-02-10T03:46:09Z
WFC,2006-01-11,18.33,18.38,18.19,18.23,13971371,63.63,63.79,63.15,63.3,4024800,2026-02-10T03:46:09Z
WFC,2006-01-12,18.12,18.32,18.11,18.27,18681978,62.89,63.58,62.86,63.41,5381800,2026-02-10T03:46:09Z
WFC,2006-01-13,18.22,18.32,18.15,18.18,11048538,63.25,63.59,63.02,63.1,3182800,2026-02-10T03:46:09Z
WFC,2006-01-17,18.03,18.19,17.98,18.13,18554883,62.6,63.15,62.4,62.92,5345200,2026-02-10T03:46:09Z
WFC,2006-01-18,18.32,18.35,18.03,18.04,18741717,63.6,63.69,62.6,62.61,5399000,2026-02-10T03:46:09Z
WFC,2006-01-19,18.04,18.33,18.02,18.32,15123555,62.61,63.64,62.54,63.61,4356700,2026-02-10T03:46:09Z
WFC,2006-01-20,17.72,18.04,17.72,18.04,31546321,61.5,62.62,61.5,62.62,9087700,2026-02-10T03:46:09Z
WFC,2006-01-23,17.75,17.84,17.72,17.72,12231883,61.61,61.94,61.5,61.51,3523700,2026-02-10T03:46:09Z
WFC,2006-01-24,17.74,17.85,17.66,17.76,14287977,61.59,61.95,61.32,61.65,4116000,2026-02-10T03:46:09Z
WFC,2006-01-25,17.86,17.9,17.7,17.77,14893385,62,62.13,61.46,61.67,4290400,2026-02-10T03:46:09Z
WFC,2006-01-26,18.02,18.15,17.97,18,14923240,62.57,63,62.37,62.48,4299000,2026-02-10T03:46:09Z
WFC,2006-01-27,18.06,18.21,17.88,18.02,13260437,62.7,63.2,62.07,62.57,3820000,2026-02-10T03:46:09Z
WFC,2006-01-30,18,18.07,17.95,18.06,9991172,62.47,62.73,62.3,62.7,2878200,2026-02-10T03:46:09Z
WFC,2006-01-31,17.96,18.03,17.92,17.93,20417317,62.36,62.59,62.21,62.25,5881700,2026-02-10T03:46:09Z
WFC,2006-02-01,17.96,18,17.87,17.98,14155767,61.84,61.97,61.5,61.9,4112200,2026-02-10T03:46:09Z
WFC,2006-02-02,17.81,17.95,17.78,17.91,16920278,61.3,61.79,61.2,61.65,4915300,2026-02-10T03:46:09Z
WFC,2006-02-03,17.73,17.85,17.61,17.68,12964705,61.04,61.44,60.62,60.85,3766200,2026-02-10T03:46:09Z
WFC,2006-02-06,17.73,17.78,17.62,17.68,12547491,61.05,61.2,60.67,60.85,3645000,2026-02-10T03:46:09Z
WFC,2006-02-07,17.76,17.82,17.69,17.72,13936446,61.13,61.36,60.9,61,4048500,2026-02-10T03:46:09Z
WFC,2006-02-08,17.82,17.85,17.66,17.72,10203192,61.33,61.45,60.79,61,2964000,2026-02-10T03:46:09Z
WFC,2006-02-09,17.79,17.9,17.72,17.78,12138872,61.23,61.63,61.01,61.21,3526300,2026-02-10T03:46:09Z
WFC,2006-02-10,17.93,17.99,17.76,17.8,11189775,61.73,61.94,61.14,61.27,3250600,2026-02-10T03:46:09Z
WFC,2006-02-13,17.91,17.94,17.78,17.88,9296847,61.65,61.75,61.2,61.55,2700700,2026-02-10T03:46:09Z
WFC,2006-02-14,18.2,18.35,17.95,17.98,14223238,62.65,63.17,61.78,61.9,4131800,2026-02-10T03:46:09Z
WFC,2006-02-15,18.44,18.44,18.19,18.2,17461162,63.49,63.49,62.63,62.65,5072400,2026-02-10T03:46:09Z
WFC,2006-02-16,18.58,18.59,18.3,18.4,14255901,63.95,64,63.01,63.35,4141300,2026-02-10T03:46:09Z
WFC,2006-02-17,18.48,18.6,18.41,18.58,11754003,63.61,64.04,63.38,63.96,3414500,2026-02-10T03:46:09Z
WFC,2006-02-21,18.45,18.55,18.33,18.53,11058328,63.51,63.84,63.09,63.8,3212400,2026-02-10T03:46:09Z
WFC,2006-02-22,18.71,18.77,18.51,18.53,14425968,64.39,64.6,63.71,63.8,4190700,2026-02-10T03:46:09Z
WFC,2006-02-23,18.71,18.82,18.51,18.68,14025619,64.39,64.8,63.72,64.3,4074400,2026-02-10T03:46:09Z
WFC,2006-02-24,18.76,18.83,18.68,18.78,13761925,64.57,64.83,64.32,64.64,3997800,2026-02-10T03:46:09Z
WFC,2006-02-27,18.73,18.86,18.69,18.75,10549190,64.49,64.94,64.35,64.56,3064500,2026-02-10T03:46:09Z
WFC,2006-02-28,18.65,18.75,18.52,18.69,16922728,64.2,64.54,63.77,64.34,4916000,2026-02-10T03:46:09Z
WFC,2006-03-01,18.79,18.82,18.68,18.72,14575405,64.69,64.78,64.31,64.45,4234100,2026-02-10T03:46:09Z
WFC,2006-03-02,18.55,18.72,18.46,18.71,13555754,63.84,64.43,63.55,64.42,3937900,2026-02-10T03:46:09Z
WFC,2006-03-03,18.54,18.65,18.42,18.5,12034215,63.82,64.2,63.42,63.7,3495900,2026-02-10T03:46:09Z
WFC,2006-03-06,18.51,18.56,18.42,18.5,13274125,63.72,63.89,63.41,63.69,3856100,2026-02-10T03:46:09Z
WFC,2006-03-07,18.73,18.77,18.43,18.51,18067017,64.49,64.62,63.45,63.72,5248400,2026-02-10T03:46:09Z
WFC,2006-03-08,18.71,18.83,18.55,18.68,11410108,64.41,64.83,63.87,64.3,3314600,2026-02-10T03:46:09Z
WFC,2006-03-09,18.57,18.75,18.53,18.69,9186013,63.91,64.56,63.8,64.35,2668500,2026-02-10T03:46:09Z
WFC,2006-03-10,18.66,18.71,18.5,18.56,10910286,64.25,64.41,63.7,63.9,3169400,2026-02-10T03:46:09Z
WFC,2006-03-13,18.7,18.77,18.64,18.67,9987704,64.36,64.62,64.16,64.26,2901400,2026-02-10T03:46:09Z
WFC,2006-03-14,18.86,18.88,18.64,18.66,16000565,64.92,65,64.18,64.24,4648100,2026-02-10T03:46:09Z
WFC,2006-03-15,18.85,18.88,18.72,18.81,9373962,64.9,64.99,64.44,64.75,2723100,2026-02-10T03:46:09Z
WFC,2006-03-16,18.86,18.99,18.8,18.88,11245884,64.94,65.37,64.7,65,3266900,2026-02-10T03:46:09Z
WFC,2006-03-17,18.9,18.98,18.87,18.97,16828086,65.06,65.32,64.95,65.29,4888500,2026-02-10T03:46:09Z
WFC,2006-03-20,18.92,18.96,18.82,18.91,6484049,65.13,65.27,64.8,65.08,1883600,2026-02-10T03:46:09Z
WFC,2006-03-21,18.85,19,18.79,18.94,14048714,64.88,65.42,64.69,65.2,4081100,2026-02-10T03:46:09Z
WFC,2006-03-22,18.99,19.03,18.59,18.59,12802535,65.37,65.51,64,64,3719100,2026-02-10T03:46:09Z
WFC,2006-03-23,18.87,18.95,18.77,18.94,9084426,64.97,65.23,64.63,65.2,2639000,2026-02-10T03:46:09Z
WFC,2006-03-24,18.88,18.91,18.78,18.83,9762233,64.98,65.09,64.65,64.83,2835900,2026-02-10T03:46:09Z
WFC,2006-03-27,18.86,18.89,18.78,18.78,7522269,64.93,65.04,64.65,64.65,2185200,2026-02-10T03:46:09Z
WFC,2006-03-28,18.61,18.84,18.55,18.84,21939340,64.06,64.87,63.85,64.87,6373300,2026-02-10T03:46:09Z
WFC,2006-03-29,18.65,18.76,18.5,18.59,14762636,64.2,64.58,63.7,63.98,4288500,2026-02-10T03:46:09Z
WFC,2006-03-30,18.63,18.74,18.56,18.65,13370513,64.13,64.5,63.89,64.2,3884100,2026-02-10T03:46:09Z
WFC,2006-03-31,18.55,18.71,18.52,18.67,12188794,63.87,64.42,63.77,64.28,3540800,2026-02-10T03:46:09Z
WFC,2006-04-03,18.69,18.8,18.57,18.59,14196683,64.33,64.7,63.92,63.98,4124100,2026-02-10T03:46:09Z
WFC,2006-04-04,18.84,18.96,18.67,18.69,12870040,64.87,65.26,64.26,64.33,3738700,2026-02-10T03:46:09Z
WFC,2006-04-05,18.92,19,18.87,18.89,11863784,65.13,65.42,64.96,65.02,3446400,2026-02-10T03:46:09Z
WFC,2006-04-06,18.86,18.88,18.75,18.84,7544302,64.94,65,64.53,64.86,2191600,2026-02-10T03:46:09Z
WFC,2006-04-07,18.7,18.95,18.61,18.86,11170162,64.37,65.25,64.06,64.94,3244900,2026-02-10T03:46:09Z
WFC,2006-04-10,18.71,18.87,18.68,18.75,8076853,64.41,64.97,64.32,64.54,2346300,2026-02-10T03:46:09Z
WFC,2006-04-11,18.7,18.81,18.66,18.81,10460347,64.38,64.75,64.22,64.75,3038700,2026-02-10T03:46:09Z
WFC,2006-04-12,18.71,18.78,18.63,18.74,7041726,64.39,64.66,64.13,64.5,2045600,2026-02-10T03:46:09Z
WFC,2006-04-13,18.78,18.82,18.64,18.7,8657591,64.65,64.77,64.18,64.39,2515000,2026-02-10T03:46:09Z
WFC,2006-04-17,18.73,18.85,18.64,18.74,11243855,64.46,64.9,64.15,64.5,3266300,2026-02-10T03:46:09Z
WFC,2006-04-18,18.9,18.93,18.53,18.65,17976466,65.06,65.18,63.8,64.21,5222100,2026-02-10T03:46:09Z
WFC,2006-04-19,18.8,18.9,18.76,18.9,11534697,64.73,65.06,64.58,65.06,3350800,2026-02-10T03:46:09Z
WFC,2006-04-20,18.89,19.01,18.77,18.8,13011162,65.03,65.43,64.61,64.7,3779700,2026-02-10T03:46:09Z
WFC,2006-04-21,18.89,19.01,18.8,19.01,13059356,65.03,65.45,64.7,65.44,3793700,2026-02-10T03:46:09Z
WFC,2006-04-24,18.91,18.98,18.8,18.89,9750214,65.1,65.32,64.72,65.03,2832400,2026-02-10T03:46:09Z
WFC,2006-04-25,18.91,18.95,18.82,18.88,15569219,65.09,65.25,64.78,65,4522800,2026-02-10T03:46:09Z
WFC,2006-04-26,19.06,19.06,18.93,18.93,14712374,65.6,65.62,65.15,65.15,4273900,2026-02-10T03:46:09Z
WFC,2006-04-27,19.51,19.63,18.98,19,24539304,67.17,67.57,65.32,65.4,7128600,2026-02-10T03:46:09Z
WFC,2006-04-28,19.95,20.08,19.42,19.47,28812744,68.69,69.11,66.85,67.01,8370000,2026-02-10T03:46:09Z
WFC,2006-05-01,19.75,20,19.71,20,23554111,68,68.85,67.86,68.85,6842400,2026-02-10T03:46:09Z
WFC,2006-05-02,19.72,19.85,19.66,19.77,16632909,67.89,68.32,67.67,68.07,4831800,2026-02-10T03:46:09Z
WFC,2006-05-03,19.72,19.78,19.6,19.72,11057274,67.35,67.56,66.96,67.37,3236900,2026-02-10T03:46:09Z
WFC,2006-05-04,19.96,19.98,19.79,19.79,13360736,68.18,68.27,67.6,67.6,3911200,2026-02-10T03:46:09Z
WFC,2006-05-05,20.16,20.19,20.02,20.05,12032581,68.87,68.96,68.38,68.48,3522400,2026-02-10T03:46:09Z
WFC,2006-05-08,20.02,20.27,19.96,20.12,10980441,68.39,69.24,68.2,68.72,3214400,2026-02-10T03:46:09Z
WFC,2006-05-09,19.99,20.09,19.96,19.99,9429547,68.3,68.62,68.2,68.29,2760400,2026-02-10T03:46:09Z
WFC,2006-05-10,19.89,20.09,19.8,20.02,12224209,67.95,68.61,67.65,68.39,3578500,2026-02-10T03:46:09Z
WFC,2006-05-11,19.75,19.89,19.62,19.85,13279084,67.48,67.94,67.03,67.82,3887300,2026-02-10T03:46:09Z
WFC,2006-05-12,19.66,19.87,19.63,19.76,13290372,67.16,67.88,67.07,67.5,3890600,2026-02-10T03:46:09Z
WFC,2006-05-15,19.81,19.91,19.64,19.67,16036487,67.66,68,67.1,67.2,4694500,2026-02-10T03:46:09Z
WFC,2006-05-16,19.88,19.94,19.75,19.83,10145914,67.92,68.12,67.46,67.75,2970100,2026-02-10T03:46:09Z
WFC,2006-05-17,19.46,19.88,19.36,19.77,17372779,66.47,67.9,66.15,67.55,5085700,2026-02-10T03:46:09Z
WFC,2006-05-18,19.22,19.47,19.22,19.39,17440764,65.67,66.5,65.67,66.22,5105600,2026-02-10T03:46:09Z
WFC,2006-05-19,19.34,19.45,19.24,19.24,20367670,66.06,66.44,65.71,65.71,5962400,2026-02-10T03:46:09Z
WFC,2006-05-22,19.51,19.69,19.32,19.34,18899112,66.64,67.25,66,66.06,5532500,2026-02-10T03:46:09Z
WFC,2006-05-23,19.58,19.81,19.54,19.62,16676640,66.89,67.68,66.74,67.02,4881900,2026-02-10T03:46:09Z
WFC,2006-05-24,19.61,19.78,19.49,19.53,23488516,67,67.58,66.57,66.7,6876000,2026-02-10T03:46:09Z
WFC,2006-05-25,19.64,19.76,19.47,19.76,12344417,67.09,67.49,66.5,67.49,3613700,2026-02-10T03:46:09Z
WFC,2006-05-26,19.69,19.76,19.57,19.75,12220439,67.25,67.5,66.85,67.47,3577400,2026-02-10T03:46:09Z
WFC,2006-05-30,19.39,19.61,19.37,19.56,14090336,66.25,66.97,66.18,66.81,4124800,2026-02-10T03:46:09Z
WFC,2006-05-31,19.43,19.54,19.26,19.48,25290774,66.37,66.74,65.78,66.54,7403600,2026-02-10T03:46:09Z
WFC,2006-06-01,19.81,19.82,19.43,19.47,18832837,67.66,67.7,66.37,66.5,5513100,2026-02-10T03:46:09Z
WFC,2006-06-02,19.95,20,19.81,19.87,18755305,68.14,68.31,67.68,67.89,5490400,2026-02-10T03:46:09Z
WFC,2006-06-05,19.71,19.98,19.7,19.87,12332856,67.34,68.24,67.3,67.89,3610300,2026-02-10T03:46:09Z
WFC,2006-06-06,19.8,19.82,19.52,19.74,17374174,67.65,67.71,66.67,67.43,5086100,2026-02-10T03:46:09Z
WFC,2006-06-07,19.97,20.21,19.81,19.82,21876465,68.23,69.05,67.67,67.69,6404100,2026-02-10T03:46:09Z
WFC,2006-06-08,20.28,20.3,19.76,19.85,27464436,69.27,69.33,67.5,67.8,8039900,2026-02-10T03:46:09Z
WFC,2006-06-09,20.23,20.4,20.11,20.35,16378769,69.12,69.69,68.7,69.52,4794700,2026-02-10T03:46:09Z
WFC,2006-06-12,20.26,20.41,20.09,20.23,15344358,69.21,69.71,68.62,69.12,4491900,2026-02-10T03:46:09Z
WFC,2006-06-13,19.63,20.17,19.54,20.17,31432441,67.07,68.9,66.75,68.89,9201500,2026-02-10T03:46:09Z
WFC,2006-06-14,19.48,19.66,19.13,19.62,26498722,66.53,67.17,65.35,67.01,7757200,2026-02-10T03:46:09Z
WFC,2006-06-15,19.59,19.64,19.32,19.49,23144842,66.92,67.09,66,66.59,6775400,2026-02-10T03:46:09Z
WFC,2006-06-16,19.51,19.59,19.38,19.49,20429754,66.65,66.92,66.2,66.57,5980600,2026-02-10T03:46:09Z
WFC,2006-06-19,19.46,19.64,19.39,19.57,12386823,66.46,67.1,66.22,66.85,3626100,2026-02-10T03:46:09Z
WFC,2006-06-20,19.46,19.58,19.37,19.37,13489825,66.48,66.9,66.17,66.17,3949000,2026-02-10T03:46:09Z
WFC,2006-06-21,19.51,19.68,19.45,19.46,13544164,66.64,67.24,66.46,66.48,3964900,2026-02-10T03:46:09Z
WFC,2006-06-22,19.44,19.48,19.34,19.4,10714321,66.41,66.55,66.05,66.27,3136500,2026-02-10T03:46:09Z
WFC,2006-06-23,19.18,19.3,19.1,19.29,17688825,65.51,65.92,65.24,65.91,5178200,2026-02-10T03:46:09Z
WFC,2006-06-26,19.28,19.32,19.11,19.2,12145608,65.85,65.98,65.27,65.6,3555500,2026-02-10T03:46:09Z
WFC,2006-06-27,19.07,19.26,19.07,19.26,14045630,65.14,65.8,65.14,65.8,4111700,2026-02-10T03:46:09Z
WFC,2006-06-28,19.39,19.47,19.25,19.3,20388767,66.25,66.52,65.75,65.94,5968600,2026-02-10T03:46:09Z
WFC,2006-06-29,19.73,19.84,19.1,19.39,16976563,67.4,67.78,65.26,66.25,4969700,2026-02-10T03:46:09Z
WFC,2006-06-30,19.64,19.88,19.63,19.74,13613172,67.08,67.92,67.06,67.42,3985100,2026-02-10T03:46:09Z
WFC,2006-07-03,19.74,19.75,19.59,19.65,5061509,67.44,67.48,66.91,67.11,1481700,2026-02-10T03:46:09Z
WFC,2006-07-05,19.58,19.7,19.53,19.7,11916063,66.88,67.31,66.71,67.3,3488300,2026-02-10T03:46:09Z
WFC,2006-07-06,19.76,19.77,19.59,19.6,10279796,67.5,67.52,66.91,66.94,3009300,2026-02-10T03:46:09Z
WFC,2006-07-07,19.94,20.05,19.7,19.77,16803325,68.11,68.51,67.3,67.54,4919000,2026-02-10T03:46:09Z
WFC,2006-07-10,20,20.06,19.96,20.01,8325145,68.33,68.52,68.17,68.35,2437100,2026-02-10T03:46:09Z
WFC,2006-07-11,20.16,20.16,19.84,19.96,11968328,68.85,68.87,67.77,68.2,3503600,2026-02-10T03:46:09Z
WFC,2006-07-12,19.93,20.24,19.91,20.16,17875282,68.08,69.14,68.03,68.85,5232800,2026-02-10T03:46:09Z
WFC,2006-07-13,19.9,20.06,19.84,19.85,21458390,67.99,68.52,67.78,67.81,6281700,2026-02-10T03:46:09Z
WFC,2006-07-14,19.84,19.95,19.76,19.9,13593694,67.77,68.14,67.5,67.99,3979400,2026-02-10T03:46:09Z
WFC,2006-07-17,20.07,20.18,19.83,19.84,16178542,68.55,68.95,67.75,67.78,4736100,2026-02-10T03:46:09Z
WFC,2006-07-18,19.98,20.16,19.86,19.92,19274200,68.25,68.87,67.85,68.05,5642300,2026-02-10T03:46:09Z
WFC,2006-07-19,20.73,20.75,20.08,20.14,39806456,70.83,70.9,68.6,68.8,11652900,2026-02-10T03:46:09Z
WFC,2006-07-20,20.72,21.07,20.72,20.78,26528743,70.79,71.99,70.79,70.97,7766000,2026-02-10T03:46:09Z
WFC,2006-07-21,20.84,20.98,20.64,20.64,31113024,71.19,71.65,70.5,70.5,9108000,2026-02-10T03:46:09Z
WFC,2006-07-24,20.75,20.93,20.69,20.85,16594656,70.87,71.51,70.69,71.23,4857900,2026-02-10T03:46:09Z
WFC,2006-07-25,20.7,20.75,20.55,20.64,15612577,70.7,70.9,70.19,70.52,4570400,2026-02-10T03:46:09Z
WFC,2006-07-26,20.74,20.81,20.59,20.63,16382158,70.86,71.08,70.35,70.48,4795700,2026-02-10T03:46:09Z
WFC,2006-07-27,20.51,20.86,20.47,20.8,16720372,70.07,71.25,69.94,71.06,4894700,2026-02-10T03:46:09Z
WFC,2006-07-28,21.2,21.25,20.7,20.7,24329558,72.41,72.58,70.7,70.7,7122200,2026-02-10T03:46:09Z
WFC,2006-07-31,21.18,21.24,21.03,21.07,18824652,72.34,72.56,71.84,71.96,5510700,2026-02-10T03:46:09Z
WFC,2006-08-01,21.24,21.28,21.01,21.17,12387134,72.54,72.68,71.76,72.31,3626200,2026-02-10T03:46:09Z
WFC,2006-08-02,21.36,21.44,21.14,21.27,16567543,72.4,72.67,71.67,72.11,4887700,2026-02-10T03:46:09Z
WFC,2006-08-03,21.43,21.5,21.24,21.36,16664192,72.65,72.86,72.01,72.4,4916200,2026-02-10T03:46:09Z
WFC,2006-08-04,21.54,21.77,21.48,21.59,18595234,73,73.78,72.82,73.18,5485900,2026-02-10T03:46:09Z
WFC,2006-08-07,21.35,21.54,21.29,21.54,12277274,72.38,73.01,72.16,73,3622000,2026-02-10T03:46:09Z
WFC,2006-08-08,21.08,21.44,20.99,21.36,21053766,71.47,72.68,71.15,72.39,6211200,2026-02-10T03:46:09Z
WFC,2006-08-09,20.57,21.2,20.5,21.13,26986964,69.73,71.86,69.5,71.62,7961600,2026-02-10T03:46:09Z
WFC,2006-08-10,20.49,20.51,20.24,20.5,22118420,69.45,69.51,68.6,69.5,6525300,2026-02-10T03:46:09Z
WFC,2006-08-11,20.53,20.56,20.34,20.39,10251289,69.59,69.68,68.95,69.12,3024300,2026-02-10T03:46:09Z
WFC,2006-08-14,20.44,21,20.36,20.97,11075676,34.65,35.59,34.5,35.54,6535000,2026-02-10T03:46:09Z
WFC,2006-08-15,20.63,21.15,20.62,21.15,13643613,34.97,35.85,34.95,35.84,8050200,2026-02-10T03:46:09Z
WFC,2006-08-16,20.79,20.88,20.7,20.83,13343975,35.23,35.38,35.08,35.3,7873400,2026-02-10T03:46:09Z
WFC,2006-08-17,20.8,20.88,20.69,20.85,9049646,35.25,35.39,35.06,35.34,5339600,2026-02-10T03:46:09Z
WFC,2006-08-18,20.73,21.11,20.65,20.85,11846771,35.14,35.77,35,35.34,6990000,2026-02-10T03:46:09Z
WFC,2006-08-21,20.78,20.82,20.66,20.72,11412390,35.21,35.29,35.01,35.12,6733700,2026-02-10T03:46:09Z
WFC,2006-08-22,20.58,20.84,20.57,20.84,14049757,34.88,35.32,34.87,35.32,8289800,2026-02-10T03:46:09Z
WFC,2006-08-23,20.6,20.63,20.4,20.59,12208669,34.91,34.97,34.58,34.89,7203500,2026-02-10T03:46:09Z
WFC,2006-08-24,20.78,20.79,20.63,20.65,11906429,35.21,35.24,34.97,35,7025200,2026-02-10T03:46:09Z
WFC,2006-08-25,20.59,20.77,20.53,20.71,7436382,34.9,35.21,34.79,35.1,4387700,2026-02-10T03:46:09Z
WFC,2006-08-28,20.72,20.78,20.59,20.65,7158907,35.12,35.22,34.89,35,4224000,2026-02-10T03:46:09Z
WFC,2006-08-29,20.56,20.73,20.43,20.73,10930940,34.85,35.13,34.62,35.13,6449600,2026-02-10T03:46:09Z
WFC,2006-08-30,20.47,20.65,20.47,20.52,8551404,34.69,35,34.69,34.78,5045600,2026-02-10T03:46:09Z
WFC,2006-08-31,20.5,20.59,20.47,20.59,18737469,34.75,34.9,34.69,34.89,11055700,2026-02-10T03:46:09Z
WFC,2006-09-01,20.54,20.59,20.44,20.58,10424695,34.82,34.9,34.64,34.88,6150900,2026-02-10T03:46:09Z
WFC,2006-09-05,20.55,20.68,20.5,20.57,10379783,34.83,35.04,34.75,34.86,6124400,2026-02-10T03:46:09Z
WFC,2006-09-06,20.67,20.79,20.47,20.55,14038506,35.04,35.24,34.7,34.83,8283200,2026-02-10T03:46:09Z
WFC,2006-09-07,20.46,20.73,20.4,20.68,11395827,34.67,35.14,34.57,35.04,6723900,2026-02-10T03:46:09Z
WFC,2006-09-08,20.64,20.71,20.36,20.71,11092290,34.98,35.1,34.51,35.1,6544800,2026-02-10T03:46:09Z
WFC,2006-09-11,20.67,20.72,20.18,20.71,8809318,35.04,35.11,34.21,35.1,5197800,2026-02-10T03:46:09Z
WFC,2006-09-12,20.85,20.92,20.68,20.76,14981001,35.34,35.45,35.04,35.19,8839300,2026-02-10T03:46:09Z
WFC,2006-09-13,20.93,20.97,20.73,20.85,10045695,35.48,35.54,35.14,35.33,5927300,2026-02-10T03:46:09Z
WFC,2006-09-14,21.03,21.06,20.8,20.93,12041516,35.64,35.69,35.26,35.48,7104900,2026-02-10T03:46:09Z
WFC,2006-09-15,21.16,21.25,21.08,21.19,21631146,35.87,36.02,35.72,35.92,12763100,2026-02-10T03:46:09Z
WFC,2006-09-18,21.11,21.62,20.92,21.11,11939151,35.78,36.65,35.45,35.77,7044500,2026-02-10T03:46:09Z
WFC,2006-09-19,21.22,21.23,21.02,21.15,8044121,35.97,35.98,35.63,35.85,4746300,2026-02-10T03:46:09Z
WFC,2006-09-20,21.42,21.48,21.24,21.24,11521727,36.3,36.4,36,36,6798200,2026-02-10T03:46:09Z
WFC,2006-09-21,21.3,21.53,21.17,21.48,10612961,36.1,36.49,35.88,36.41,6262000,2026-02-10T03:46:09Z
WFC,2006-09-22,21.25,21.41,21.19,21.41,6017456,36.01,36.28,35.91,36.28,3550500,2026-02-10T03:46:09Z
WFC,2006-09-25,21.46,21.53,21.27,21.41,10936337,36.37,36.49,36.05,36.29,6452800,2026-02-10T03:46:09Z
WFC,2006-09-26,21.51,21.52,21.39,21.52,11347841,36.46,36.48,36.25,36.48,6695600,2026-02-10T03:46:09Z
WFC,2006-09-27,21.35,21.51,21.29,21.51,9711318,36.18,36.46,36.09,36.45,5730000,2026-02-10T03:46:09Z
WFC,2006-09-28,21.31,21.45,21.28,21.39,9235750,36.12,36.36,36.07,36.25,5449400,2026-02-10T03:46:09Z
WFC,2006-09-29,21.35,21.5,21.3,21.33,9206431,36.18,36.44,36.1,36.15,5432100,2026-02-10T03:46:09Z
WFC,2006-10-02,21.27,21.43,21.14,21.43,7758036,36.05,36.32,35.83,36.32,4577500,2026-02-10T03:46:09Z
WFC,2006-10-03,21.53,21.57,21.27,21.27,11702059,36.49,36.56,36.05,36.05,6904600,2026-02-10T03:46:09Z
WFC,2006-10-04,21.61,21.67,21.35,21.41,13284008,36.63,36.73,36.18,36.28,7838000,2026-02-10T03:46:09Z
WFC,2006-10-05,21.54,21.67,21.48,21.59,6974017,36.51,36.72,36.4,36.6,4114900,2026-02-10T03:46:09Z
WFC,2006-10-06,21.44,21.51,21.36,21.46,8193440,36.34,36.45,36.2,36.37,4834400,2026-02-10T03:46:09Z
WFC,2006-10-09,21.48,21.49,21.35,21.39,4051637,36.41,36.42,36.18,36.26,2390600,2026-02-10T03:46:09Z
WFC,2006-10-10,21.41,21.58,21.38,21.48,7282303,36.28,36.57,36.23,36.41,4296800,2026-02-10T03:46:09Z
WFC,2006-10-11,21.37,21.46,21.25,21.41,7847017,36.22,36.38,36.02,36.28,4630000,2026-02-10T03:46:09Z
WFC,2006-10-12,21.42,21.5,21.32,21.46,9230839,36.3,36.44,36.14,36.37,5446500,2026-02-10T03:46:09Z
WFC,2006-10-13,21.44,21.51,21.34,21.38,10778041,36.33,36.46,36.16,36.23,6359400,2026-02-10T03:46:09Z
WFC,2006-10-16,21.36,21.45,21.23,21.44,12091185,36.2,36.35,35.99,36.33,7134200,2026-02-10T03:46:09Z
WFC,2006-10-17,21.52,21.64,21.09,21.36,14831206,36.48,36.68,35.75,36.2,8750900,2026-02-10T03:46:09Z
WFC,2006-10-18,21.72,21.8,21.53,21.67,11305138,36.81,36.95,36.49,36.73,6670400,2026-02-10T03:46:09Z
WFC,2006-10-19,21.68,21.73,21.42,21.63,12110347,36.74,36.82,36.3,36.66,7145500,2026-02-10T03:46:09Z
WFC,2006-10-20,21.61,21.82,21.53,21.78,18646592,36.63,36.99,36.49,36.91,11002100,2026-02-10T03:46:09Z
WFC,2006-10-23,21.64,21.68,21.44,21.51,7702623,36.67,36.75,36.33,36.46,4544800,2026-02-10T03:46:09Z
WFC,2006-10-24,21.51,21.59,21.37,21.54,13185704,36.45,36.6,36.22,36.5,7780000,2026-02-10T03:46:09Z
WFC,2006-10-25,21.47,21.56,21.26,21.51,12039665,36.39,36.54,36.03,36.45,7103800,2026-02-10T03:46:09Z
WFC,2006-10-26,21.49,21.52,21.29,21.44,10635508,36.43,36.48,36.08,36.33,6275300,2026-02-10T03:46:09Z
WFC,2006-10-27,21.43,21.61,21.39,21.5,13896000,36.32,36.62,36.25,36.43,8199100,2026-02-10T03:46:09Z
WFC,2006-10-30,21.44,21.55,21.36,21.52,9880464,36.34,36.53,36.21,36.47,5829800,2026-02-10T03:46:09Z
WFC,2006-10-31,21.41,21.67,21.35,21.53,19548565,36.29,36.73,36.18,36.49,11534300,2026-02-10T03:46:09Z
WFC,2006-11-01,21.4,21.59,21.27,21.59,12243435,35.99,36.3,35.77,36.3,7280200,2026-02-10T03:46:09Z
WFC,2006-11-02,21.33,21.47,21.25,21.33,11332962,35.87,36.1,35.73,35.87,6738800,2026-02-10T03:46:09Z
WFC,2006-11-03,21.41,21.54,21.36,21.39,10699784,36,36.23,35.93,35.97,6362300,2026-02-10T03:46:09Z
WFC,2006-11-06,21.61,21.64,21.42,21.47,13371222,36.34,36.4,36.02,36.1,7950800,2026-02-10T03:46:09Z
WFC,2006-11-07,21.64,21.75,21.52,21.61,11565380,36.39,36.57,36.2,36.35,6877000,2026-02-10T03:46:09Z
WFC,2006-11-08,21.88,21.95,21.61,21.67,11500126,36.8,36.92,36.35,36.44,6838200,2026-02-10T03:46:09Z
WFC,2006-11-09,21.84,21.94,21.76,21.94,9806091,36.73,36.9,36.59,36.9,5830900,2026-02-10T03:46:09Z
WFC,2006-11-10,21.8,21.89,21.69,21.85,9024760,36.67,36.82,36.48,36.74,5366300,2026-02-10T03:46:09Z
WFC,2006-11-13,21.7,21.97,21.64,21.83,11018962,36.49,36.95,36.39,36.71,6552100,2026-02-10T03:46:09Z
WFC,2006-11-14,21.83,21.95,21.52,21.72,9940633,36.71,36.92,36.19,36.53,5910900,2026-02-10T03:46:09Z
WFC,2006-11-15,21.54,21.83,21.48,21.78,16387258,36.23,36.72,36.12,36.63,9744200,2026-02-10T03:46:09Z
WFC,2006-11-16,21.7,21.78,21.61,21.77,11945069,36.5,36.63,36.35,36.61,7102800,2026-02-10T03:46:09Z
WFC,2006-11-17,21.57,21.7,21.56,21.59,19182810,36.27,36.5,36.26,36.3,11406500,2026-02-10T03:46:09Z
WFC,2006-11-20,21.5,21.59,21.43,21.57,9883772,36.16,36.31,36.04,36.27,5877100,2026-02-10T03:46:09Z
WFC,2006-11-21,21.28,21.52,21.27,21.5,13060948,35.78,36.2,35.77,36.16,7766300,2026-02-10T03:46:09Z
WFC,2006-11-22,21.11,21.3,21.05,21.2,15352462,35.51,35.82,35.41,35.66,9128900,2026-02-10T03:46:09Z
WFC,2006-11-24,21.15,21.25,20.98,21.01,6155676,35.57,35.73,35.28,35.34,3660300,2026-02-10T03:46:09Z
WFC,2006-11-27,20.93,21.15,20.9,21.09,17433087,35.2,35.57,35.15,35.46,10366100,2026-02-10T03:46:09Z
WFC,2006-11-28,20.88,20.9,20.75,20.88,15785381,35.11,35.15,34.9,35.11,9386300,2026-02-10T03:46:09Z
WFC,2006-11-29,21.09,21.11,20.9,20.91,9995255,35.46,35.5,35.15,35.16,5943400,2026-02-10T03:46:09Z
WFC,2006-11-30,20.95,21.1,20.81,21.09,10889817,35.24,35.48,34.99,35.46,6475300,2026-02-10T03:46:09Z
WFC,2006-12-01,20.95,21.1,20.82,21.07,14904619,35.23,35.49,35.01,35.43,8862600,2026-02-10T03:46:09Z
WFC,2006-12-04,21.1,21.18,20.93,20.95,14942795,35.49,35.62,35.2,35.23,8885300,2026-02-10T03:46:09Z
WFC,2006-12-05,21.12,21.15,21,21.11,14805760,35.52,35.57,35.31,35.5,8803800,2026-02-10T03:46:09Z
WFC,2006-12-06,21.12,21.22,21.11,21.18,8587670,35.52,35.68,35.51,35.62,5106400,2026-02-10T03:46:09Z
WFC,2006-12-07,21.1,21.29,21.05,21.2,9905132,35.49,35.8,35.41,35.65,5889800,2026-02-10T03:46:09Z
WFC,2006-12-08,21.07,21.16,20.94,21.05,14923471,35.43,35.58,35.21,35.4,8873800,2026-02-10T03:46:09Z
WFC,2006-12-11,21.04,21.17,21.01,21.07,12136323,35.39,35.61,35.33,35.43,7216500,2026-02-10T03:46:09Z
WFC,2006-12-12,21.01,21.09,20.93,21,21545998,35.34,35.47,35.19,35.32,12811700,2026-02-10T03:46:09Z
WFC,2006-12-13,21.02,21.1,20.98,21.02,18286482,35.35,35.49,35.29,35.35,10873500,2026-02-10T03:46:09Z
WFC,2006-12-14,21.15,21.22,20.99,21.06,23742315,35.57,35.68,35.3,35.42,14117700,2026-02-10T03:46:09Z
WFC,2006-12-15,21.2,21.27,21.07,21.17,33028494,35.65,35.77,35.43,35.6,19639400,2026-02-10T03:46:09Z
WFC,2006-12-18,21.26,21.29,21.13,21.25,17326872,35.76,35.81,35.53,35.74,10302900,2026-02-10T03:46:09Z
WFC,2006-12-19,21.34,21.45,21.23,21.23,16965297,35.89,36.07,35.7,35.71,10087900,2026-02-10T03:46:09Z
WFC,2006-12-20,21.34,21.44,21.32,21.36,11373296,35.88,36.05,35.85,35.92,6762800,2026-02-10T03:46:09Z
WFC,2006-12-21,21.34,21.44,21.32,21.34,9339414,35.89,36.06,35.86,35.89,5553400,2026-02-10T03:46:09Z
WFC,2006-12-22,21.31,21.41,21.12,21.29,7675483,35.84,36,35.52,35.8,4564000,2026-02-10T03:46:09Z
WFC,2006-12-26,21.37,21.39,21.24,21.26,7554047,35.94,35.97,35.72,35.76,4491800,2026-02-10T03:46:09Z
WFC,2006-12-27,21.44,21.5,21.38,21.39,8745228,36.05,36.16,35.95,35.98,5200100,2026-02-10T03:46:09Z
WFC,2006-12-28,21.36,21.46,21.3,21.44,7279926,35.92,36.09,35.83,36.05,4328800,2026-02-10T03:46:09Z
WFC,2006-12-29,21.14,21.35,21.1,21.3,10077187,35.56,35.91,35.48,35.82,5992100,2026-02-10T03:46:09Z
WFC,2007-01-03,21.25,21.41,21.03,21.36,20936416,35.74,36.01,35.37,35.93,12449200,2026-02-10T03:46:09Z
WFC,2007-01-04,21.29,21.42,21.13,21.25,18609697,35.8,36.02,35.54,35.74,11065700,2026-02-10T03:46:09Z
WFC,2007-01-05,21.17,21.3,21.11,21.28,17371070,35.6,35.83,35.51,35.79,10329200,2026-02-10T03:46:09Z
WFC,2007-01-08,21.11,21.34,21.04,21.17,19594877,35.5,35.89,35.39,35.61,11651500,2026-02-10T03:46:09Z
WFC,2007-01-09,21.16,21.32,21.1,21.16,17086818,35.59,35.85,35.48,35.58,10160200,2026-02-10T03:46:09Z
WFC,2007-01-10,21.1,21.2,21.03,21.06,16483650,35.48,35.65,35.37,35.42,9801500,2026-02-10T03:46:09Z
WFC,2007-01-11,21.13,21.19,21.08,21.08,11922570,35.54,35.64,35.45,35.45,7089400,2026-02-10T03:46:09Z
WFC,2007-01-12,21.11,21.24,21.05,21.13,17241395,35.51,35.72,35.4,35.54,10252100,2026-02-10T03:46:09Z
WFC,2007-01-16,21.54,21.7,21.26,21.29,25507866,36.23,36.5,35.75,35.81,15167500,2026-02-10T03:46:09Z
WFC,2007-01-17,21.57,21.69,21.44,21.59,19935055,36.27,36.48,36.05,36.31,11853800,2026-02-10T03:46:09Z
WFC,2007-01-18,21.53,21.64,21.49,21.57,13946182,36.2,36.39,36.14,36.27,8292700,2026-02-10T03:46:09Z
WFC,2007-01-19,21.43,21.6,21.33,21.58,17910434,36.04,36.33,35.87,36.29,10649900,2026-02-10T03:46:09Z
WFC,2007-01-22,21.26,21.44,21.16,21.38,23012810,35.75,36.06,35.58,35.96,13683900,2026-02-10T03:46:09Z
WFC,2007-01-23,21.41,21.44,21.14,21.29,14229064,36.01,36.05,35.56,35.8,8460900,2026-02-10T03:46:09Z
WFC,2007-01-24,21.74,21.78,21.38,21.39,18320110,36.56,36.63,35.95,35.97,10893500,2026-02-10T03:46:09Z
WFC,2007-01-25,21.45,21.79,21.42,21.68,14468057,36.08,36.64,36.02,36.46,8603000,2026-02-10T03:46:09Z
WFC,2007-01-26,21.42,21.54,21.3,21.48,16991995,36.03,36.23,35.83,36.13,10103800,2026-02-10T03:46:09Z
WFC,2007-01-29,21.38,21.48,21.32,21.35,22015898,35.95,36.12,35.85,35.91,13091100,2026-02-10T03:46:09Z
WFC,2007-01-30,21.35,21.47,21.29,21.46,16294576,35.9,36.11,35.81,36.09,9689100,2026-02-10T03:46:09Z
WFC,2007-01-31,21.53,21.57,21.26,21.26,14244221,35.92,36,35.47,35.48,8536500,2026-02-10T03:46:09Z
WFC,2007-02-01,21.5,21.63,21.35,21.53,13141447,35.87,36.09,35.62,35.93,7875600,2026-02-10T03:46:09Z
WFC,2007-02-02,21.49,21.61,21.44,21.5,10382375,35.86,36.05,35.77,35.87,6222100,2026-02-10T03:46:09Z
WFC,2007-02-05,21.39,21.48,21.37,21.45,25856759,35.69,35.85,35.66,35.79,15495800,2026-02-10T03:46:09Z
WFC,2007-02-06,21.51,21.59,21.43,21.45,16114095,35.9,36.02,35.75,35.79,9657100,2026-02-10T03:46:09Z
WFC,2007-02-07,21.5,21.6,21.43,21.52,15704789,35.88,36.04,35.76,35.91,9411800,2026-02-10T03:46:09Z
WFC,2007-02-08,21.31,21.46,21.19,21.46,18608224,35.56,35.81,35.36,35.81,11151800,2026-02-10T03:46:09Z
WFC,2007-02-09,21.19,21.48,21.11,21.23,20655744,35.36,35.85,35.23,35.42,12378900,2026-02-10T03:46:09Z
WFC,2007-02-12,21.33,21.35,21.2,21.26,13605320,35.6,35.63,35.37,35.48,8153600,2026-02-10T03:46:09Z
WFC,2007-02-13,21.5,21.59,21.32,21.34,18287998,35.87,36.03,35.57,35.6,10959900,2026-02-10T03:46:09Z
WFC,2007-02-14,21.58,21.7,21.47,21.5,17809434,36.01,36.2,35.82,35.88,10673100,2026-02-10T03:46:09Z
WFC,2007-02-15,21.58,21.79,21.56,21.71,10999429,36.01,36.36,35.98,36.22,6591900,2026-02-10T03:46:09Z
WFC,2007-02-16,21.43,21.74,21.3,21.74,19100432,35.76,36.28,35.55,36.27,11446800,2026-02-10T03:46:09Z
WFC,2007-02-20,21.54,21.56,21.34,21.44,13326635,35.94,35.97,35.6,35.77,7986600,2026-02-10T03:46:09Z
WFC,2007-02-21,21.68,21.74,21.47,21.54,20716000,36.18,36.28,35.82,35.94,12415000,2026-02-10T03:46:09Z
WFC,2007-02-22,21.7,21.71,21.54,21.65,17543757,36.21,36.23,35.94,36.13,10513900,2026-02-10T03:46:09Z
WFC,2007-02-23,21.35,21.7,21.3,21.68,26396493,35.63,36.21,35.54,36.17,15819300,2026-02-10T03:46:09Z
WFC,2007-02-26,21.38,21.47,21.23,21.43,19793137,35.67,35.82,35.42,35.75,11861900,2026-02-10T03:46:09Z
WFC,2007-02-27,20.61,21.27,20.26,21.07,26322538,34.39,35.5,33.8,35.15,15775000,2026-02-10T03:46:09Z
WFC,2007-02-28,20.8,20.99,20.5,20.68,31725833,34.7,35.02,34.2,34.5,19013100,2026-02-10T03:46:09Z
WFC,2007-03-01,20.77,20.92,20.5,20.68,31012053,34.66,34.91,34.21,34.5,18585400,2026-02-10T03:46:09Z
WFC,2007-03-02,20.64,20.98,20.62,20.74,24563885,34.44,35,34.4,34.6,14721000,2026-02-10T03:46:09Z
WFC,2007-03-05,20.39,20.77,20.36,20.38,26123874,34.03,34.65,33.98,34,15655900,2026-02-10T03:46:09Z
WFC,2007-03-06,20.77,20.83,20.5,20.65,24142492,34.66,34.75,34.2,34.45,14468500,2026-02-10T03:46:09Z
WFC,2007-03-07,20.57,20.81,20.55,20.69,17530100,34.32,34.73,34.29,34.52,10505700,2026-02-10T03:46:09Z
WFC,2007-03-08,20.68,20.84,20.65,20.75,16306469,34.51,34.78,34.45,34.62,9772400,2026-02-10T03:46:09Z
WFC,2007-03-09,20.68,20.88,20.66,20.84,18171331,34.5,34.84,34.48,34.78,10890000,2026-02-10T03:46:09Z
WFC,2007-03-12,20.69,20.7,20.39,20.5,13862424,34.53,34.54,34.02,34.21,8307700,2026-02-10T03:46:09Z
WFC,2007-03-13,20.06,20.64,20.03,20.53,36489385,33.47,34.44,33.42,34.26,21867900,2026-02-10T03:46:09Z
WFC,2007-03-14,20.17,20.3,19.78,20.06,43565475,33.65,33.88,33.01,33.48,26108600,2026-02-10T03:46:09Z
WFC,2007-03-15,20.44,20.71,20.09,20.15,34160734,34.1,34.55,33.52,33.62,20472400,2026-02-10T03:46:09Z
WFC,2007-03-16,20.35,20.71,20.32,20.45,36261880,33.95,34.55,33.91,34.13,21731600,2026-02-10T03:46:09Z
WFC,2007-03-19,20.53,20.64,20.43,20.43,20744828,34.25,34.44,34.09,34.09,12432300,2026-02-10T03:46:09Z
WFC,2007-03-20,20.74,20.78,20.5,20.53,17854812,34.61,34.67,34.2,34.25,10700300,2026-02-10T03:46:09Z
WFC,2007-03-21,21.26,21.31,20.57,20.77,26909601,35.48,35.56,34.33,34.66,16126800,2026-02-10T03:46:09Z
WFC,2007-03-22,20.97,21.32,20.75,21,23470782,34.99,35.57,34.62,35.05,14065900,2026-02-10T03:46:09Z
WFC,2007-03-23,20.95,21.08,20.86,20.99,15469306,34.96,35.17,34.81,35.02,9270700,2026-02-10T03:46:09Z
WFC,2007-03-26,20.78,20.98,20.63,20.88,19897594,34.68,35,34.42,34.84,11924500,2026-02-10T03:46:09Z
WFC,2007-03-27,20.62,20.95,20.61,20.68,24012939,34.4,34.95,34.39,34.5,14390800,2026-02-10T03:46:09Z
WFC,2007-03-28,20.46,20.64,20.42,20.57,30435139,34.14,34.44,34.08,34.32,18239600,2026-02-10T03:46:09Z
WFC,2007-03-29,20.7,20.78,20.51,20.68,16947787,34.54,34.68,34.23,34.5,10156700,2026-02-10T03:46:09Z
WFC,2007-03-30,20.63,20.84,20.47,20.68,20868215,34.43,34.78,34.16,34.5,12506200,2026-02-10T03:46:09Z
WFC,2007-04-02,20.38,20.65,20.33,20.63,31821759,34.01,34.45,33.93,34.42,19070600,2026-02-10T03:46:09Z
WFC,2007-04-03,20.68,20.71,20.44,20.44,18767023,34.51,34.55,34.1,34.1,11247000,2026-02-10T03:46:09Z
WFC,2007-04-04,20.58,20.71,20.56,20.71,14656714,34.34,34.55,34.3,34.55,8783700,2026-02-10T03:46:09Z
WFC,2007-04-05,20.64,20.66,20.49,20.5,14909365,34.44,34.48,34.19,34.2,8935100,2026-02-10T03:46:09Z
WFC,2007-04-09,20.6,20.63,20.51,20.62,17336011,34.37,34.43,34.22,34.41,10389400,2026-02-10T03:46:09Z
WFC,2007-04-10,20.62,20.66,20.55,20.61,18114820,34.41,34.48,34.29,34.39,10856100,2026-02-10T03:46:09Z
WFC,2007-04-11,20.48,20.7,20.48,20.63,27195967,34.17,34.54,34.17,34.43,16298400,2026-02-10T03:46:09Z
WFC,2007-04-12,20.58,20.63,20.39,20.48,21789259,34.34,34.43,34.03,34.17,13058200,2026-02-10T03:46:09Z
WFC,2007-04-13,20.75,20.82,20.44,20.47,18943581,34.63,34.74,34.1,34.15,11352800,2026-02-10T03:46:09Z
WFC,2007-04-16,21.28,21.28,20.8,20.86,27398146,35.51,35.51,34.7,34.8,16419600,2026-02-10T03:46:09Z
WFC,2007-04-17,21.13,21.48,21.03,21.39,25347009,35.25,35.85,35.09,35.69,15190300,2026-02-10T03:46:09Z
WFC,2007-04-18,21.54,21.62,21.07,21.21,28720019,35.95,36.08,35.15,35.4,17211800,2026-02-10T03:46:09Z
WFC,2007-04-19,21.66,21.71,21.34,21.48,19590704,36.14,36.22,35.6,35.85,11740600,2026-02-10T03:46:09Z
WFC,2007-04-20,21.75,21.87,21.59,21.83,34498213,36.3,36.49,36.02,36.42,20674600,2026-02-10T03:46:09Z
WFC,2007-04-23,21.59,21.83,21.58,21.8,15685602,36.02,36.42,36.01,36.37,9400300,2026-02-10T03:46:09Z
WFC,2007-04-24,21.44,21.57,21.33,21.55,19486874,35.78,36,35.59,35.95,11678400,2026-02-10T03:46:09Z
WFC,2007-04-25,21.74,21.77,21.47,21.47,29074693,36.28,36.33,35.83,35.83,17424300,2026-02-10T03:46:09Z
WFC,2007-04-26,21.62,21.79,21.3,21.3,25143174,36.07,36.36,35.54,35.54,15068200,2026-02-10T03:46:09Z
WFC,2007-04-27,21.54,21.62,21.45,21.56,14504349,35.94,36.08,35.8,35.97,8692400,2026-02-10T03:46:09Z
WFC,2007-04-30,21.51,21.71,21.49,21.66,32231369,35.89,36.23,35.86,36.15,19316100,2026-02-10T03:46:09Z
WFC,2007-05-01,21.6,21.66,21.41,21.59,17561961,36.04,36.15,35.72,36.03,10524800,2026-02-10T03:46:09Z
WFC,2007-05-02,21.56,21.7,21.53,21.6,13992516,35.69,35.93,35.64,35.76,8451300,2026-02-10T03:46:09Z
WFC,2007-05-03,21.65,21.73,21.56,21.57,10349060,35.84,35.98,35.7,35.72,6250700,2026-02-10T03:46:09Z
WFC,2007-05-04,21.7,21.8,21.59,21.72,13416190,35.92,36.1,35.75,35.96,8103200,2026-02-10T03:46:09Z
WFC,2007-05-07,21.79,21.85,21.69,21.78,13889046,36.07,36.17,35.91,36.06,8388800,2026-02-10T03:46:09Z
WFC,2007-05-08,21.63,21.79,21.58,21.66,15536741,35.81,36.07,35.73,35.87,9384000,2026-02-10T03:46:09Z
WFC,2007-05-09,21.81,21.88,21.57,21.59,18522725,36.11,36.22,35.72,35.75,11187500,2026-02-10T03:46:09Z
WFC,2007-05-10,21.38,21.76,21.38,21.76,19544074,35.4,36.03,35.4,36.03,11804400,2026-02-10T03:46:09Z
WFC,2007-05-11,21.45,21.62,21.39,21.45,22405137,35.52,35.8,35.42,35.52,13532400,2026-02-10T03:46:09Z
WFC,2007-05-14,21.32,21.62,21.29,21.51,19998222,35.3,35.8,35.25,35.61,12078700,2026-02-10T03:46:09Z
WFC,2007-05-15,21.39,21.65,21.32,21.41,19431195,35.41,35.84,35.3,35.45,11736200,2026-02-10T03:46:09Z
WFC,2007-05-16,21.88,21.88,21.4,21.54,22866231,36.22,36.23,35.43,35.67,13810900,2026-02-10T03:46:09Z
WFC,2007-05-17,21.89,21.93,21.74,21.77,15656786,36.24,36.3,36,36.05,9456500,2026-02-10T03:46:09Z
WFC,2007-05-18,22,22.01,21.91,21.95,19423104,36.42,36.44,36.28,36.34,11731300,2026-02-10T03:46:09Z
WFC,2007-05-21,21.93,22.04,21.82,22.02,25506639,36.31,36.49,36.13,36.45,15405700,2026-02-10T03:46:09Z
WFC,2007-05-22,21.74,21.94,21.73,21.9,24939646,36,36.32,35.97,36.26,15063200,2026-02-10T03:46:09Z
WFC,2007-05-23,21.8,21.86,21.68,21.78,24040408,36.09,36.19,35.9,36.06,14520100,2026-02-10T03:46:09Z
WFC,2007-05-24,21.77,21.99,21.74,21.78,24179318,36.04,36.41,35.99,36.06,14604000,2026-02-10T03:46:09Z
WFC,2007-05-25,21.82,21.83,21.68,21.79,12776737,36.13,36.14,35.9,36.07,7717000,2026-02-10T03:46:09Z
WFC,2007-05-29,21.83,21.93,21.76,21.83,15989274,36.15,36.3,36.03,36.15,9657300,2026-02-10T03:46:09Z
WFC,2007-05-30,21.88,21.89,21.71,21.78,16233092,36.23,36.25,35.95,36.06,9804600,2026-02-10T03:46:09Z
WFC,2007-05-31,21.8,21.93,21.74,21.85,18345917,36.09,36.3,35.99,36.18,11080700,2026-02-10T03:46:09Z
WFC,2007-06-01,21.99,22.03,21.77,21.87,16326199,36.4,36.47,36.05,36.21,9860800,2026-02-10T03:46:09Z
WFC,2007-06-04,21.86,21.98,21.83,21.98,12407403,36.2,36.4,36.14,36.4,7493900,2026-02-10T03:46:09Z
WFC,2007-06-05,21.69,21.84,21.59,21.81,21980082,35.91,36.16,35.75,36.11,13275700,2026-02-10T03:46:09Z
WFC,2007-06-06,21.5,21.65,21.44,21.65,19135675,35.59,35.84,35.5,35.84,11557700,2026-02-10T03:46:09Z
WFC,2007-06-07,21.18,21.58,21.16,21.48,20630560,35.06,35.73,35.04,35.56,12460600,2026-02-10T03:46:09Z
WFC,2007-06-08,21.34,21.37,21.16,21.17,17644917,35.34,35.38,35.04,35.05,10657300,2026-02-10T03:46:09Z
WFC,2007-06-11,21.43,21.56,21.27,21.3,11610491,35.48,35.69,35.21,35.27,7012600,2026-02-10T03:46:09Z
WFC,2007-06-12,21.25,21.53,21.23,21.33,20201391,35.18,35.65,35.15,35.31,12201400,2026-02-10T03:46:09Z
WFC,2007-06-13,21.71,21.73,21.27,21.32,18074720,35.94,35.98,35.21,35.3,10916900,2026-02-10T03:46:09Z
WFC,2007-06-14,21.68,21.8,21.39,21.41,12928420,35.89,36.1,35.41,35.45,7808600,2026-02-10T03:46:09Z
WFC,2007-06-15,21.73,22.03,21.71,21.74,22401653,35.97,36.47,35.95,36,13530300,2026-02-10T03:46:09Z
WFC,2007-06-18,21.83,21.9,21.68,21.82,13697639,36.14,36.26,35.9,36.13,8273200,2026-02-10T03:46:09Z
WFC,2007-06-19,21.97,22.01,21.76,21.83,16604456,36.38,36.44,36.03,36.15,10028900,2026-02-10T03:46:09Z
WFC,2007-06-20,21.55,22.02,21.54,22.02,19837307,35.68,36.46,35.67,36.45,11981500,2026-02-10T03:46:09Z
WFC,2007-06-21,21.52,21.61,21.34,21.55,16222171,35.63,35.78,35.33,35.68,9798000,2026-02-10T03:46:09Z
WFC,2007-06-22,21.15,21.48,21.15,21.42,30096212,35.02,35.57,35.01,35.47,18177700,2026-02-10T03:46:09Z
WFC,2007-06-25,21.19,21.39,21.12,21.14,24605289,35.08,35.41,34.97,35,14861300,2026-02-10T03:46:09Z
WFC,2007-06-26,21.18,21.39,21.15,21.33,18810159,35.06,35.42,35.01,35.31,11361100,2026-02-10T03:46:09Z
WFC,2007-06-27,21.34,21.36,20.95,21.02,22399283,35.33,35.37,34.69,34.81,13528900,2026-02-10T03:46:09Z
WFC,2007-06-28,21.31,21.53,21.16,21.34,15393018,35.28,35.64,35.04,35.33,9297200,2026-02-10T03:46:09Z
WFC,2007-06-29,21.24,21.83,21.11,21.44,24213459,35.17,36.15,34.95,35.5,14624600,2026-02-10T03:46:09Z
WFC,2007-07-02,21.45,21.53,21.32,21.39,11190295,35.51,35.65,35.3,35.42,6758800,2026-02-10T03:46:09Z
WFC,2007-07-03,21.55,21.68,21.46,21.59,6050780,35.68,35.9,35.53,35.74,3654600,2026-02-10T03:46:09Z
WFC,2007-07-05,21.33,21.59,21.21,21.48,12418656,35.32,35.74,35.11,35.57,7500700,2026-02-10T03:46:09Z
WFC,2007-07-06,21.34,21.38,21.22,21.29,14422305,35.33,35.4,35.14,35.24,8710900,2026-02-10T03:46:09Z
WFC,2007-07-09,21.21,21.5,21.19,21.38,17423407,35.12,35.59,35.08,35.4,10523500,2026-02-10T03:46:09Z
WFC,2007-07-10,20.8,21.14,20.73,21.14,35033056,34.44,35,34.33,35,21159500,2026-02-10T03:46:09Z
WFC,2007-07-11,21.09,21.14,20.74,20.78,26910377,34.92,35,34.34,34.4,16253500,2026-02-10T03:46:09Z
WFC,2007-07-12,21.41,21.43,21.09,21.23,30315219,35.44,35.48,34.92,35.15,18310000,2026-02-10T03:46:09Z
WFC,2007-07-13,21.47,21.51,21.32,21.34,16092232,35.54,35.61,35.29,35.34,9719500,2026-02-10T03:46:09Z
WFC,2007-07-16,21.41,21.75,21.41,21.53,16613721,35.45,36.01,35.45,35.65,10034500,2026-02-10T03:46:09Z
WFC,2007-07-17,21.5,21.73,21.38,21.62,25574223,35.59,35.98,35.4,35.8,15446500,2026-02-10T03:46:09Z
WFC,2007-07-18,21.38,21.44,21.13,21.41,32722393,35.39,35.49,34.99,35.45,19763900,2026-02-10T03:46:09Z
WFC,2007-07-19,21.47,21.59,21.24,21.47,24762617,35.54,35.75,35.17,35.54,14956300,2026-02-10T03:46:09Z
WFC,2007-07-20,20.97,21.54,20.93,21.25,35457933,34.72,35.66,34.65,35.18,21416100,2026-02-10T03:46:09Z
WFC,2007-07-23,21.05,21.23,20.97,21.11,24965042,34.85,35.15,34.72,34.95,15078600,2026-02-10T03:46:09Z
WFC,2007-07-24,20.49,20.95,20.43,20.81,38766028,33.93,34.69,33.83,34.45,23414200,2026-02-10T03:46:09Z
WFC,2007-07-25,20.88,21.06,20.63,20.77,36507624,34.57,34.87,34.15,34.39,22050100,2026-02-10T03:46:09Z
WFC,2007-07-26,20.32,20.76,20.18,20.45,50355630,33.65,34.37,33.41,33.85,30414200,2026-02-10T03:46:09Z
WFC,2007-07-27,20.27,20.75,20.17,20.35,44008074,33.56,34.36,33.4,33.69,26580300,2026-02-10T03:46:09Z
WFC,2007-07-30,20.9,20.97,20.14,20.4,39388578,34.61,34.72,33.34,33.77,23790200,2026-02-10T03:46:09Z
WFC,2007-07-31,20.4,21.16,20.34,20.97,35509270,33.77,35.04,33.68,34.72,21447200,2026-02-10T03:46:09Z
WFC,2007-08-01,20.83,20.87,20.25,20.39,48373654,34.48,34.56,33.53,33.76,29217100,2026-02-10T03:46:09Z
WFC,2007-08-02,20.79,21.03,20.35,20.35,32658699,34.42,34.82,33.69,33.69,19725400,2026-02-10T03:46:09Z
WFC,2007-08-03,19.82,20.83,19.73,20.6,57493833,32.81,34.49,32.66,34.11,34725500,2026-02-10T03:46:09Z
WFC,2007-08-06,20.99,21.02,19.82,19.82,59612835,34.76,34.81,32.81,32.81,36005400,2026-02-10T03:46:09Z
WFC,2007-08-07,21.07,21.32,20.69,20.69,48433012,34.89,35.3,34.25,34.25,29252900,2026-02-10T03:46:09Z
WFC,2007-08-08,21.32,21.48,20.9,21.1,44400527,34.99,35.25,34.29,34.63,27057800,2026-02-10T03:46:09Z
WFC,2007-08-09,20.82,21.46,19.95,20.66,41631248,34.16,35.21,32.73,33.9,25370200,2026-02-10T03:46:09Z
WFC,2007-08-10,20.96,21.26,20.41,20.42,40678131,34.4,34.89,33.5,33.51,24789300,2026-02-10T03:46:09Z
WFC,2007-08-13,20.66,21.21,20.6,21.15,21826016,33.9,34.81,33.8,34.7,13300800,2026-02-10T03:46:09Z
WFC,2007-08-14,20.51,20.86,20.44,20.68,31070249,33.66,34.23,33.54,33.94,18934300,2026-02-10T03:46:09Z
WFC,2007-08-15,20.46,21.14,20.24,20.52,37537829,33.57,34.69,33.22,33.68,22875600,2026-02-10T03:46:09Z
WFC,2007-08-16,21.57,21.91,20.05,20.15,73355135,35.4,35.96,32.9,33.07,44702700,2026-02-10T03:46:09Z
WFC,2007-08-17,22.69,23.15,21.88,22.57,81796531,37.24,37.99,35.91,37.04,49846900,2026-02-10T03:46:09Z
WFC,2007-08-20,22.61,22.73,22.15,22.68,47630324,37.1,37.3,36.35,37.22,29026000,2026-02-10T03:46:09Z
WFC,2007-08-21,22.77,23.02,22.34,22.5,44557031,37.37,37.77,36.66,36.93,27153200,2026-02-10T03:46:09Z
WFC,2007-08-22,22.37,23,22.17,22.8,42217036,36.7,37.74,36.38,37.41,25727200,2026-02-10T03:46:09Z
WFC,2007-08-23,22.21,22.55,22.03,22.41,28220457,36.45,37,36.15,36.78,17197600,2026-02-10T03:46:09Z
WFC,2007-08-24,22.29,22.33,22.04,22.15,27579203,36.57,36.64,36.16,36.34,16806800,2026-02-10T03:46:09Z
WFC,2007-08-27,22.02,22.29,21.99,22.16,29781810,36.13,36.58,36.08,36.37,18149100,2026-02-10T03:46:09Z
WFC,2007-08-28,21.45,21.86,21.41,21.76,32034923,35.2,35.88,35.13,35.7,19522100,2026-02-10T03:46:09Z
WFC,2007-08-29,21.93,22.01,21.34,21.54,26112299,35.98,36.11,35.01,35.35,15912900,2026-02-10T03:46:09Z
WFC,2007-08-30,21.78,21.99,21.63,21.82,23535069,35.74,36.09,35.5,35.8,14342300,2026-02-10T03:46:09Z
WFC,2007-08-31,22.27,22.41,22,22.13,24833908,36.54,36.78,36.1,36.31,15133800,2026-02-10T03:46:09Z
WFC,2007-09-04,22.3,22.48,22.08,22.23,19897556,36.59,36.89,36.23,36.48,12125600,2026-02-10T03:46:09Z
WFC,2007-09-05,21.87,22.16,21.48,21.95,22805673,35.89,36.36,35.25,36.01,13897800,2026-02-10T03:46:09Z
WFC,2007-09-06,21.73,21.94,21.43,21.85,24997927,35.65,36,35.17,35.85,15233800,2026-02-10T03:46:09Z
WFC,2007-09-07,21.45,21.7,21.27,21.37,27952387,35.2,35.6,34.91,35.07,17034200,2026-02-10T03:46:09Z
WFC,2007-09-10,21.41,21.64,21.15,21.54,22370440,35.14,35.51,34.71,35.34,13632600,2026-02-10T03:46:09Z
WFC,2007-09-11,22.01,22.07,21.38,21.48,27179431,36.12,36.21,35.08,35.25,16563200,2026-02-10T03:46:09Z
WFC,2007-09-12,21.74,21.97,21.72,21.91,21981840,35.68,36.05,35.64,35.96,13395800,2026-02-10T03:46:09Z
WFC,2007-09-13,21.82,21.95,21.72,21.78,23983659,35.81,36.01,35.64,35.74,14615700,2026-02-10T03:46:09Z
WFC,2007-09-14,21.73,21.82,21.56,21.67,19848615,35.66,35.81,35.38,35.56,12095800,2026-02-10T03:46:09Z
WFC,2007-09-17,21.73,21.81,21.56,21.61,18992203,35.66,35.79,35.38,35.46,11573900,2026-02-10T03:46:09Z
WFC,2007-09-18,22.66,22.7,21.61,21.62,34417776,37.19,37.25,35.46,35.47,20974300,2026-02-10T03:46:09Z
WFC,2007-09-19,22.73,23.15,22.66,22.78,35077495,37.3,37.99,37.19,37.38,21376300,2026-02-10T03:46:09Z
WFC,2007-09-20,22.27,22.8,22.09,22.61,29079874,36.55,37.42,36.25,37.11,17721300,2026-02-10T03:46:09Z
WFC,2007-09-21,22.08,22.49,22.01,22.24,39036024,36.24,36.91,36.12,36.5,23788600,2026-02-10T03:46:09Z
WFC,2007-09-24,21.91,22.11,21.86,22.09,25502863,35.96,36.29,35.87,36.24,15541500,2026-02-10T03:46:09Z
WFC,2007-09-25,21.98,22.09,21.67,21.67,26133688,36.07,36.25,35.56,35.56,15925900,2026-02-10T03:46:09Z
WFC,2007-09-26,21.85,22.09,21.73,22.06,23856788,35.85,36.25,35.65,36.2,14538400,2026-02-10T03:46:09Z
WFC,2007-09-27,21.95,22.05,21.66,21.89,22421118,36.02,36.19,35.55,35.92,13663500,2026-02-10T03:46:09Z
WFC,2007-09-28,21.71,21.93,21.61,21.85,26057183,35.62,35.98,35.46,35.86,15879300,2026-02-10T03:46:09Z
WFC,2007-10-01,22.33,22.38,21.45,21.45,31516284,36.65,36.73,35.2,35.2,19206100,2026-02-10T03:46:09Z
WFC,2007-10-02,22.32,22.44,22.08,22.42,23918854,36.63,36.83,36.23,36.79,14576200,2026-02-10T03:46:09Z
WFC,2007-10-03,22.55,22.62,22.15,22.23,27547138,37,37.12,36.34,36.48,16787300,2026-02-10T03:46:09Z
WFC,2007-10-04,22.71,22.85,22.55,22.55,20553931,37.27,37.5,37,37,12525600,2026-02-10T03:46:09Z
WFC,2007-10-05,22.83,23.02,22.53,22.85,19084278,37.47,37.78,36.97,37.49,11630000,2026-02-10T03:46:09Z
WFC,2007-10-08,22.52,22.86,22.4,22.82,15438083,36.96,37.51,36.76,37.45,9408000,2026-02-10T03:46:09Z
WFC,2007-10-09,22.62,22.69,22.43,22.61,16835522,37.12,37.24,36.8,37.1,10259600,2026-02-10T03:46:09Z
WFC,2007-10-10,22.32,22.61,22.11,22.61,22966450,36.62,37.11,36.28,37.11,13995800,2026-02-10T03:46:09Z
WFC,2007-10-11,22.13,22.55,21.93,22.34,26803794,36.32,37,35.98,36.66,16334300,2026-02-10T03:46:09Z
WFC,2007-10-12,21.96,22.31,21.93,22.21,22813234,36.04,36.61,35.98,36.45,13902400,2026-02-10T03:46:09Z
WFC,2007-10-15,21.91,22.08,21.68,21.92,24541273,35.95,36.23,35.58,35.97,14955500,2026-02-10T03:46:09Z
WFC,2007-10-16,21.05,21.37,20.85,21.37,56521415,34.55,35.07,34.21,35.07,34444200,2026-02-10T03:46:09Z
WFC,2007-10-17,20.88,21.29,20.57,21.26,47899761,34.27,34.94,33.76,34.88,29190200,2026-02-10T03:46:09Z
WFC,2007-10-18,20.41,20.66,20.29,20.55,46942497,33.5,33.91,33.3,33.72,28606900,2026-02-10T03:46:09Z
WFC,2007-10-19,20.02,20.57,20.02,20.33,41162914,32.86,33.75,32.86,33.36,25084700,2026-02-10T03:46:09Z
WFC,2007-10-22,20.61,20.67,19.9,19.95,38468321,33.82,33.92,32.66,32.73,23442700,2026-02-10T03:46:09Z
WFC,2007-10-23,20.57,20.82,20.41,20.78,22583297,33.76,34.17,33.5,34.1,13762300,2026-02-10T03:46:09Z
WFC,2007-10-24,20.74,20.93,20.03,20.42,51683401,34.04,34.34,32.87,33.51,31495900,2026-02-10T03:46:09Z
WFC,2007-10-25,20.6,20.82,20.33,20.81,50222467,33.81,34.17,33.36,34.15,30605700,2026-02-10T03:46:09Z
WFC,2007-10-26,21.05,21.11,20.54,21.02,30122209,34.55,34.64,33.7,34.49,18356500,2026-02-10T03:46:09Z
WFC,2007-10-29,20.8,21.2,20.77,21.15,22376679,34.13,34.78,34.09,34.7,13636400,2026-02-10T03:46:09Z
WFC,2007-10-30,20.72,20.87,20.63,20.73,20935901,34,34.25,33.85,34.01,12758400,2026-02-10T03:46:09Z
WFC,2007-10-31,20.73,21.04,20.35,21.01,35386265,34.01,34.52,33.4,34.48,21564500,2026-02-10T03:46:09Z
WFC,2007-11-01,19.57,20.35,19.52,20.22,52694932,32.11,33.4,32.04,33.18,32112400,2026-02-10T03:46:09Z
WFC,2007-11-02,19.69,19.94,19.42,19.71,53712270,32.31,32.72,31.87,32.35,32732400,2026-02-10T03:46:09Z
WFC,2007-11-05,19.46,19.78,19.22,19.5,47585187,31.93,32.46,31.54,32,28998500,2026-02-10T03:46:09Z
WFC,2007-11-06,20.08,20.11,19.47,19.5,52253018,32.95,33,31.95,32,31843100,2026-02-10T03:46:09Z
WFC,2007-11-07,18.92,20.31,18.92,20,81074487,30.76,33.02,30.75,32.51,49876100,2026-02-10T03:46:09Z
WFC,2007-11-08,19.37,19.48,18.81,19.31,67842063,31.48,31.67,30.57,31.39,41735800,2026-02-10T03:46:09Z
WFC,2007-11-09,19.48,19.95,18.86,19.15,53778713,31.66,32.43,30.65,31.13,33084100,2026-02-10T03:46:09Z
WFC,2007-11-12,19.9,20.47,19.4,19.4,46131917,32.35,33.28,31.54,31.54,28379900,2026-02-10T03:46:09Z
WFC,2007-11-13,20.85,20.87,19.98,20.3,36333794,33.89,33.93,32.47,32.99,22352200,2026-02-10T03:46:09Z
WFC,2007-11-14,20.46,21.09,20.37,21.02,30335784,33.25,34.29,33.11,34.16,18662300,2026-02-10T03:46:09Z
WFC,2007-11-15,19.67,20.39,19.48,20.07,56587789,31.97,33.14,31.67,32.63,34812200,2026-02-10T03:46:09Z
WFC,2007-11-16,19.16,19.59,18.96,19.5,64254678,31.14,31.85,30.82,31.69,39528800,2026-02-10T03:46:09Z
WFC,2007-11-19,18.78,19.14,18.35,19.08,66018318,30.53,31.12,29.83,31.01,40613700,2026-02-10T03:46:09Z
WFC,2007-11-20,18.71,19.06,18.27,18.62,63378724,30.42,30.98,29.7,30.27,38990000,2026-02-10T03:46:09Z
WFC,2007-11-21,18.41,18.81,18.35,18.52,67526399,29.92,30.57,29.83,30.11,41541600,2026-02-10T03:46:09Z
WFC,2007-11-23,18.97,19.16,18.62,18.75,19989879,30.84,31.14,30.26,30.48,12297600,2026-02-10T03:46:09Z
WFC,2007-11-26,18.14,19.08,18.11,19.01,44169248,29.49,31.02,29.44,30.9,27172400,2026-02-10T03:46:09Z
WFC,2007-11-27,18.35,18.57,18.02,18.57,64582386,29.83,30.18,29.29,30.18,39730400,2026-02-10T03:46:09Z
WFC,2007-11-28,18.9,19.46,18.45,18.51,88934000,30.72,31.64,29.99,30.09,54711200,2026-02-10T03:46:09Z
WFC,2007-11-29,18.79,18.94,18.49,18.9,39648730,30.54,30.79,30.05,30.72,24391500,2026-02-10T03:46:09Z
WFC,2007-11-30,19.95,20.92,19.21,19.79,83892181,32.43,34,31.23,32.17,51609600,2026-02-10T03:46:09Z
WFC,2007-12-03,19.59,20.15,19.49,20.15,32081225,31.84,32.75,31.68,32.75,19736000,2026-02-10T03:46:09Z
WFC,2007-12-04,19.54,19.66,19.18,19.51,37386724,31.76,31.95,31.18,31.71,22999900,2026-02-10T03:46:09Z
WFC,2007-12-05,19.93,20.01,19.59,19.86,30874296,32.4,32.53,31.84,32.29,18993600,2026-02-10T03:46:09Z
WFC,2007-12-06,20.05,20.57,19.4,19.65,41175494,32.59,33.43,31.53,31.94,25330700,2026-02-10T03:46:09Z
WFC,2007-12-07,19.51,20.28,19.41,20.13,35903656,31.71,32.97,31.56,32.72,22087600,2026-02-10T03:46:09Z
WFC,2007-12-10,20.08,20.24,19.54,19.54,32314572,32.64,32.9,31.76,31.76,19879600,2026-02-10T03:46:09Z
WFC,2007-12-11,18.93,20.05,18.87,20.05,58435435,30.77,32.6,30.67,32.6,35948900,2026-02-10T03:46:09Z
WFC,2007-12-12,18.87,19.61,18.35,19.29,67003603,30.67,31.88,29.83,31.36,41220000,2026-02-10T03:46:09Z
WFC,2007-12-13,18.8,18.85,18.3,18.47,45262780,30.56,30.64,29.75,30.03,27845200,2026-02-10T03:46:09Z
WFC,2007-12-14,18.5,18.97,18.36,18.69,34250489,30.07,30.83,29.85,30.38,21070600,2026-02-10T03:46:09Z
WFC,2007-12-17,18.5,19,18.15,18.46,35393548,30.07,30.88,29.5,30,21773800,2026-02-10T03:46:09Z
WFC,2007-12-18,18.65,18.87,18.24,18.65,33019974,30.32,30.68,29.65,30.32,20313600,2026-02-10T03:46:09Z
WFC,2007-12-19,18.84,19.25,18.59,18.7,38319908,30.62,31.29,30.21,30.39,23574000,2026-02-10T03:46:09Z
WFC,2007-12-20,18.68,19.05,18.41,19.02,28669710,30.37,30.97,29.93,30.91,17637300,2026-02-10T03:46:09Z
WFC,2007-12-21,18.68,18.93,18.38,18.87,57531558,30.37,30.77,29.88,30.67,35392800,2026-02-10T03:46:09Z
WFC,2007-12-24,19.19,19.31,18.7,18.73,15451022,31.2,31.39,30.4,30.45,9505300,2026-02-10T03:46:09Z
WFC,2007-12-26,19.23,19.34,18.92,19.21,19305944,31.26,31.43,30.76,31.22,11876800,2026-02-10T03:46:09Z
WFC,2007-12-27,18.64,19,18.59,18.92,29292993,30.3,30.89,30.21,30.76,18020800,2026-02-10T03:46:09Z
WFC,2007-12-28,18.51,18.81,18.39,18.78,20980635,30.09,30.58,29.9,30.52,12907100,2026-02-10T03:46:09Z
WFC,2007-12-31,18.57,18.81,18.3,18.51,21046491,30.19,30.57,29.75,30.09,12947600,2026-02-10T03:46:09Z
WFC,2008-01-02,17.9,18.75,17.83,18.75,39642611,29.1,30.48,28.98,30.48,24387700,2026-02-10T03:46:09Z
WFC,2008-01-03,17.55,18.07,17.33,17.99,42772198,28.52,29.37,28.17,29.25,26313000,2026-02-10T03:46:09Z
WFC,2008-01-04,16.91,17.42,16.6,17.38,82606380,27.49,28.32,26.99,28.25,50818700,2026-02-10T03:46:09Z
WFC,2008-01-07,17.03,17.25,16.68,17.04,42028380,27.68,28.04,27.11,27.7,25855500,2026-02-10T03:46:09Z
WFC,2008-01-08,16.3,17.29,16.22,17.14,67452636,26.5,28.11,26.37,27.87,41496100,2026-02-10T03:46:09Z
WFC,2008-01-09,16.63,16.68,15.87,16.3,60627746,27.04,27.12,25.79,26.5,37297500,2026-02-10T03:46:09Z
WFC,2008-01-10,17.17,17.51,16.3,16.34,72113707,27.91,28.46,26.5,26.56,44363500,2026-02-10T03:46:09Z
WFC,2008-01-11,17.35,17.62,16.7,17.04,53520086,28.2,28.64,27.15,27.7,32925100,2026-02-10T03:46:09Z
WFC,2008-01-14,17.35,17.48,17.02,17.46,36845708,28.21,28.42,27.66,28.38,22667100,2026-02-10T03:46:09Z
WFC,2008-01-15,16.3,16.85,16.27,16.74,58982528,26.49,27.39,26.45,27.21,36285500,2026-02-10T03:46:09Z
WFC,2008-01-16,16.84,17.29,16.44,17.04,71006730,27.37,28.11,26.72,27.7,43682500,2026-02-10T03:46:09Z
WFC,2008-01-17,16.07,17.04,15.99,16.92,56561438,26.13,27.69,26,27.51,34796000,2026-02-10T03:46:09Z
WFC,2008-01-18,15.68,16.6,15.39,16.36,81028669,25.48,26.99,25.02,26.6,49847900,2026-02-10T03:46:09Z
WFC,2008-01-22,16.58,17.39,15,15,98967952,26.95,28.27,24.38,24.38,60884200,2026-02-10T03:46:09Z
WFC,2008-01-23,18.07,18.52,16.12,16.12,143452440,29.38,30.1,26.2,26.21,88250600,2026-02-10T03:46:09Z
WFC,2008-01-24,19.17,19.34,18.13,18.46,106113510,31.16,31.44,29.47,30,65279900,2026-02-10T03:46:09Z
WFC,2008-01-25,18.86,19.71,18.47,19.41,93837802,30.66,32.04,30.03,31.56,57728000,2026-02-10T03:46:09Z
WFC,2008-01-28,19.56,19.64,18.62,18.71,59823921,31.8,31.93,30.27,30.41,36803000,2026-02-10T03:46:09Z
WFC,2008-01-29,20.06,20.2,19.29,19.69,72194418,32.6,32.83,31.36,32,44413300,2026-02-10T03:46:09Z
WFC,2008-01-30,20.15,20.92,19.8,19.98,100868786,32.76,34,32.19,32.48,62053400,2026-02-10T03:46:09Z
WFC,2008-01-31,20.97,21.07,19.55,19.82,97986365,34.08,34.25,31.77,32.21,60280300,2026-02-10T03:46:09Z
WFC,2008-02-01,20.7,21.26,20.39,20.46,72694932,33.65,34.56,33.14,33.26,44721100,2026-02-10T03:46:09Z
WFC,2008-02-04,19.31,20.02,19.13,19.93,64588707,31.39,32.55,31.1,32.39,39734300,2026-02-10T03:46:09Z
WFC,2008-02-05,18.74,19.05,18.59,18.82,53965387,30.47,30.97,30.22,30.6,33198900,2026-02-10T03:46:09Z
WFC,2008-02-06,18.7,19.26,18.49,19.17,49216053,30.08,30.99,29.75,30.84,30588400,2026-02-10T03:46:09Z
WFC,2008-02-07,18.93,19.19,18.45,18.55,51378452,30.46,30.87,29.69,29.84,31932400,2026-02-10T03:46:09Z
WFC,2008-02-08,18.32,18.94,18.05,18.87,56103419,29.48,30.47,29.04,30.36,34869000,2026-02-10T03:46:09Z
WFC,2008-02-11,18.36,18.58,17.92,18.58,37076120,29.54,29.9,28.83,29.9,23043300,2026-02-10T03:46:09Z
WFC,2008-02-12,18.6,18.86,18.28,18.51,46444486,29.92,30.35,29.41,29.78,28865900,2026-02-10T03:46:09Z
WFC,2008-02-13,18.94,19.06,18.41,18.78,56140580,30.47,30.66,29.62,30.21,34892100,2026-02-10T03:46:09Z
WFC,2008-02-14,18.39,19.04,18.34,18.98,40412443,29.59,30.64,29.5,30.54,25116900,2026-02-10T03:46:09Z
WFC,2008-02-15,18.45,18.52,17.87,18.29,42455477,29.69,29.79,28.75,29.42,26386600,2026-02-10T03:46:09Z
WFC,2008-02-19,18.56,19.12,18.31,19.06,47819541,29.86,30.77,29.46,30.67,29720500,2026-02-10T03:46:09Z
WFC,2008-02-20,19.05,19.16,18.19,18.36,46340237,30.65,30.82,29.26,29.54,28801100,2026-02-10T03:46:09Z
WFC,2008-02-21,19.11,19.37,19.02,19.16,46558983,30.74,31.16,30.61,30.82,28937000,2026-02-10T03:46:09Z
WFC,2008-02-22,19.54,19.63,18.84,19.18,46322691,31.44,31.58,30.31,30.86,28790200,2026-02-10T03:46:09Z
WFC,2008-02-25,19.7,19.8,19.08,19.39,67951762,31.69,31.86,30.7,31.2,42232800,2026-02-10T03:46:09Z
WFC,2008-02-26,19.52,19.88,19.27,19.63,48901977,31.4,31.98,31.01,31.59,30393200,2026-02-10T03:46:09Z
WFC,2008-02-27,19.73,20.08,19.06,19.17,49154455,31.74,32.31,30.66,30.84,30550100,2026-02-10T03:46:09Z
WFC,2008-02-28,18.99,19.53,18.98,19.53,44569063,30.56,31.43,30.54,31.43,27700200,2026-02-10T03:46:09Z
WFC,2008-02-29,18.17,18.89,18.04,18.81,53915601,29.23,30.4,29.03,30.26,33509200,2026-02-10T03:46:09Z
WFC,2008-03-03,17.94,18.18,17.54,18.17,41711713,28.87,29.25,28.22,29.24,25924400,2026-02-10T03:46:09Z
WFC,2008-03-04,17.92,18.07,17.3,17.68,48981492,28.83,29.07,27.84,28.44,30442600,2026-02-10T03:46:09Z
WFC,2008-03-05,18.01,18.64,17.77,18.19,52660496,28.98,30,28.59,29.26,32729100,2026-02-10T03:46:09Z
WFC,2008-03-06,17.3,17.91,17.25,17.77,54172661,27.83,28.81,27.75,28.59,33669000,2026-02-10T03:46:09Z
WFC,2008-03-07,17.47,18.27,16.86,17.08,77758125,28.11,29.39,27.13,27.48,48327600,2026-02-10T03:46:09Z
WFC,2008-03-10,17.33,17.74,17.05,17.7,54219937,27.89,28.55,27.44,28.48,33698400,2026-02-10T03:46:09Z
WFC,2008-03-11,19.16,19.16,17.87,18.57,82380061,30.82,30.82,28.75,29.88,51200200,2026-02-10T03:46:09Z
WFC,2008-03-12,18.36,19.63,18.3,18.91,63634043,29.54,31.59,29.44,30.42,39549400,2026-02-10T03:46:09Z
WFC,2008-03-13,18.32,18.53,17.32,17.9,82973655,29.48,29.82,27.86,28.8,51569200,2026-02-10T03:46:09Z
WFC,2008-03-14,17.68,18.68,17.38,18.49,82683117,28.45,30.06,27.97,29.75,51388500,2026-02-10T03:46:09Z
WFC,2008-03-17,17.89,18.22,16.84,16.94,87956059,28.78,29.31,27.1,27.25,54665700,2026-02-10T03:46:09Z
WFC,2008-03-18,19.6,19.63,18.43,18.71,88738541,31.54,31.58,29.65,30.1,55152100,2026-02-10T03:46:09Z
WFC,2008-03-19,19.01,20.16,18.83,19.7,75490328,30.58,32.43,30.29,31.69,46918300,2026-02-10T03:46:09Z
WFC,2008-03-20,20.23,20.39,19.01,19.14,76680796,32.55,32.8,30.58,30.8,47658000,2026-02-10T03:46:09Z
WFC,2008-03-24,19.94,20.84,19.89,20.13,72781728,32.09,33.53,32,32.39,45234900,2026-02-10T03:46:09Z
WFC,2008-03-25,19.93,20.19,19.48,19.91,44218722,32.06,32.48,31.35,32.04,27482500,2026-02-10T03:46:09Z
WFC,2008-03-26,19.15,19.76,18.74,19.76,58887473,30.81,31.79,30.15,31.79,36599300,2026-02-10T03:46:09Z
WFC,2008-03-27,18.81,19.39,18.68,19.37,43439279,30.26,31.2,30.05,31.16,26998100,2026-02-10T03:46:09Z
WFC,2008-03-28,18.24,18.97,18.15,18.9,46425272,29.35,30.52,29.21,30.41,28853900,2026-02-10T03:46:09Z
WFC,2008-03-31,18.09,18.49,17.97,18.27,56271154,29.1,29.75,28.91,29.39,34973200,2026-02-10T03:46:09Z
WFC,2008-04-01,19.57,19.6,18.71,18.85,58039303,31.49,31.53,30.11,30.33,36072100,2026-02-10T03:46:09Z
WFC,2008-04-02,18.97,19.73,18.84,19.71,59694304,30.53,31.75,30.31,31.71,37100800,2026-02-10T03:46:09Z
WFC,2008-04-03,19.14,19.27,18.64,18.79,32252880,30.79,31,30,30.23,20045600,2026-02-10T03:46:09Z
WFC,2008-04-04,19.22,19.35,18.88,19.15,40364395,30.93,31.14,30.38,30.81,25087000,2026-02-10T03:46:09Z
WFC,2008-04-07,19.14,19.75,19.12,19.55,32408308,30.79,31.77,30.77,31.46,20142200,2026-02-10T03:46:09Z
WFC,2008-04-08,18.6,18.85,18.43,18.81,54319815,29.93,30.33,29.66,30.26,33760500,2026-02-10T03:46:09Z
WFC,2008-04-09,18.3,18.74,18.05,18.65,47957858,29.45,30.15,29.04,30.01,29806500,2026-02-10T03:46:09Z
WFC,2008-04-10,17.73,18.37,17.65,18.22,73135521,28.52,29.56,28.4,29.31,45454800,2026-02-10T03:46:09Z
WFC,2008-04-11,17.38,17.92,17.34,17.55,71123608,27.97,28.84,27.9,28.24,44204200,2026-02-10T03:46:09Z
WFC,2008-04-14,16.91,17.35,16.83,17.18,58054301,27.2,27.91,27.08,27.65,36081600,2026-02-10T03:46:09Z
WFC,2008-04-15,17.28,17.39,16.86,17.08,47745515,27.81,27.98,27.12,27.48,29674500,2026-02-10T03:46:09Z
WFC,2008-04-16,18.03,18.86,17.71,18.61,112378613,29.01,30.34,28.49,29.95,69844800,2026-02-10T03:46:09Z
WFC,2008-04-17,18.47,18.59,17.76,17.84,52416945,29.71,29.91,28.58,28.7,32577900,2026-02-10T03:46:09Z
WFC,2008-04-18,18.89,19.29,18.8,19.04,61047622,30.4,31.04,30.25,30.63,37941900,2026-02-10T03:46:09Z
WFC,2008-04-21,18.19,18.61,18.06,18.57,39204780,29.27,29.94,29.06,29.87,24366300,2026-02-10T03:46:09Z
WFC,2008-04-22,18.26,18.39,17.99,18.14,36615227,29.38,29.59,28.95,29.19,22756900,2026-02-10T03:46:09Z
WFC,2008-04-23,17.97,18.42,17.76,18.3,39475025,28.92,29.64,28.58,29.44,24534300,2026-02-10T03:46:09Z
WFC,2008-04-24,18.55,18.73,17.88,18,46619688,29.85,30.14,28.77,28.96,28974800,2026-02-10T03:46:09Z
WFC,2008-04-25,19.01,19.14,18.37,18.68,41520090,30.59,30.8,29.56,30.06,25805300,2026-02-10T03:46:09Z
WFC,2008-04-28,18.86,19.07,18.72,18.96,27713021,30.34,30.68,30.12,30.5,17224000,2026-02-10T03:46:09Z
WFC,2008-04-29,18.57,18.91,18.48,18.86,31169271,29.88,30.43,29.74,30.34,19372100,2026-02-10T03:46:09Z
WFC,2008-04-30,18.49,19.01,18.38,18.58,34589002,29.75,30.59,29.57,29.89,21497500,2026-02-10T03:46:09Z
WFC,2008-05-01,19.38,19.75,18.49,18.5,61667820,31.18,31.77,29.75,29.77,38327400,2026-02-10T03:46:09Z
WFC,2008-05-02,19.35,20.14,19.23,19.76,41754909,31.14,32.4,30.94,31.79,25951200,2026-02-10T03:46:09Z
WFC,2008-05-05,19.36,19.51,19.06,19.34,29955815,31.15,31.39,30.66,31.12,18617900,2026-02-10T03:46:09Z
WFC,2008-05-06,19.43,19.63,18.96,19.07,34052566,31.27,31.59,30.51,30.69,21164100,2026-02-10T03:46:09Z
WFC,2008-05-07,18.77,19.62,18.69,19.6,44081443,29.9,31.26,29.78,31.22,27671500,2026-02-10T03:46:09Z
WFC,2008-05-08,18.44,18.9,18.25,18.88,37778586,29.38,30.11,29.08,30.07,23715000,2026-02-10T03:46:09Z
WFC,2008-05-09,18.41,18.8,18.2,18.39,25579218,29.33,29.95,29,29.3,16057000,2026-02-10T03:46:09Z
WFC,2008-05-12,18.68,18.77,18.45,18.52,21510502,29.76,29.9,29.39,29.5,13502900,2026-02-10T03:46:09Z
WFC,2008-05-13,18.19,18.81,18.14,18.7,43370808,28.97,29.96,28.9,29.79,27225400,2026-02-10T03:46:09Z
WFC,2008-05-14,18.15,18.47,18.06,18.29,41160814,28.91,29.43,28.77,29.13,25838200,2026-02-10T03:46:09Z
WFC,2008-05-15,18.58,18.58,18.02,18.19,44451933,29.6,29.6,28.71,28.98,27904100,2026-02-10T03:46:09Z
WFC,2008-05-16,18.17,18.61,17.96,18.61,41233002,28.95,29.65,28.61,29.64,25883500,2026-02-10T03:46:09Z
WFC,2008-05-19,17.88,18.48,17.83,18.2,45519030,28.48,29.44,28.4,29,28573900,2026-02-10T03:46:09Z
WFC,2008-05-20,17.61,18.27,17.42,17.76,50120734,28.05,29.1,27.75,28.29,31462600,2026-02-10T03:46:09Z
WFC,2008-05-21,17.39,17.82,17.24,17.55,52346330,27.7,28.39,27.47,27.95,32859700,2026-02-10T03:46:09Z
WFC,2008-05-22,17.52,17.85,17.29,17.42,41771411,27.91,28.44,27.55,27.75,26221400,2026-02-10T03:46:09Z
WFC,2008-05-23,17.38,17.53,17.23,17.47,38106377,27.68,27.93,27.45,27.83,23920700,2026-02-10T03:46:09Z
WFC,2008-05-27,17.3,17.59,17.04,17.35,43805208,27.56,28.02,27.15,27.64,27498100,2026-02-10T03:46:09Z
WFC,2008-05-28,17.24,17.5,16.72,17.39,63268500,27.47,27.87,26.63,27.71,39715900,2026-02-10T03:46:09Z
WFC,2008-05-29,17.56,17.66,17.11,17.18,40184938,27.98,28.13,27.25,27.36,25225600,2026-02-10T03:46:09Z
WFC,2008-05-30,17.31,17.76,17.26,17.76,30922997,27.57,28.29,27.5,28.29,19411500,2026-02-10T03:46:09Z
WFC,2008-06-02,17.02,17.29,16.77,17.24,36925286,27.11,27.54,26.71,27.47,23179300,2026-02-10T03:46:09Z
WFC,2008-06-03,16.81,17.23,16.69,17.11,48371363,26.78,27.44,26.59,27.26,30364500,2026-02-10T03:46:09Z
WFC,2008-06-04,16.72,16.95,16.45,16.75,53350251,26.64,27,26.2,26.68,33489900,2026-02-10T03:46:09Z
WFC,2008-06-05,17.07,17.24,16.7,16.84,42952023,27.2,27.47,26.61,26.82,26962500,2026-02-10T03:46:09Z
WFC,2008-06-06,15.96,16.84,15.89,16.82,91953968,25.42,26.82,25.32,26.8,57723000,2026-02-10T03:46:09Z
WFC,2008-06-09,15.86,16.24,15.58,16.11,63895130,25.27,25.87,24.82,25.66,40109300,2026-02-10T03:46:09Z
WFC,2008-06-10,16.26,16.63,15.57,15.72,69364040,25.91,26.49,24.81,25.04,43542200,2026-02-10T03:46:09Z
WFC,2008-06-11,16.04,16.42,16.01,16.34,76502638,25.55,26.16,25.5,26.03,48023600,2026-02-10T03:46:09Z
WFC,2008-06-12,16.33,16.84,16.06,16.13,64837410,26.02,26.83,25.59,25.7,40700800,2026-02-10T03:46:09Z
WFC,2008-06-13,16.37,16.7,15.88,16.51,51559906,26.08,26.6,25.29,26.3,32366100,2026-02-10T03:46:09Z
WFC,2008-06-16,16.56,16.94,16.08,16.34,52834870,26.38,26.98,25.62,26.03,33166400,2026-02-10T03:46:09Z
WFC,2008-06-17,15.94,17.07,15.86,16.79,64812253,25.4,27.2,25.27,26.74,40685000,2026-02-10T03:46:09Z
WFC,2008-06-18,15.96,16.23,15.55,15.73,67243985,25.43,25.85,24.77,25.06,42211400,2026-02-10T03:46:09Z
WFC,2008-06-19,16.09,16.13,15.42,15.95,74924049,25.63,25.7,24.56,25.41,47032600,2026-02-10T03:46:09Z
WFC,2008-06-20,15.38,15.94,15.07,15.42,99799007,24.5,25.4,24,24.56,62647300,2026-02-10T03:46:09Z
WFC,2008-06-23,15.23,15.56,14.99,15.46,58675050,24.26,24.79,23.88,24.63,36832500,2026-02-10T03:46:09Z
WFC,2008-06-24,15.82,16.13,15,15.26,79655194,25.2,25.69,23.9,24.31,50002600,2026-02-10T03:46:09Z
WFC,2008-06-25,15.94,16.66,15.83,15.93,66899754,25.4,26.54,25.22,25.37,41995400,2026-02-10T03:46:09Z
WFC,2008-06-26,15.11,15.89,15.11,15.56,94202216,24.07,25.31,24.07,24.79,59134100,2026-02-10T03:46:09Z
WFC,2008-06-27,15.08,15.44,14.83,15.22,79088164,24.03,24.59,23.62,24.24,49646500,2026-02-10T03:46:09Z
WFC,2008-06-30,14.91,15.27,14.73,15.13,67377824,23.75,24.33,23.46,24.11,42295400,2026-02-10T03:46:09Z
WFC,2008-07-01,15.14,15.2,14.46,14.73,92631574,24.12,24.22,23.04,23.47,58148200,2026-02-10T03:46:09Z
WFC,2008-07-02,14.81,15.55,14.78,15.2,54232483,23.59,24.78,23.55,24.22,34043700,2026-02-10T03:46:09Z
WFC,2008-07-03,15.02,15.32,14.66,15,45174698,23.92,24.41,23.36,23.9,28357700,2026-02-10T03:46:09Z
WFC,2008-07-07,14.76,15.38,14.12,15.19,92597058,23.52,24.5,22.5,24.2,58126700,2026-02-10T03:46:09Z
WFC,2008-07-08,15.49,15.55,14.37,14.87,97456396,24.67,24.78,22.89,23.69,61177100,2026-02-10T03:46:09Z
WFC,2008-07-09,14.88,15.8,14.79,15.52,83883463,23.71,25.17,23.56,24.73,52656600,2026-02-10T03:46:09Z
WFC,2008-07-10,14.82,15.16,14.38,14.64,97190992,23.61,24.15,22.9,23.33,61010500,2026-02-10T03:46:09Z
WFC,2008-07-11,14.44,14.93,13.88,14.15,131168624,23,23.78,22.11,22.55,82339104,2026-02-10T03:46:09Z
WFC,2008-07-14,13.54,15.06,13.48,14.98,89883255,21.57,23.99,21.48,23.86,56423100,2026-02-10T03:46:09Z
WFC,2008-07-15,12.87,14.32,12.84,13.19,195264360,20.51,22.82,20.46,21.01,122574800,2026-02-10T03:46:09Z
WFC,2008-07-16,17.09,17.15,14.56,14.93,328541787,27.23,27.32,23.2,23.79,206238096,2026-02-10T03:46:09Z
WFC,2008-07-17,17.47,18.04,16.03,16.93,183529148,27.83,28.73,25.54,26.97,115207904,2026-02-10T03:46:09Z
WFC,2008-07-18,17.49,17.77,16.6,17.64,114136995,27.86,28.31,26.45,28.1,71647800,2026-02-10T03:46:09Z
WFC,2008-07-21,17.29,17.95,17.14,17.61,112484050,27.54,28.6,27.3,28.05,70610496,2026-02-10T03:46:09Z
WFC,2008-07-22,19.1,19.21,16.72,17.13,160739460,30.43,30.61,26.63,27.29,100901904,2026-02-10T03:46:09Z
WFC,2008-07-23,19.11,20.07,18.74,18.91,194674597,30.45,31.97,29.86,30.13,122204496,2026-02-10T03:46:09Z
WFC,2008-07-24,18.3,19.34,18.2,19.27,112411763,29.15,30.81,29,30.7,70564896,2026-02-10T03:46:09Z
WFC,2008-07-25,18.26,18.84,17.9,18.41,88460313,29.09,30.01,28.51,29.33,55529600,2026-02-10T03:46:09Z
WFC,2008-07-28,17.53,18.62,17.45,18.2,74312307,27.93,29.67,27.8,29,46648600,2026-02-10T03:46:09Z
WFC,2008-07-29,19.12,19.12,17.41,17.68,99252590,30.46,30.46,27.73,28.17,62304300,2026-02-10T03:46:09Z
WFC,2008-07-30,19.59,19.77,18.75,19.46,104739860,31.2,31.5,29.87,31,65749100,2026-02-10T03:46:09Z
WFC,2008-07-31,19,19.61,18.84,19.28,76636233,30.27,31.24,30.01,30.71,48107400,2026-02-10T03:46:09Z
WFC,2008-08-01,19.15,19.23,18.65,19,64398233,30.5,30.64,29.71,30.27,40425200,2026-02-10T03:46:09Z
WFC,2008-08-04,18.95,19.32,18.48,18.89,74279204,30.18,30.77,29.44,30.1,46627800,2026-02-10T03:46:09Z
WFC,2008-08-05,19.8,19.89,18.98,19.18,72973966,31.54,31.69,30.24,30.55,45808400,2026-02-10T03:46:09Z
WFC,2008-08-06,19.23,19.65,19.1,19.55,66500933,30.31,30.97,30.1,30.8,42199900,2026-02-10T03:46:09Z
WFC,2008-08-07,18.41,19.44,18.12,18.98,90631770,29.01,30.64,28.55,29.91,57512900,2026-02-10T03:46:09Z
WFC,2008-08-08,19.15,19.36,18.22,18.41,72264625,30.17,30.51,28.71,29.01,45857500,2026-02-10T03:46:09Z
WFC,2008-08-11,20.06,20.35,19.16,19.19,87111169,31.61,32.07,30.2,30.24,55278800,2026-02-10T03:46:09Z
WFC,2008-08-12,19.28,20,19.09,19.67,85598178,30.38,31.52,30.09,31,54318500,2026-02-10T03:46:09Z
WFC,2008-08-13,18.59,19.25,18.4,19.13,84243818,29.29,30.33,29,30.14,53459300,2026-02-10T03:46:09Z
WFC,2008-08-14,19.15,19.37,18.37,18.52,64510648,30.17,30.52,28.95,29.18,40937000,2026-02-10T03:46:09Z
WFC,2008-08-15,18.89,19.35,18.56,18.92,68725507,29.76,30.49,29.25,29.81,43611600,2026-02-10T03:46:09Z
WFC,2008-08-18,18.28,18.95,18.12,18.92,60133656,28.8,29.87,28.56,29.82,38159400,2026-02-10T03:46:09Z
WFC,2008-08-19,17.63,18.09,17.38,18.09,71587989,27.79,28.5,27.38,28.5,45428100,2026-02-10T03:46:09Z
WFC,2008-08-20,18.35,18.41,17.24,17.77,83226318,28.92,29.01,27.17,28.01,52813600,2026-02-10T03:46:09Z
WFC,2008-08-21,18.05,18.2,17.79,17.88,58736195,28.44,28.68,28.04,28.17,37272700,2026-02-10T03:46:09Z
WFC,2008-08-22,18.63,18.82,18.21,18.54,70742957,29.36,29.66,28.7,29.22,44891900,2026-02-10T03:46:09Z
WFC,2008-08-25,18.19,18.55,18.11,18.35,48091623,28.67,29.23,28.54,28.92,30517800,2026-02-10T03:46:09Z
WFC,2008-08-26,18.21,18.57,17.82,18.21,52080878,28.69,29.26,28.09,28.69,33049300,2026-02-10T03:46:09Z
WFC,2008-08-27,18.35,18.49,18.01,18.23,40759322,28.91,29.14,28.38,28.72,25864900,2026-02-10T03:46:09Z
WFC,2008-08-28,19.31,19.32,18.39,18.62,58261265,30.43,30.44,28.98,29.35,36971300,2026-02-10T03:46:09Z
WFC,2008-08-29,19.21,19.4,18.94,19.14,46165983,30.27,30.57,29.84,30.17,29295800,2026-02-10T03:46:09Z
WFC,2008-09-02,19.81,20.11,19.49,19.81,59328642,31.21,31.69,30.71,31.22,37648500,2026-02-10T03:46:09Z
WFC,2008-09-03,19.68,19.92,19.41,19.75,59938770,31.01,31.39,30.58,31.12,38035700,2026-02-10T03:46:09Z
WFC,2008-09-04,18.83,19.64,18.76,19.39,73361780,29.67,30.95,29.57,30.56,46553700,2026-02-10T03:46:09Z
WFC,2008-09-05,19.8,19.89,18.27,18.76,82880894,31.2,31.34,28.79,29.57,52594300,2026-02-10T03:46:09Z
WFC,2008-09-08,21.3,21.55,20.2,21.09,153694855,33.56,33.96,31.83,33.24,97531200,2026-02-10T03:46:09Z
WFC,2008-09-09,19.78,21.42,19.77,20.98,108647302,31.17,33.75,31.16,33.07,68945200,2026-02-10T03:46:09Z
WFC,2008-09-10,20.12,20.62,19.1,19.99,91004835,31.7,32.5,30.1,31.5,57749600,2026-02-10T03:46:09Z
WFC,2008-09-11,21.48,21.54,19.37,19.48,120345384,33.85,33.94,30.52,30.7,76368304,2026-02-10T03:46:09Z
WFC,2008-09-12,21.76,21.89,20.92,21.11,100679569,34.29,34.5,32.97,33.26,63888800,2026-02-10T03:46:09Z
WFC,2008-09-15,19.67,22.21,19.67,20.73,158917884,31,35,31,32.67,100845696,2026-02-10T03:46:09Z
WFC,2008-09-16,22.17,22.29,19.67,19.91,180844195,34.93,35.12,31,31.38,114759696,2026-02-10T03:46:09Z
WFC,2008-09-17,21.21,22.37,20.76,21.45,155219843,33.43,35.25,32.72,33.8,98498896,2026-02-10T03:46:09Z
WFC,2008-09-18,23.48,25.1,20.48,21.75,262476169,37,39.55,32.27,34.28,166560992,2026-02-10T03:46:09Z
WFC,2008-09-19,25.26,28.4,23.49,28.11,152207778,39.8,44.75,37.01,44.3,96587696,2026-02-10T03:46:09Z
WFC,2008-09-22,22.32,24.88,21.77,24.72,85683765,35.18,39.2,34.3,38.95,54372900,2026-02-10T03:46:09Z
WFC,2008-09-23,21.68,23.22,21.59,22.24,51588842,34.17,36.59,34.03,35.05,32737100,2026-02-10T03:46:09Z
WFC,2008-09-24,21.75,22.69,21.63,22.27,41759069,34.27,35.75,34.08,35.1,26499400,2026-02-10T03:46:09Z
WFC,2008-09-25,21.65,22.72,21.59,22.3,60756601,34.12,35.8,34.02,35.14,38554800,2026-02-10T03:46:09Z
WFC,2008-09-26,23.68,24.27,20.94,21.18,88356066,37.31,38.25,33,33.38,56068800,2026-02-10T03:46:09Z
WFC,2008-09-29,21.1,24.37,21.1,22.84,104580297,33.25,38.41,33.25,36,66364300,2026-02-10T03:46:09Z
WFC,2008-09-30,23.82,24.11,22.08,22.44,73856993,37.53,38,34.8,35.36,46868000,2026-02-10T03:46:09Z
WFC,2008-10-01,23.29,24.5,23.16,23.47,75319864,36.7,38.6,36.49,36.98,47796300,2026-02-10T03:46:09Z
WFC,2008-10-02,22.31,23.9,22.22,23.48,62019338,35.16,37.66,35.01,37,39356000,2026-02-10T03:46:09Z
WFC,2008-10-03,21.93,24.72,21.89,24.1,127768001,34.56,38.95,34.5,37.98,81078704,2026-02-10T03:46:09Z
WFC,2008-10-06,21.35,22.52,20.26,21.13,93019941,33.64,35.48,31.92,33.3,59028400,2026-02-10T03:46:09Z
WFC,2008-10-07,19.42,22.2,19.42,21.64,71354298,30.6,34.99,30.6,34.1,45279900,2026-02-10T03:46:09Z
WFC,2008-10-08,20.24,21.42,18.54,19.01,90570436,31.9,33.76,29.22,29.95,57473900,2026-02-10T03:46:09Z
WFC,2008-10-09,17.29,20.98,16.61,20.98,193504122,27.25,33.07,26.18,33.06,122793104,2026-02-10T03:46:09Z
WFC,2008-10-10,17.96,18.74,15.86,15.86,192394507,28.31,29.53,25,25,122089296,2026-02-10T03:46:09Z
WFC,2008-10-13,19.29,19.67,17.49,19.45,109246550,30.4,31,27.56,30.65,69325200,2026-02-10T03:46:09Z
WFC,2008-10-14,21.27,21.68,20.17,20.92,151970836,33.52,34.17,31.78,32.97,96437104,2026-02-10T03:46:09Z
WFC,2008-10-15,21.16,22.23,20.32,20.5,149710887,33.35,35.03,32.02,32.3,95002896,2026-02-10T03:46:09Z
WFC,2008-10-16,21.51,21.77,19.06,20.87,116553023,33.9,34.31,30.04,32.89,73962000,2026-02-10T03:46:09Z
WFC,2008-10-17,20.34,21.86,20.16,21.2,105624272,32.06,34.44,31.77,33.4,67026600,2026-02-10T03:46:09Z
WFC,2008-10-20,20.45,20.94,19.73,20.77,82167557,32.23,33,31.1,32.73,52141600,2026-02-10T03:46:09Z
WFC,2008-10-21,20.71,21.58,20.02,20.04,83297502,32.64,34,31.54,31.58,52858700,2026-02-10T03:46:09Z
WFC,2008-10-22,19.86,20.62,18.92,20.2,102618536,31.3,32.5,29.82,31.84,65119500,2026-02-10T03:46:09Z
WFC,2008-10-23,19.88,20.24,18.5,19.8,99477908,31.33,31.9,29.16,31.2,63126400,2026-02-10T03:46:09Z
WFC,2008-10-24,19.61,20.31,18.4,18.5,78855266,30.91,32,29,29.15,50039800,2026-02-10T03:46:09Z
WFC,2008-10-27,19.56,20.4,19.2,19.29,76542838,30.83,32.15,30.26,30.39,48572300,2026-02-10T03:46:09Z
WFC,2008-10-28,21.87,21.87,19.39,20.1,99150405,34.46,34.46,30.55,31.68,62918500,2026-02-10T03:46:09Z
WFC,2008-10-29,20.38,21.71,20.21,21.56,110260987,32.11,34.21,31.85,33.98,69969200,2026-02-10T03:46:09Z
WFC,2008-10-30,20.2,21.1,20.13,21.04,91220907,31.84,33.25,31.72,33.15,57886600,2026-02-10T03:46:09Z
WFC,2008-10-31,21.61,21.93,20.02,20.02,99839479,34.05,34.56,31.54,31.54,63355700,2026-02-10T03:46:09Z
WFC,2008-11-03,21.45,21.87,21.2,21.45,58878126,33.8,34.47,33.41,33.8,37362700,2026-02-10T03:46:09Z
WFC,2008-11-04,22.28,22.37,21.52,21.83,74195559,35.11,35.25,33.92,34.4,47082800,2026-02-10T03:46:09Z
WFC,2008-11-05,20.3,22.43,20.06,22.2,84034247,31.68,35,31.31,34.64,53847700,2026-02-10T03:46:09Z
WFC,2008-11-06,18.44,19.84,17.94,19.08,189192702,28.77,30.97,28,29.78,121231296,2026-02-10T03:46:09Z
WFC,2008-11-07,18.9,18.9,17.33,17.56,455069921,29.5,29.5,27.05,27.41,291601088,2026-02-10T03:46:09Z
WFC,2008-11-10,18.34,19.24,17.97,19.18,126327711,28.62,30.03,28.04,29.94,80948600,2026-02-10T03:46:09Z
WFC,2008-11-11,18.47,18.92,17.9,17.94,101506537,28.83,29.53,27.94,28,65043400,2026-02-10T03:46:09Z
WFC,2008-11-12,17.49,18.85,17.49,18.15,100535759,27.3,29.42,27.3,28.32,64421700,2026-02-10T03:46:09Z
WFC,2008-11-13,18.64,18.8,16.5,17.64,134230926,29.09,29.34,25.75,27.53,86013000,2026-02-10T03:46:09Z
WFC,2008-11-14,18.41,19.15,17.7,18.07,107873765,28.73,29.89,27.63,28.2,69123696,2026-02-10T03:46:09Z
WFC,2008-11-17,17.83,18.41,17.13,18.06,100551768,27.83,28.73,26.73,28.19,64431900,2026-02-10T03:46:09Z
WFC,2008-11-18,17.43,18.18,16.55,17.9,127389435,27.2,28.37,25.83,27.93,81629000,2026-02-10T03:46:09Z
WFC,2008-11-19,15.64,17.43,15.55,17.37,135262990,24.4,27.2,24.27,27.11,86674200,2026-02-10T03:46:09Z
WFC,2008-11-20,14.44,16.3,14.1,15.31,173040044,22.53,25.44,22,23.9,110880800,2026-02-10T03:46:09Z
WFC,2008-11-21,13.94,15.06,12.74,14.69,217942700,21.76,23.51,19.89,22.92,139653600,2026-02-10T03:46:09Z
WFC,2008-11-24,16.67,16.76,14.58,14.74,155021496,26.02,26.16,22.75,23,99335296,2026-02-10T03:46:09Z
WFC,2008-11-25,17.27,18.2,15.26,17.36,122399332,26.95,28.41,23.81,27.1,78431400,2026-02-10T03:46:09Z
WFC,2008-11-26,18.36,18.45,16.55,16.92,88327096,28.65,28.8,25.83,26.41,56598400,2026-02-10T03:46:09Z
WFC,2008-11-28,18.51,18.59,17.63,18.27,43926932,28.89,29.01,27.52,28.51,28147600,2026-02-10T03:46:09Z
WFC,2008-12-01,15,17.97,14.65,17.8,119499037,23.41,28.04,22.86,27.78,76572800,2026-02-10T03:46:09Z
WFC,2008-12-02,16.59,16.74,14.46,15.52,125387634,25.89,26.13,22.57,24.22,80346400,2026-02-10T03:46:09Z
WFC,2008-12-03,18.01,18.26,15.86,15.93,113822009,28.1,28.5,24.75,24.86,72935200,2026-02-10T03:46:09Z
WFC,2008-12-04,17.65,18.68,17.16,17.65,94754145,27.55,29.16,26.78,27.54,60716600,2026-02-10T03:46:09Z
WFC,2008-12-05,19.18,19.22,17.03,17.36,108216286,29.94,30,26.58,27.1,69343000,2026-02-10T03:46:09Z
WFC,2008-12-08,20.93,20.97,19.36,19.63,110696356,32.66,32.73,30.22,30.64,70932096,2026-02-10T03:46:09Z
WFC,2008-12-09,19.54,20.99,19.48,20.59,88732454,30.5,32.76,30.4,32.14,56858300,2026-02-10T03:46:09Z
WFC,2008-12-10,18.7,19.74,18.36,19.58,79797927,29.19,30.8,28.65,30.56,51133000,2026-02-10T03:46:09Z
WFC,2008-12-11,16.6,18.25,16.47,18.08,112912653,25.9,28.48,25.71,28.22,72352600,2026-02-10T03:46:09Z
WFC,2008-12-12,17.12,17.22,15.81,15.92,80178100,26.72,26.87,24.67,24.84,51376700,2026-02-10T03:46:09Z
WFC,2008-12-15,16.71,17.32,16.36,17.29,58724761,26.07,27.03,25.53,26.98,37629800,2026-02-10T03:46:09Z
WFC,2008-12-16,19.08,19.11,16.95,16.96,101347194,29.78,29.82,26.45,26.47,64941500,2026-02-10T03:46:09Z
WFC,2008-12-17,19.21,19.58,18.5,18.71,89894897,29.98,30.55,28.87,29.2,57602900,2026-02-10T03:46:09Z
WFC,2008-12-18,19,20.13,18.72,19.39,98232861,29.65,31.41,29.21,30.26,62945900,2026-02-10T03:46:09Z
WFC,2008-12-19,18.81,19.34,18.26,19.28,138297284,29.36,30.18,28.5,30.09,88618600,2026-02-10T03:46:09Z
WFC,2008-12-22,17.57,18.77,17.48,18.65,64287541,27.42,29.3,27.28,29.11,41194200,2026-02-10T03:46:09Z
WFC,2008-12-23,17.29,18,17.3,17.92,44027466,26.99,28.09,26.99,27.96,28212000,2026-02-10T03:46:09Z
WFC,2008-12-24,17.61,17.74,17.21,17.49,17518115,27.48,27.68,26.86,27.3,11225300,2026-02-10T03:46:09Z
WFC,2008-12-26,17.63,17.85,17.4,17.67,19349030,27.51,27.86,27.15,27.57,12398500,2026-02-10T03:46:09Z
WFC,2008-12-29,17.83,17.88,17.49,17.87,32743049,27.83,27.91,27.3,27.89,20981200,2026-02-10T03:46:09Z
WFC,2008-12-30,18.45,18.45,17.69,17.82,44690133,28.8,28.8,27.61,27.81,28636600,2026-02-10T03:46:09Z
WFC,2008-12-31,18.89,19.54,18.07,18.38,70417533,29.48,30.49,28.2,28.69,45122400,2026-02-10T03:46:09Z
WFC,2009-01-02,19.22,19.52,18.37,18.7,57031138,30,30.47,28.67,29.18,36544600,2026-02-10T03:46:09Z
WFC,2009-01-05,17.98,19.09,17.98,19.06,68109589,28.06,29.79,28.06,29.74,43643300,2026-02-10T03:46:09Z
WFC,2009-01-06,17.65,18.47,17.49,18.37,84657355,27.54,28.82,27.29,28.67,54246800,2026-02-10T03:46:09Z
WFC,2009-01-07,16.58,17.42,15.13,17.35,82208609,25.87,27.18,23.61,27.08,52677700,2026-02-10T03:46:09Z
WFC,2009-01-08,16.48,16.7,16.09,16.25,82057453,25.72,26.07,25.11,25.36,52580900,2026-02-10T03:46:09Z
WFC,2009-01-09,16.11,16.65,16.01,16.63,67398723,25.14,25.98,24.99,25.95,43188000,2026-02-10T03:46:09Z
WFC,2009-01-12,15.25,16.23,15.08,16.14,89845751,23.8,25.32,23.54,25.19,57571500,2026-02-10T03:46:09Z
WFC,2009-01-13,15.62,15.9,15,15.05,102083938,24.38,24.81,23.41,23.49,65413700,2026-02-10T03:46:09Z
WFC,2009-01-14,14.78,15.19,14.55,14.97,111186801,23.07,23.71,22.7,23.36,71246304,2026-02-10T03:46:09Z
WFC,2009-01-15,12.92,14.75,12.19,14.73,279179224,20.16,23.02,19.03,22.99,178893504,2026-02-10T03:46:09Z
WFC,2009-01-16,11.97,13.64,10.91,13.35,270918847,18.68,21.29,17.03,20.83,173599808,2026-02-10T03:46:09Z
WFC,2009-01-20,9.12,10.91,8.86,10.75,318238814,14.23,17.02,13.82,16.77,203921104,2026-02-10T03:46:09Z
WFC,2009-01-21,10.67,10.78,8.8,9.61,294718251,16.65,16.83,13.74,15,188849792,2026-02-10T03:46:09Z
WFC,2009-01-22,10.12,10.63,9.66,10.28,147481596,15.79,16.59,15.08,16.04,94503104,2026-02-10T03:46:09Z
WFC,2009-01-23,10.17,10.36,9.41,9.57,131745887,15.87,16.16,14.69,14.93,84420304,2026-02-10T03:46:09Z
WFC,2009-01-26,9.92,10.82,9.89,10.38,117811576,15.48,16.89,15.44,16.2,75491504,2026-02-10T03:46:09Z
WFC,2009-01-27,10.37,10.66,10.09,10.12,120759806,16.19,16.64,15.75,15.8,77381000,2026-02-10T03:46:09Z
WFC,2009-01-28,13.58,13.74,11.8,12.18,317381356,21.19,21.45,18.41,19.01,203372704,2026-02-10T03:46:09Z
WFC,2009-01-29,12.03,13.28,12,12.71,199049690,18.78,20.73,18.73,19.83,127547600,2026-02-10T03:46:09Z
WFC,2009-01-30,12.11,12.65,11.77,12.4,152312857,18.9,19.75,18.37,19.35,97599504,2026-02-10T03:46:09Z
WFC,2009-02-02,12.32,12.48,11.66,11.8,127890525,19.23,19.48,18.2,18.41,81949696,2026-02-10T03:46:09Z
WFC,2009-02-03,11.87,12.65,11.18,12.59,148715985,18.53,19.74,17.45,19.65,95294600,2026-02-10T03:46:09Z
WFC,2009-02-04,11.39,12.6,11.28,12.08,137114260,17.45,19.3,17.28,18.5,89503000,2026-02-10T03:46:09Z
WFC,2009-02-05,10.62,11.36,9.58,11.25,316387172,16.27,17.4,14.67,17.23,206524800,2026-02-10T03:46:09Z
WFC,2009-02-06,12.49,12.66,11.16,11.32,181032309,19.14,19.39,17.1,17.35,118170400,2026-02-10T03:46:09Z
WFC,2009-02-09,12.44,12.79,12.12,12.51,114218756,19.06,19.6,18.57,19.16,74557400,2026-02-10T03:46:09Z
WFC,2009-02-10,10.67,12.44,10.49,12.3,209496663,16.35,19.06,16.07,18.84,136750704,2026-02-10T03:46:09Z
WFC,2009-02-11,11.42,11.48,10.68,10.93,113762177,17.5,17.58,16.36,16.75,74259400,2026-02-10T03:46:09Z
WFC,2009-02-12,10.97,10.97,9.97,10.8,221646801,16.8,16.81,15.27,16.54,144682592,2026-02-10T03:46:09Z
WFC,2009-02-13,10.29,10.72,10.16,10.67,135561108,15.76,16.42,15.56,16.35,88488896,2026-02-10T03:46:09Z
WFC,2009-02-17,8.94,9.83,8.94,9.52,187176721,13.69,15.06,13.69,14.58,122181696,2026-02-10T03:46:09Z
WFC,2009-02-18,8.52,9.4,7.87,9.35,291894713,13.05,14.4,12.06,14.33,190536800,2026-02-10T03:46:09Z
WFC,2009-02-19,7.84,8.97,7.79,8.43,198191807,12.01,13.75,11.94,12.91,129370896,2026-02-10T03:46:09Z
WFC,2009-02-20,7.12,7.44,5.75,7.23,570897134,10.91,11.4,8.81,11.07,372658208,2026-02-10T03:46:09Z
WFC,2009-02-23,7.2,8.45,6.89,7.68,344901991,11.03,12.95,10.56,11.76,225136896,2026-02-10T03:46:09Z
WFC,2009-02-24,8.52,8.56,7.28,7.43,286631665,13.05,13.11,11.15,11.39,187101296,2026-02-10T03:46:09Z
WFC,2009-02-25,8.77,9.19,7.68,8.46,321555507,13.44,14.08,11.77,12.96,209898704,2026-02-10T03:46:09Z
WFC,2009-02-26,9.4,9.82,9.02,9.52,260540463,14.4,15.04,13.82,14.59,170069600,2026-02-10T03:46:09Z
WFC,2009-02-27,7.9,9.68,7.75,8.19,286165410,12.1,14.83,11.87,12.55,186797408,2026-02-10T03:46:09Z
WFC,2009-03-02,7.08,7.46,6.7,7.17,249153781,10.84,11.43,10.27,10.98,162637200,2026-02-10T03:46:09Z
WFC,2009-03-03,6.96,7.68,6.82,7.49,239426894,10.67,11.77,10.44,11.48,156287200,2026-02-10T03:46:09Z
WFC,2009-03-04,6.31,7.39,5.84,7.39,363603236,9.66,11.32,8.94,11.32,237347104,2026-02-10T03:46:09Z
WFC,2009-03-05,5.3,5.84,5.09,5.8,420755993,8.12,8.94,7.8,8.89,274652096,2026-02-10T03:46:09Z
WFC,2009-03-06,5.62,6.2,5.23,5.7,392565352,8.61,9.49,8.01,8.73,256252608,2026-02-10T03:46:09Z
WFC,2009-03-09,6.51,6.98,5.55,5.65,320117443,9.97,10.7,8.5,8.65,208959296,2026-02-10T03:46:09Z
WFC,2009-03-10,7.71,7.8,6.98,7.3,357289319,11.81,11.95,10.7,11.18,233224304,2026-02-10T03:46:09Z
WFC,2009-03-11,7.75,8.31,7.39,8.11,291566932,11.88,12.73,11.32,12.42,190323504,2026-02-10T03:46:09Z
WFC,2009-03-12,9.11,9.14,7.42,7.53,297710571,13.95,14.01,11.36,11.54,194333504,2026-02-10T03:46:09Z
WFC,2009-03-13,9.1,9.8,8.43,9.45,301852494,13.94,15.01,12.91,14.48,197037792,2026-02-10T03:46:09Z
WFC,2009-03-16,8.94,9.95,8.94,9.41,281966488,13.7,15.24,13.69,14.41,184056192,2026-02-10T03:46:09Z
WFC,2009-03-17,9.57,9.57,8.45,8.86,222022665,14.66,14.66,12.94,13.57,144928096,2026-02-10T03:46:09Z
WFC,2009-03-18,11.24,11.3,9.24,9.4,356504007,17.22,17.31,14.16,14.4,232711008,2026-02-10T03:46:09Z
WFC,2009-03-19,10.07,11.49,9.9,11.4,269583279,15.42,17.6,15.17,17.46,175973904,2026-02-10T03:46:09Z
WFC,2009-03-20,9.13,10.1,9.11,10.05,256357501,13.99,15.47,13.95,15.39,167339696,2026-02-10T03:46:09Z
WFC,2009-03-23,11.31,11.53,9.94,10.38,286024285,17.33,17.67,15.22,15.9,186704704,2026-02-10T03:46:09Z
WFC,2009-03-24,10.12,11.44,10.07,10.8,257470403,15.5,17.53,15.43,16.55,168066704,2026-02-10T03:46:09Z
WFC,2009-03-25,10.72,11.22,9.71,10.64,333733811,16.42,17.19,14.87,16.3,217847696,2026-02-10T03:46:09Z
WFC,2009-03-26,10.41,11.03,10.1,11,250411079,15.95,16.9,15.47,16.85,163458000,2026-02-10T03:46:09Z
WFC,2009-03-27,10.18,10.86,9.99,10.03,198967097,15.59,16.63,15.31,15.36,129877400,2026-02-10T03:46:09Z
WFC,2009-03-30,8.73,9.87,8.73,9.6,226610266,13.37,15.12,13.37,14.7,147922096,2026-02-10T03:46:09Z
WFC,2009-03-31,9.3,9.63,8.97,9.14,223493852,14.24,14.75,13.75,14.01,145887808,2026-02-10T03:46:09Z
WFC,2009-04-01,9.45,9.75,8.91,8.97,240110160,14.48,14.94,13.65,13.75,156734896,2026-02-10T03:46:09Z
WFC,2009-04-02,10.01,10.61,9.73,10.39,316801928,15.33,16.25,14.91,15.92,206795392,2026-02-10T03:46:09Z
WFC,2009-04-03,10.67,10.67,9.75,9.9,199928589,16.34,16.34,14.93,15.17,130505400,2026-02-10T03:46:09Z
WFC,2009-04-06,9.95,10.21,9.82,10.11,182717351,15.25,15.64,15.04,15.48,119270704,2026-02-10T03:46:09Z
WFC,2009-04-07,9.69,10.05,9.47,9.63,179436610,14.85,15.4,14.51,14.76,117129200,2026-02-10T03:46:09Z
WFC,2009-04-08,9.72,9.9,9.41,9.86,139816733,14.89,15.17,14.41,15.1,91266800,2026-02-10T03:46:09Z
WFC,2009-04-09,12.8,13.02,11.37,12.95,576679925,19.61,19.95,17.42,19.84,376432896,2026-02-10T03:46:09Z
WFC,2009-04-13,12.84,13.02,12.08,12.3,266013167,19.67,19.95,18.51,18.85,173642896,2026-02-10T03:46:09Z
WFC,2009-04-14,11.93,12.75,11.78,12.59,236481598,18.27,19.53,18.05,19.28,154365408,2026-02-10T03:46:09Z
WFC,2009-04-15,12.76,12.81,11.49,11.73,182514311,19.55,19.63,17.6,17.97,119137504,2026-02-10T03:46:09Z
WFC,2009-04-16,12.7,13.05,12.17,12.83,198447539,19.45,19.99,18.65,19.66,129538800,2026-02-10T03:46:09Z
WFC,2009-04-17,13.22,13.7,12.32,12.67,255721422,20.26,20.99,18.88,19.41,166924496,2026-02-10T03:46:09Z
WFC,2009-04-20,11.1,12.57,11.08,12.38,248456848,17,19.25,16.98,18.97,162182400,2026-02-10T03:46:09Z
WFC,2009-04-21,12.28,12.28,10.54,10.81,283332656,18.81,18.81,16.14,16.56,184948000,2026-02-10T03:46:09Z
WFC,2009-04-22,11.87,13.42,11.85,11.89,380127947,18.18,20.56,18.15,18.21,248132800,2026-02-10T03:46:09Z
WFC,2009-04-23,13.11,13.24,12.14,12.15,316222746,20.09,20.28,18.6,18.62,206416800,2026-02-10T03:46:09Z
WFC,2009-04-24,13.97,14.34,13.09,13.47,340383806,21.4,21.97,20.05,20.63,222189504,2026-02-10T03:46:09Z
WFC,2009-04-27,13.25,13.86,13.22,13.35,205252722,20.3,21.23,20.26,20.45,133980496,2026-02-10T03:46:09Z
WFC,2009-04-28,12.72,13.13,12.59,12.65,164447109,19.48,20.12,19.28,19.38,107344800,2026-02-10T03:46:09Z
WFC,2009-04-29,13.04,13.51,12.63,12.95,218611251,19.97,20.69,19.35,19.84,142700496,2026-02-10T03:46:09Z
WFC,2009-04-30,13.06,14.34,12.99,13.29,177408764,20.01,21.96,19.9,20.36,115805104,2026-02-10T03:46:09Z
WFC,2009-05-01,12.8,13.3,12.63,13.04,148133125,19.61,20.38,19.35,19.98,96695200,2026-02-10T03:46:09Z
WFC,2009-05-04,15.83,15.83,13.22,13.34,450378931,24.25,24.25,20.26,20.44,293988800,2026-02-10T03:46:09Z
WFC,2009-05-05,15.19,15.76,14.84,15.43,269015554,23.27,24.15,22.73,23.63,175602304,2026-02-10T03:46:09Z
WFC,2009-05-06,17.56,17.56,15.96,16.03,391416117,26.84,26.84,24.4,24.51,256050896,2026-02-10T03:46:09Z
WFC,2009-05-07,16.2,18.54,15.85,18.28,361766662,24.76,28.34,24.23,27.95,236654704,2026-02-10T03:46:09Z
WFC,2009-05-08,18.43,18.43,15.59,15.72,731640323,28.18,28.18,23.83,24.03,478614304,2026-02-10T03:46:09Z
WFC,2009-05-11,17.36,18.61,17.36,17.79,287883609,26.53,28.45,26.53,27.19,188323392,2026-02-10T03:46:09Z
WFC,2009-05-12,16.81,17.72,15.89,17.49,290099980,25.7,27.09,24.29,26.74,189772800,2026-02-10T03:46:09Z
WFC,2009-05-13,15.83,16.58,15.8,16.14,207394217,24.2,25.34,24.16,24.68,135670096,2026-02-10T03:46:09Z
WFC,2009-05-14,16.81,16.8,15.62,15.86,187208882,25.69,25.69,23.87,24.25,122465504,2026-02-10T03:46:09Z
WFC,2009-05-15,16.27,17.09,16.08,16.73,144181210,24.87,26.12,24.58,25.58,94318400,2026-02-10T03:46:09Z
WFC,2009-05-18,17.62,17.63,16.53,17.02,164364164,26.93,26.95,25.27,26.02,107521504,2026-02-10T03:46:09Z
WFC,2009-05-19,16.65,17.71,16.62,17.68,147868646,25.45,27.08,25.4,27.02,96730496,2026-02-10T03:46:09Z
WFC,2009-05-20,16,17.11,15.88,16.92,187890068,24.46,26.15,24.28,25.86,122911296,2026-02-10T03:46:09Z
WFC,2009-05-21,16.38,16.53,15.33,15.34,151052951,25.04,25.27,23.44,23.45,98813600,2026-02-10T03:46:09Z
WFC,2009-05-22,15.9,16.48,15.9,16.41,90723926,24.31,25.2,24.31,25.08,59348600,2026-02-10T03:46:09Z
WFC,2009-05-26,16.78,16.85,15.75,15.85,141778418,25.65,25.76,24.08,24.23,92746304,2026-02-10T03:46:09Z
WFC,2009-05-27,15.75,16.94,15.73,16.91,168300279,24.08,25.9,24.05,25.85,110096200,2026-02-10T03:46:09Z
WFC,2009-05-28,16.2,16.2,15.19,15.81,197009703,24.77,24.77,23.22,24.17,128877104,2026-02-10T03:46:09Z
WFC,2009-05-29,16.68,16.68,15.79,16.22,185346135,25.5,25.5,24.13,24.79,121246896,2026-02-10T03:46:09Z
WFC,2009-06-01,16.64,17.04,16.35,16.85,187029586,25.43,26.05,25,25.76,122348096,2026-02-10T03:46:09Z
WFC,2009-06-02,15.96,16.32,15.77,16.25,156088599,24.39,24.95,24.11,24.84,102107800,2026-02-10T03:46:09Z
WFC,2009-06-03,15.79,16.12,15.62,15.88,125769038,24.13,24.64,23.88,24.28,82273696,2026-02-10T03:46:09Z
WFC,2009-06-04,16.42,16.42,15.56,15.96,114992829,25.1,25.1,23.78,24.39,75224096,2026-02-10T03:46:09Z
WFC,2009-06-05,16.17,16.8,16.15,16.66,120807133,24.72,25.69,24.69,25.47,79028000,2026-02-10T03:46:09Z
WFC,2009-06-08,16.61,16.75,16.03,16.09,100398058,25.39,25.6,24.5,24.6,65676700,2026-02-10T03:46:09Z
WFC,2009-06-09,16.79,16.8,16.43,16.68,107787172,25.66,25.69,25.12,25.5,70510704,2026-02-10T03:46:09Z
WFC,2009-06-10,16.3,16.88,16.08,16.84,136041570,24.91,25.8,24.58,25.75,88993904,2026-02-10T03:46:09Z
WFC,2009-06-11,16.37,16.62,15.86,16.32,97327481,25.02,25.4,24.24,24.94,63668200,2026-02-10T03:46:09Z
WFC,2009-06-12,16.67,16.68,16.21,16.3,74909344,25.48,25.5,24.78,24.92,49003000,2026-02-10T03:46:09Z
WFC,2009-06-15,16.16,16.68,16.12,16.5,91568730,24.71,25.5,24.65,25.22,59901000,2026-02-10T03:46:09Z
WFC,2009-06-16,15.96,16.43,15.9,16.33,94996830,24.4,25.11,24.3,24.96,62143500,2026-02-10T03:46:09Z
WFC,2009-06-17,15.1,15.86,15.03,15.8,153966965,23.09,24.24,22.98,24.16,100720000,2026-02-10T03:46:09Z
WFC,2009-06-18,15.5,15.65,14.11,15.06,113087288,23.7,23.93,21.57,23.03,73977696,2026-02-10T03:46:09Z
WFC,2009-06-19,15.82,16.48,15.14,15.7,154899892,24.19,25.2,23.14,24,101330400,2026-02-10T03:46:09Z
WFC,2009-06-22,14.73,15.82,14.71,15.56,125536601,22.51,24.19,22.48,23.78,82121904,2026-02-10T03:46:09Z
WFC,2009-06-23,14.99,15.24,14.5,14.82,127072082,22.91,23.3,22.16,22.66,83126000,2026-02-10T03:46:09Z
WFC,2009-06-24,15.16,15.37,14.95,15.16,105536235,23.17,23.5,22.86,23.18,69038096,2026-02-10T03:46:09Z
WFC,2009-06-25,15.57,15.58,14.55,15.09,98501156,23.8,23.81,22.25,23.07,64435900,2026-02-10T03:46:09Z
WFC,2009-06-26,15.61,15.75,15.37,15.53,95906807,23.87,24.08,23.5,23.74,62738800,2026-02-10T03:46:09Z
WFC,2009-06-29,16.05,16.12,15.44,15.67,92791846,24.53,24.64,23.6,23.96,60701300,2026-02-10T03:46:09Z
WFC,2009-06-30,15.87,16.34,15.82,16.01,114661295,24.26,24.98,24.18,24.47,75007200,2026-02-10T03:46:09Z
WFC,2009-07-01,15.79,16.11,15.73,15.84,87419156,24.14,24.63,24.04,24.22,57186400,2026-02-10T03:46:09Z
WFC,2009-07-02,15.1,15.63,15.09,15.52,80325607,23.08,23.89,23.06,23.73,52546100,2026-02-10T03:46:09Z
WFC,2009-07-06,15.11,15.32,14.54,15.01,118618630,23.1,23.42,22.22,22.95,77596096,2026-02-10T03:46:09Z
WFC,2009-07-07,15.26,15.6,15.05,15.14,98976207,23.33,23.84,23,23.15,64746900,2026-02-10T03:46:09Z
WFC,2009-07-08,14.99,15.42,14.44,15.26,143529429,22.91,23.57,22.08,23.32,93891800,2026-02-10T03:46:09Z
WFC,2009-07-09,15.23,15.43,14.79,15.18,82298292,23.28,23.58,22.61,23.21,53836800,2026-02-10T03:46:09Z
WFC,2009-07-10,14.96,15.27,14.92,15.09,82089743,22.87,23.34,22.81,23.07,53700400,2026-02-10T03:46:09Z
WFC,2009-07-13,16.22,16.22,15.26,15.29,131610451,24.8,24.8,23.32,23.38,86095000,2026-02-10T03:46:09Z
WFC,2009-07-14,15.96,16.24,15.67,16.17,103771072,24.4,24.83,23.95,24.72,67883296,2026-02-10T03:46:09Z
WFC,2009-07-15,16.55,16.66,16.12,16.17,139093273,25.3,25.47,24.65,24.72,90990096,2026-02-10T03:46:09Z
WFC,2009-07-16,16.39,16.6,16.07,16.4,94043431,25.05,25.38,24.57,25.07,61519800,2026-02-10T03:46:09Z
WFC,2009-07-17,16.35,16.57,16.08,16.4,83655632,25,25.33,24.58,25.07,54724500,2026-02-10T03:46:09Z
WFC,2009-07-20,16.69,17,16.2,16.41,99200764,25.52,25.98,24.76,25.08,64893700,2026-02-10T03:46:09Z
WFC,2009-07-21,16.58,16.94,16.22,16.86,98666753,25.35,25.9,24.8,25.78,64544400,2026-02-10T03:46:09Z
WFC,2009-07-22,15.99,16.27,15.32,15.5,230358578,24.45,24.87,23.42,23.69,150692192,2026-02-10T03:46:09Z
WFC,2009-07-23,15.87,16.06,15.71,15.95,152746587,24.26,24.55,24.02,24.38,99921200,2026-02-10T03:46:09Z
WFC,2009-07-24,15.35,15.73,15.16,15.72,143548964,23.47,24.05,23.17,24.03,93905000,2026-02-10T03:46:09Z
WFC,2009-07-27,15.84,15.92,15.29,15.39,95572842,24.22,24.33,23.38,23.52,62520500,2026-02-10T03:46:09Z
WFC,2009-07-28,16.04,16.12,15.63,15.69,95822460,24.52,24.64,23.9,23.99,62683600,2026-02-10T03:46:09Z
WFC,2009-07-29,15.95,16.2,15.8,15.89,73492050,24.38,24.76,24.16,24.29,48075800,2026-02-10T03:46:09Z
WFC,2009-07-30,16.27,16.56,16.05,16.12,83312380,24.87,25.31,24.53,24.65,54500100,2026-02-10T03:46:09Z
WFC,2009-07-31,16,16.31,15.99,16.29,83892159,24.46,24.93,24.44,24.9,54879400,2026-02-10T03:46:09Z
WFC,2009-08-03,16.88,16.9,16.27,16.29,101172068,25.8,25.83,24.87,24.9,66183400,2026-02-10T03:46:09Z
WFC,2009-08-04,17.37,17.66,16.5,16.8,125806964,26.55,26.99,25.22,25.69,82298600,2026-02-10T03:46:09Z
WFC,2009-08-05,18.36,18.38,17.43,17.51,133371578,28.02,28.05,26.6,26.71,87411696,2026-02-10T03:46:09Z
WFC,2009-08-06,18.33,19,18,18.72,130671768,27.97,28.99,27.47,28.56,85642096,2026-02-10T03:46:09Z
WFC,2009-08-07,18.85,19.24,18.35,18.62,109227513,28.76,29.35,28,28.41,71587696,2026-02-10T03:46:09Z
WFC,2009-08-10,18.77,19,18.45,18.68,66159948,28.64,28.99,28.15,28.5,43361100,2026-02-10T03:46:09Z
WFC,2009-08-11,17.62,18.56,17.62,18.55,111257437,26.89,28.32,26.89,28.3,72918096,2026-02-10T03:46:09Z
WFC,2009-08-12,17.81,18.02,17.45,17.51,81660900,27.17,27.5,26.62,26.72,53520500,2026-02-10T03:46:09Z
WFC,2009-08-13,18.27,18.29,17.07,18.05,75516998,27.88,27.9,26.05,27.54,49493700,2026-02-10T03:46:09Z
WFC,2009-08-14,18.17,18.41,17.89,18.22,68745659,27.73,28.09,27.3,27.8,45055800,2026-02-10T03:46:09Z
WFC,2009-08-17,17.24,17.69,17.2,17.53,79264965,26.3,26.99,26.25,26.75,51950200,2026-02-10T03:46:09Z
WFC,2009-08-18,17.26,17.53,17.18,17.39,55935115,26.34,26.75,26.21,26.54,36659800,2026-02-10T03:46:09Z
WFC,2009-08-19,17.44,17.6,16.93,17.05,70860211,26.61,26.86,25.83,26.02,46441800,2026-02-10T03:46:09Z
WFC,2009-08-20,18.01,18.17,17.49,17.5,73394227,27.48,27.72,26.69,26.7,48102600,2026-02-10T03:46:09Z
WFC,2009-08-21,18.31,18.4,18.1,18.29,78025076,27.94,28.08,27.62,27.91,51137700,2026-02-10T03:46:09Z
WFC,2009-08-24,17.91,18.7,17.83,18.46,78795055,27.32,28.54,27.2,28.17,51642200,2026-02-10T03:46:09Z
WFC,2009-08-25,17.91,18.4,17.89,18.07,65286632,27.33,28.07,27.3,27.57,42788900,2026-02-10T03:46:09Z
WFC,2009-08-26,18.1,18.17,17.71,17.79,66083024,27.62,27.72,27.02,27.14,43310700,2026-02-10T03:46:09Z
WFC,2009-08-27,18.18,18.25,17.93,18.06,53849090,27.74,27.85,27.36,27.55,35292700,2026-02-10T03:46:09Z
WFC,2009-08-28,17.89,18.36,17.83,18.36,54021568,27.3,28.01,27.21,28.01,35405700,2026-02-10T03:46:09Z
WFC,2009-08-31,18.04,18.09,17.55,17.68,54345003,27.52,27.6,26.77,26.97,35617700,2026-02-10T03:46:09Z
WFC,2009-09-01,17.18,18.2,16.92,17.92,133282533,26.21,27.77,25.81,27.34,87353200,2026-02-10T03:46:09Z
WFC,2009-09-02,17.1,17.5,16.97,17.11,82243299,26.09,26.7,25.89,26.1,53902300,2026-02-10T03:46:09Z
WFC,2009-09-03,17.64,17.64,17.24,17.26,60228301,26.91,26.92,26.31,26.33,39473600,2026-02-10T03:46:09Z
WFC,2009-09-04,17.64,17.68,17.41,17.62,48154445,26.91,26.98,26.56,26.88,31560400,2026-02-10T03:46:09Z
WFC,2009-09-08,17.68,17.89,17.43,17.83,48440930,26.98,27.29,26.6,27.21,31748200,2026-02-10T03:46:09Z
WFC,2009-09-09,18.14,18.19,17.68,17.71,72454573,27.68,27.75,26.98,27.03,47486800,2026-02-10T03:46:09Z
WFC,2009-09-10,18.26,18.32,17.89,18.02,62476352,27.86,27.95,27.3,27.5,40946900,2026-02-10T03:46:09Z
WFC,2009-09-11,17.98,18.41,17.94,18.23,51575741,27.43,28.09,27.37,27.82,33802700,2026-02-10T03:46:09Z
WFC,2009-09-14,18.3,18.34,17.76,17.81,48910923,27.92,27.99,27.1,27.17,32056100,2026-02-10T03:46:09Z
WFC,2009-09-15,18.73,18.93,18.21,18.3,77443979,28.58,28.89,27.79,27.93,50756700,2026-02-10T03:46:09Z
WFC,2009-09-16,19.28,19.37,18.59,18.86,75771191,29.41,29.56,28.37,28.77,49660400,2026-02-10T03:46:09Z
WFC,2009-09-17,18.86,19.3,18.71,19.16,56271625,28.78,29.44,28.55,29.24,36880400,2026-02-10T03:46:09Z
WFC,2009-09-18,18.67,19.06,18.5,19.06,65224143,28.49,29.08,28.23,29.08,42747800,2026-02-10T03:46:09Z
WFC,2009-09-21,18.54,18.8,18.45,18.61,52472873,28.29,28.69,28.15,28.39,34390600,2026-02-10T03:46:09Z
WFC,2009-09-22,19.26,19.36,18.56,18.76,69011619,29.39,29.54,28.32,28.63,45230200,2026-02-10T03:46:09Z
WFC,2009-09-23,18.85,19.27,18.82,19.22,58257719,28.76,29.41,28.71,29.33,38182100,2026-02-10T03:46:09Z
WFC,2009-09-24,18.65,19.13,18.3,18.95,71179243,28.45,29.19,27.92,28.92,46650800,2026-02-10T03:46:09Z
WFC,2009-09-25,18.48,18.64,18.21,18.53,52618323,28.19,28.44,27.79,28.27,34486000,2026-02-10T03:46:09Z
WFC,2009-09-28,18.94,18.94,18.36,18.55,47797525,28.9,28.9,28.01,28.31,31326400,2026-02-10T03:46:09Z
WFC,2009-09-29,18.58,18.99,18.55,18.81,45324660,28.35,28.97,28.3,28.7,29705800,2026-02-10T03:46:09Z
WFC,2009-09-30,18.47,18.8,18.28,18.63,59801098,28.18,28.68,27.89,28.43,39193700,2026-02-10T03:46:09Z
WFC,2009-10-01,17.43,18.39,17.39,18.39,86138130,26.6,28.06,26.53,28.06,56454800,2026-02-10T03:46:09Z
WFC,2009-10-02,17.22,17.49,17.03,17.07,79433684,26.28,26.69,25.99,26.04,52060800,2026-02-10T03:46:09Z
WFC,2009-10-05,18.41,18.55,17.92,17.98,85623984,28.09,28.3,27.34,27.44,56118000,2026-02-10T03:46:09Z
WFC,2009-10-06,18.78,19.04,18.55,18.57,90139908,28.66,29.05,28.31,28.34,59077500,2026-02-10T03:46:09Z
WFC,2009-10-07,19.18,19.2,18.59,18.67,63814477,29.26,29.3,28.36,28.49,41824000,2026-02-10T03:46:09Z
WFC,2009-10-08,19.04,19.29,18.95,19.11,69177544,29.05,29.43,28.91,29.16,45338800,2026-02-10T03:46:09Z
WFC,2009-10-09,19.14,19.22,18.91,19.01,44592083,29.21,29.33,28.86,29.01,29225600,2026-02-10T03:46:09Z
WFC,2009-10-12,19.85,20.02,19.08,19.33,80110510,30.28,30.54,29.11,29.5,52504400,2026-02-10T03:46:09Z
WFC,2009-10-13,19.7,19.89,19.41,19.65,58969406,30.06,30.34,29.62,29.98,38648500,2026-02-10T03:46:09Z
WFC,2009-10-14,20.54,20.6,19.92,20.12,95963703,31.34,31.43,30.39,30.7,62894500,2026-02-10T03:46:09Z
WFC,2009-10-15,20.57,20.66,20.27,20.32,59624806,31.38,31.53,30.92,31,39078000,2026-02-10T03:46:09Z
WFC,2009-10-16,19.68,20.07,19.55,20.04,87690456,30.02,30.63,29.83,30.58,57472300,2026-02-10T03:46:09Z
WFC,2009-10-19,19.71,19.94,19.51,19.89,49324482,30.07,30.42,29.77,30.35,32327300,2026-02-10T03:46:09Z
WFC,2009-10-20,19.96,20.08,19.56,19.65,63659701,30.46,30.64,29.85,29.98,41722600,2026-02-10T03:46:09Z
WFC,2009-10-21,18.94,20.4,18.9,19.73,173510774,28.9,31.12,28.84,30.1,113718600,2026-02-10T03:46:09Z
WFC,2009-10-22,19.77,19.85,18.75,18.87,114309841,30.17,30.28,28.61,28.79,74918600,2026-02-10T03:46:09Z
WFC,2009-10-23,19.22,19.78,19.04,19.78,75339750,29.32,30.18,29.05,30.18,49377600,2026-02-10T03:46:09Z
WFC,2009-10-26,18.65,19.22,18.53,19.21,84235421,28.45,29.33,28.27,29.31,55207800,2026-02-10T03:46:09Z
WFC,2009-10-27,18.61,18.82,18.38,18.62,76023825,28.39,28.71,28.04,28.41,49826000,2026-02-10T03:46:09Z
WFC,2009-10-28,18,18.53,17.96,18.5,87388543,27.46,28.27,27.4,28.23,57274500,2026-02-10T03:46:09Z
WFC,2009-10-29,18.72,18.76,18.15,18.34,73076352,28.57,28.62,27.69,27.98,47894300,2026-02-10T03:46:09Z
WFC,2009-10-30,18.04,18.68,17.93,18.57,101298033,27.52,28.5,27.35,28.34,66390700,2026-02-10T03:46:09Z
WFC,2009-11-02,18.1,18.51,17.52,18.26,84817640,27.61,28.24,26.74,27.86,55589500,2026-02-10T03:46:09Z
WFC,2009-11-03,18.18,18.38,17.7,17.77,57750828,27.74,28.04,27.01,27.12,37849900,2026-02-10T03:46:09Z
WFC,2009-11-04,17.61,18.46,17.54,18.4,70175354,26.82,28.12,26.72,28.02,46075800,2026-02-10T03:46:09Z
WFC,2009-11-05,17.92,17.94,17.4,17.74,81317134,27.29,27.33,26.5,27.02,53391300,2026-02-10T03:46:09Z
WFC,2009-11-06,17.81,17.94,17.45,17.54,57286386,27.12,27.33,26.58,26.72,37613200,2026-02-10T03:46:09Z
WFC,2009-11-09,18.65,18.65,17.81,18.06,67653191,28.4,28.4,27.12,27.5,44419800,2026-02-10T03:46:09Z
WFC,2009-11-10,18.45,18.68,18.34,18.55,53636122,28.1,28.45,27.93,28.25,35216600,2026-02-10T03:46:09Z
WFC,2009-11-11,18.91,19.13,18.55,18.63,61057902,28.8,29.13,28.25,28.37,40089600,2026-02-10T03:46:09Z
WFC,2009-11-12,18.53,18.98,18.46,18.9,52901231,28.22,28.9,28.11,28.78,34734100,2026-02-10T03:46:09Z
WFC,2009-11-13,18.17,18.48,17.97,18.43,55707403,27.68,28.15,27.37,28.07,36576500,2026-02-10T03:46:09Z
WFC,2009-11-16,18.52,18.83,18.24,18.33,68949267,28.21,28.68,27.78,27.92,45270900,2026-02-10T03:46:09Z
WFC,2009-11-17,18.63,18.71,18.37,18.51,44471511,28.37,28.49,27.98,28.19,29199300,2026-02-10T03:46:09Z
WFC,2009-11-18,18.95,19,18.56,18.57,41561660,28.86,28.93,28.27,28.29,27288700,2026-02-10T03:46:09Z
WFC,2009-11-19,18.59,18.8,18.48,18.77,46992459,28.32,28.63,28.14,28.59,30854400,2026-02-10T03:46:09Z
WFC,2009-11-20,18.3,18.57,18.16,18.52,63786194,27.87,28.28,27.66,28.21,41881000,2026-02-10T03:46:09Z
WFC,2009-11-23,18.43,18.61,18.3,18.53,49866617,28.07,28.35,27.88,28.22,32741600,2026-02-10T03:46:09Z
WFC,2009-11-24,18.29,18.43,18.04,18.31,44196704,27.86,28.07,27.48,27.89,29018800,2026-02-10T03:46:09Z
WFC,2009-11-25,18.27,18.47,18.15,18.39,34854704,27.83,28.13,27.65,28.01,22885000,2026-02-10T03:46:09Z
WFC,2009-11-27,17.82,18.11,17.66,17.7,35298888,27.14,27.59,26.9,26.96,23176700,2026-02-10T03:46:09Z
