ticker,tradeDate,clsPx,hiPx,loPx,open,stockVolume,unadjClsPx,unadjHiPx,unadjLoPx,unadjOpen,unadjStockVolume,updatedAt
WMT,2006-01-03,10.28,10.38,10.13,10.31,105300483,46.23,46.66,45.57,46.36,23413700,2025-12-16T03:46:51Z
WMT,2006-01-04,10.3,10.34,10.25,10.28,63369611,46.32,46.5,46.1,46.24,14090300,2025-12-16T03:46:51Z
WMT,2006-01-05,10.16,10.32,10.07,10.23,93359284,45.69,46.4,45.29,46,20758700,2025-12-16T03:46:51Z
WMT,2006-01-06,10.2,10.2,10.03,10.16,95045568,45.88,45.88,45.1,45.69,21133600,2025-12-16T03:46:51Z
WMT,2006-01-09,10.16,10.26,10.13,10.2,66968354,45.71,46.15,45.56,45.89,14890500,2025-12-16T03:46:51Z
WMT,2006-01-10,10.2,10.23,10.11,10.12,60365908,45.86,46.03,45.46,45.5,13422500,2025-12-16T03:46:51Z
WMT,2006-01-11,10.35,10.36,10.18,10.24,63769669,46.57,46.6,45.76,46.06,14179300,2025-12-16T03:46:51Z
WMT,2006-01-12,10.17,10.31,10.15,10.28,51382957,45.74,46.39,45.67,46.25,11425100,2025-12-16T03:46:51Z
WMT,2006-01-13,10.09,10.2,10.07,10.16,46145107,45.4,45.89,45.31,45.68,10260500,2025-12-16T03:46:51Z
WMT,2006-01-17,9.99,10.1,9.94,10.1,76987385,44.95,45.42,44.7,45.4,17118300,2025-12-16T03:46:51Z
WMT,2006-01-18,10.05,10.09,9.92,9.93,59444714,45.18,45.39,44.61,44.65,13217700,2025-12-16T03:46:51Z
WMT,2006-01-19,10.18,10.2,10.02,10.05,81590353,45.8,45.89,45.06,45.18,18141700,2025-12-16T03:46:51Z
WMT,2006-01-20,10.01,10.16,9.96,10.15,87045210,45,45.7,44.81,45.64,19354600,2025-12-16T03:46:51Z
WMT,2006-01-23,10.06,10.11,9.9,10.01,71161974,45.25,45.47,44.54,45,15823000,2025-12-16T03:46:51Z
WMT,2006-01-24,10.17,10.21,10.12,10.13,81806589,45.72,45.91,45.5,45.55,18189800,2025-12-16T03:46:51Z
WMT,2006-01-25,10.22,10.27,10.15,10.16,85389377,45.97,46.17,45.66,45.7,18986500,2025-12-16T03:46:51Z
WMT,2006-01-26,10.3,10.34,10.19,10.28,75549900,46.32,46.51,45.83,46.21,16798600,2025-12-16T03:46:51Z
WMT,2006-01-27,10.19,10.34,9.98,10.23,60201930,45.84,46.52,44.88,45.99,13386000,2025-12-16T03:46:51Z
WMT,2006-01-30,10.32,10.44,10.28,10.32,68671221,46.41,46.95,46.21,46.4,15269100,2025-12-16T03:46:51Z
WMT,2006-01-31,10.25,10.35,10.23,10.33,58133339,46.11,46.53,46.03,46.44,12926000,2025-12-16T03:46:51Z
WMT,2006-02-01,10.26,10.31,10.13,10.24,68312545,46.14,46.38,45.57,46.05,15189400,2025-12-16T03:46:51Z
WMT,2006-02-02,10.29,10.34,10.11,10.29,83260112,46.28,46.48,45.47,46.3,18513100,2025-12-16T03:46:51Z
WMT,2006-02-03,10.11,10.28,10.1,10.23,50953739,45.49,46.21,45.44,45.99,11329700,2025-12-16T03:46:51Z
WMT,2006-02-06,10.02,10.12,10.02,10.1,54802125,45.08,45.51,45.05,45.44,12185300,2025-12-16T03:46:51Z
WMT,2006-02-07,9.95,10.11,9.94,10.01,72818367,44.74,45.47,44.68,45,16191300,2025-12-16T03:46:51Z
WMT,2006-02-08,10.09,10.12,9.9,9.96,55531538,45.4,45.51,44.52,44.78,12347600,2025-12-16T03:46:51Z
WMT,2006-02-09,10.16,10.22,10.08,10.11,59058405,45.7,45.97,45.33,45.48,13131800,2025-12-16T03:46:51Z
WMT,2006-02-10,10.17,10.22,10.07,10.14,36148553,45.75,45.95,45.31,45.6,8037700,2025-12-16T03:46:51Z
WMT,2006-02-13,10.12,10.19,10.11,10.11,32207618,45.51,45.82,45.47,45.47,7161400,2025-12-16T03:46:51Z
WMT,2006-02-14,10.33,10.37,10.07,10.1,66887371,46.45,46.64,45.28,45.42,14872500,2025-12-16T03:46:51Z
WMT,2006-02-15,10.43,10.44,10.2,10.29,53227693,46.89,46.93,45.89,46.29,11835300,2025-12-16T03:46:51Z
WMT,2006-02-16,10.37,10.46,10.31,10.42,40811168,46.63,47.02,46.35,46.85,9074400,2025-12-16T03:46:51Z
WMT,2006-02-17,10.25,10.37,10.18,10.37,69058409,46.1,46.63,45.8,46.63,15355200,2025-12-16T03:46:51Z
WMT,2006-02-21,10.17,10.33,10.11,10.16,69148036,45.74,46.46,45.47,45.71,15375200,2025-12-16T03:46:51Z
WMT,2006-02-22,10.11,10.23,10.1,10.21,44576929,45.48,45.99,45.44,45.93,9911800,2025-12-16T03:46:51Z
WMT,2006-02-23,10.16,10.22,10.08,10.12,66679623,45.7,45.95,45.34,45.5,14826400,2025-12-16T03:46:51Z
WMT,2006-02-24,10.11,10.17,10.06,10.16,43409541,45.45,45.75,45.26,45.7,9652200,2025-12-16T03:46:51Z
WMT,2006-02-27,10.17,10.2,10.13,10.13,40708895,45.76,45.88,45.55,45.55,9051700,2025-12-16T03:46:51Z
WMT,2006-02-28,10.09,10.19,10.05,10.13,55327963,45.36,45.81,45.22,45.57,12302300,2025-12-16T03:46:51Z
WMT,2006-03-01,10.04,10.12,10.01,10.09,54159586,45.15,45.51,45.03,45.36,12042500,2025-12-16T03:46:51Z
WMT,2006-03-02,10.02,10.11,9.99,10.01,56300713,45.06,45.48,44.93,45.01,12518600,2025-12-16T03:46:51Z
WMT,2006-03-03,10.08,10.12,9.97,9.98,42763794,45.33,45.5,44.86,44.87,9508600,2025-12-16T03:46:51Z
WMT,2006-03-06,10.03,10.13,10,10.12,43847239,45.12,45.54,44.97,45.49,9749500,2025-12-16T03:46:51Z
WMT,2006-03-07,10.07,10.09,10.02,10.05,50579586,45.27,45.36,45.05,45.19,11246500,2025-12-16T03:46:51Z
WMT,2006-03-08,10.07,10.15,10.04,10.05,65113266,45.27,45.63,45.16,45.2,14478100,2025-12-16T03:46:51Z
WMT,2006-03-09,10.06,10.09,10.03,10.05,32532663,45.24,45.39,45.11,45.2,7233700,2025-12-16T03:46:51Z
WMT,2006-03-10,10.08,10.11,10.05,10.1,41925029,45.33,45.48,45.21,45.44,9322100,2025-12-16T03:46:51Z
WMT,2006-03-13,10.07,10.11,10.05,10.08,39750839,45.27,45.46,45.22,45.35,8838700,2025-12-16T03:46:51Z
WMT,2006-03-14,10.13,10.13,10.04,10.05,61796223,45.54,45.58,45.16,45.19,13740500,2025-12-16T03:46:51Z
WMT,2006-03-15,10.11,10.17,10.09,10.15,62697241,45.32,45.57,45.22,45.5,13992300,2025-12-16T03:46:51Z
WMT,2006-03-16,10.35,10.36,10.14,10.17,83146522,46.36,46.44,45.42,45.56,18556100,2025-12-16T03:46:51Z
WMT,2006-03-17,10.42,10.44,10.33,10.4,55735371,46.69,46.79,46.29,46.6,12438600,2025-12-16T03:46:51Z
WMT,2006-03-20,10.66,10.73,10.49,10.5,88281643,47.76,48.07,46.99,47.03,19702000,2025-12-16T03:46:51Z
WMT,2006-03-21,10.74,10.81,10.65,10.76,62239907,48.11,48.45,47.72,48.2,13890300,2025-12-16T03:46:51Z
WMT,2006-03-22,10.73,10.76,10.65,10.65,40449334,48.1,48.22,47.74,47.74,9027200,2025-12-16T03:46:51Z
WMT,2006-03-23,10.83,10.91,10.72,10.76,66017056,48.54,48.87,48.05,48.19,14733200,2025-12-16T03:46:51Z
WMT,2006-03-24,10.75,10.87,10.72,10.87,43613635,48.19,48.72,48.02,48.7,9733400,2025-12-16T03:46:51Z
WMT,2006-03-27,10.7,10.78,10.69,10.76,38821087,47.95,48.3,47.9,48.19,8663800,2025-12-16T03:46:51Z
WMT,2006-03-28,10.66,10.78,10.64,10.7,45006930,47.75,48.32,47.66,47.95,10044300,2025-12-16T03:46:51Z
WMT,2006-03-29,10.72,10.75,10.6,10.67,38902053,48.05,48.18,47.5,47.8,8681900,2025-12-16T03:46:51Z
WMT,2006-03-30,10.64,10.75,10.56,10.72,43883640,47.66,48.18,47.31,48.05,9793600,2025-12-16T03:46:51Z
WMT,2006-03-31,10.54,10.7,10.53,10.7,45220589,47.24,47.94,47.2,47.94,10092000,2025-12-16T03:46:51Z
WMT,2006-04-03,10.44,10.56,10.38,10.55,63220020,46.77,47.31,46.53,47.27,14109000,2025-12-16T03:46:51Z
WMT,2006-04-04,10.38,10.44,10.34,10.42,39055521,46.5,46.77,46.35,46.69,8716100,2025-12-16T03:46:51Z
WMT,2006-04-05,10.46,10.48,10.38,10.39,34776593,46.87,46.97,46.5,46.58,7761200,2025-12-16T03:46:51Z
WMT,2006-04-06,10.39,10.51,10.34,10.46,39269669,46.56,47.09,46.35,46.88,8763900,2025-12-16T03:46:51Z
WMT,2006-04-07,10.27,10.44,10.22,10.38,55824520,46.02,46.77,45.81,46.5,12458500,2025-12-16T03:46:51Z
WMT,2006-04-10,10.2,10.27,10.16,10.26,42896693,45.7,46,45.51,45.98,9573400,2025-12-16T03:46:51Z
WMT,2006-04-11,10.15,10.21,10.1,10.18,43256548,45.5,45.76,45.27,45.6,9653700,2025-12-16T03:46:51Z
WMT,2006-04-12,10.24,10.26,10.19,10.22,41606004,45.9,45.96,45.65,45.78,9285300,2025-12-16T03:46:51Z
WMT,2006-04-13,10.21,10.27,10.18,10.26,32257646,45.77,46.01,45.62,45.96,7199000,2025-12-16T03:46:51Z
WMT,2006-04-17,10.23,10.33,10.18,10.22,41335951,45.82,46.28,45.63,45.8,9225100,2025-12-16T03:46:51Z
WMT,2006-04-18,10.36,10.38,10.28,10.3,47254599,46.4,46.52,46.07,46.14,10545900,2025-12-16T03:46:51Z
WMT,2006-04-19,10.37,10.42,10.32,10.34,48138666,46.47,46.7,46.25,46.32,10743200,2025-12-16T03:46:51Z
WMT,2006-04-20,10.36,10.42,10.32,10.35,40889997,46.4,46.71,46.26,46.37,9125500,2025-12-16T03:46:51Z
WMT,2006-04-21,10.23,10.4,10.2,10.4,45337318,45.82,46.6,45.68,46.6,10118100,2025-12-16T03:46:51Z
WMT,2006-04-24,10.16,10.21,10.13,10.18,54413390,45.54,45.74,45.4,45.62,12143600,2025-12-16T03:46:51Z
WMT,2006-04-25,10.18,10.25,10.15,10.19,41249996,45.63,45.93,45.5,45.66,9205900,2025-12-16T03:46:51Z
WMT,2006-04-26,10.26,10.27,10.19,10.21,47421132,45.98,46.03,45.67,45.75,10583100,2025-12-16T03:46:51Z
WMT,2006-04-27,10.19,10.28,10.18,10.22,57317378,45.64,46.08,45.62,45.78,12791700,2025-12-16T03:46:51Z
WMT,2006-04-28,10.05,10.19,10.04,10.17,68828530,45.03,45.67,44.99,45.58,15360700,2025-12-16T03:46:51Z
WMT,2006-05-01,10.25,10.39,10.16,10.25,83043035,45.93,46.58,45.54,45.92,18532900,2025-12-16T03:46:51Z
WMT,2006-05-02,10.3,10.32,10.24,10.29,42957658,46.16,46.26,45.9,46.12,9587000,2025-12-16T03:46:51Z
WMT,2006-05-03,10.42,10.45,10.33,10.34,50739684,46.69,46.84,46.29,46.32,11323700,2025-12-16T03:46:51Z
WMT,2006-05-04,10.36,10.48,10.29,10.47,47108523,46.4,46.98,46.12,46.92,10513300,2025-12-16T03:46:51Z
WMT,2006-05-05,10.54,10.56,10.38,10.4,39285308,47.25,47.34,46.52,46.6,8767400,2025-12-16T03:46:51Z
WMT,2006-05-08,10.62,10.69,10.51,10.54,44263229,47.57,47.9,47.1,47.25,9878300,2025-12-16T03:46:51Z
WMT,2006-05-09,10.68,10.75,10.62,10.64,65003021,47.87,48.17,47.58,47.69,14506900,2025-12-16T03:46:51Z
WMT,2006-05-10,10.66,10.73,10.62,10.65,42343045,47.78,48.09,47.58,47.71,9449800,2025-12-16T03:46:51Z
WMT,2006-05-11,10.54,10.69,10.5,10.69,50205114,47.25,47.9,47.03,47.9,11204400,2025-12-16T03:46:51Z
WMT,2006-05-12,10.39,10.59,10.38,10.55,51125153,46.54,47.45,46.53,47.26,11409700,2025-12-16T03:46:51Z
WMT,2006-05-15,10.59,10.61,10.28,10.32,76417816,47.43,47.56,46.08,46.25,17054400,2025-12-16T03:46:51Z
WMT,2006-05-16,10.73,10.78,10.64,10.68,79249314,48.07,48.31,47.69,47.87,17686300,2025-12-16T03:46:51Z
WMT,2006-05-17,10.49,10.68,10.49,10.67,68983020,46.84,47.68,46.83,47.65,15448900,2025-12-16T03:46:51Z
WMT,2006-05-18,10.58,10.61,10.45,10.53,48854263,47.22,47.39,46.65,47.02,10941100,2025-12-16T03:46:51Z
WMT,2006-05-19,10.6,10.63,10.5,10.63,57067958,47.32,47.48,46.89,47.45,12780500,2025-12-16T03:46:51Z
WMT,2006-05-22,10.6,10.7,10.55,10.59,44265336,47.35,47.77,47.1,47.29,9913400,2025-12-16T03:46:51Z
WMT,2006-05-23,10.64,10.75,10.64,10.66,49029246,47.52,47.99,47.5,47.6,10980200,2025-12-16T03:46:51Z
WMT,2006-05-24,10.76,10.78,10.61,10.64,72392170,48.03,48.14,47.37,47.53,16212500,2025-12-16T03:46:51Z
WMT,2006-05-25,11.07,11.16,10.89,10.93,115233506,49.45,49.83,48.65,48.82,25807000,2025-12-16T03:46:51Z
WMT,2006-05-26,11.12,11.2,11.07,11.11,78026846,49.65,50,49.45,49.6,17474400,2025-12-16T03:46:51Z
WMT,2006-05-30,10.82,10.91,10.8,10.89,86063386,48.3,48.71,48.23,48.62,19274100,2025-12-16T03:46:51Z
WMT,2006-05-31,10.85,10.91,10.77,10.86,53804260,48.45,48.72,48.1,48.48,12049600,2025-12-16T03:46:51Z
WMT,2006-06-01,10.84,10.88,10.73,10.81,59794606,48.39,48.57,47.92,48.25,13391200,2025-12-16T03:46:51Z
WMT,2006-06-02,10.71,10.83,10.6,10.79,61066096,47.83,48.35,47.32,48.17,13676000,2025-12-16T03:46:51Z
WMT,2006-06-05,10.57,10.76,10.55,10.7,55575717,47.19,48.04,47.1,47.77,12446300,2025-12-16T03:46:51Z
WMT,2006-06-06,10.53,10.64,10.43,10.6,73516981,47.03,47.49,46.55,47.34,16464300,2025-12-16T03:46:51Z
WMT,2006-06-07,10.53,10.69,10.51,10.54,43203947,47.04,47.73,46.92,47.07,9675700,2025-12-16T03:46:51Z
WMT,2006-06-08,10.59,10.65,10.49,10.55,72544229,47.3,47.54,46.84,47.09,16246500,2025-12-16T03:46:51Z
WMT,2006-06-09,10.55,10.64,10.53,10.56,33353889,47.13,47.49,47,47.15,7469700,2025-12-16T03:46:51Z
WMT,2006-06-12,10.52,10.62,10.51,10.55,33339674,46.99,47.42,46.92,47.1,7466500,2025-12-16T03:46:51Z
WMT,2006-06-13,10.64,10.73,10.53,10.55,62896017,47.53,47.93,47.03,47.09,14085800,2025-12-16T03:46:51Z
WMT,2006-06-14,10.68,10.73,10.61,10.65,46571272,47.71,47.9,47.37,47.56,10429800,2025-12-16T03:46:51Z
WMT,2006-06-15,10.9,10.92,10.6,10.69,70252825,48.66,48.75,47.31,47.74,15733400,2025-12-16T03:46:51Z
WMT,2006-06-16,10.82,11.01,10.79,10.88,74758416,48.31,49.16,48.2,48.56,16742300,2025-12-16T03:46:51Z
WMT,2006-06-19,10.81,10.95,10.75,10.85,51880135,48.27,48.9,48,48.45,11618700,2025-12-16T03:46:51Z
WMT,2006-06-20,10.85,10.88,10.8,10.81,38851978,48.43,48.59,48.21,48.25,8701000,2025-12-16T03:46:51Z
WMT,2006-06-21,10.95,10.97,10.82,10.82,55075404,48.9,49,48.3,48.3,12334300,2025-12-16T03:46:51Z
WMT,2006-06-22,10.86,11.02,10.81,10.91,37801379,48.48,49.19,48.27,48.71,8465700,2025-12-16T03:46:51Z
WMT,2006-06-23,10.74,10.89,10.7,10.83,36799259,47.94,48.63,47.76,48.35,8241300,2025-12-16T03:46:51Z
WMT,2006-06-26,10.77,10.79,10.71,10.77,30258129,48.07,48.2,47.8,48.09,6776400,2025-12-16T03:46:51Z
WMT,2006-06-27,10.67,10.81,10.65,10.74,37611033,47.63,48.27,47.57,47.95,8423100,2025-12-16T03:46:51Z
WMT,2006-06-28,10.73,10.73,10.61,10.67,32542110,47.92,47.93,47.36,47.65,7287900,2025-12-16T03:46:51Z
WMT,2006-06-29,10.91,10.91,10.73,10.77,48971765,48.71,48.72,47.91,48.11,10967400,2025-12-16T03:46:51Z
WMT,2006-06-30,10.79,10.94,10.79,10.91,49683369,48.17,48.85,48.16,48.7,11126700,2025-12-16T03:46:51Z
WMT,2006-07-03,10.65,10.76,10.55,10.69,40621342,47.57,48.05,47.1,47.75,9097300,2025-12-16T03:46:51Z
WMT,2006-07-05,10.53,10.6,10.47,10.57,51456116,47.02,47.34,46.76,47.21,11523700,2025-12-16T03:46:51Z
WMT,2006-07-06,10.46,10.56,10.42,10.49,45429009,46.72,47.14,46.51,46.83,10174000,2025-12-16T03:46:51Z
WMT,2006-07-07,10.3,10.44,10.28,10.41,47002340,46,46.63,45.88,46.48,10526300,2025-12-16T03:46:51Z
WMT,2006-07-10,10.34,10.46,10.31,10.36,31927763,46.18,46.73,46.05,46.25,7150300,2025-12-16T03:46:51Z
WMT,2006-07-11,10.33,10.35,10.17,10.3,58833628,46.13,46.21,45.41,46,13176000,2025-12-16T03:46:51Z
WMT,2006-07-12,10.11,10.36,10.1,10.35,59202029,45.15,46.25,45.11,46.21,13258500,2025-12-16T03:46:51Z
WMT,2006-07-13,9.89,9.99,9.79,9.98,117466188,44.16,44.62,43.71,44.55,26307000,2025-12-16T03:46:51Z
WMT,2006-07-14,9.64,9.86,9.59,9.84,89627069,43.05,44.03,42.81,43.93,20072300,2025-12-16T03:46:51Z
WMT,2006-07-17,9.63,9.84,9.57,9.68,79022044,43.02,43.93,42.72,43.23,17697300,2025-12-16T03:46:51Z
WMT,2006-07-18,9.67,9.68,9.47,9.58,90981119,43.17,43.23,42.31,42.76,20375600,2025-12-16T03:46:51Z
WMT,2006-07-19,9.9,9.93,9.68,9.69,79864530,44.2,44.33,43.23,43.28,17885900,2025-12-16T03:46:51Z
WMT,2006-07-20,9.92,9.99,9.89,9.93,45797799,44.29,44.61,44.15,44.35,10256600,2025-12-16T03:46:51Z
WMT,2006-07-21,9.79,9.97,9.76,9.97,57409384,43.72,44.51,43.56,44.51,12857000,2025-12-16T03:46:51Z
WMT,2006-07-24,9.95,10.05,9.86,9.86,52020903,44.43,44.89,44.03,44.03,11650200,2025-12-16T03:46:51Z
WMT,2006-07-25,10,10.03,9.84,9.9,47683574,44.67,44.8,43.94,44.21,10678900,2025-12-16T03:46:51Z
WMT,2006-07-26,9.78,9.96,9.77,9.96,55133604,43.67,44.47,43.63,44.45,12347400,2025-12-16T03:46:51Z
WMT,2006-07-27,9.75,9.85,9.73,9.85,38877696,43.53,44,43.47,43.97,8706800,2025-12-16T03:46:51Z
WMT,2006-07-28,9.96,9.97,9.8,9.8,55191217,44.46,44.54,43.77,43.77,12360300,2025-12-16T03:46:51Z
WMT,2006-07-31,9.97,10.11,9.93,10.08,59938827,44.5,45.12,44.33,45.02,13423500,2025-12-16T03:46:51Z
WMT,2006-08-01,9.87,9.94,9.81,9.93,43067565,44.09,44.38,43.79,44.35,9645100,2025-12-16T03:46:51Z
WMT,2006-08-02,9.94,9.95,9.85,9.92,35680235,44.37,44.43,44,44.3,7990700,2025-12-16T03:46:51Z
WMT,2006-08-03,10.02,10.11,9.89,9.91,49276943,44.73,45.13,44.17,44.27,11035700,2025-12-16T03:46:51Z
WMT,2006-08-04,10.05,10.18,10,10.11,43459986,44.87,45.45,44.65,45.15,9733000,2025-12-16T03:46:51Z
WMT,2006-08-07,10.04,10.09,9.97,9.99,32781345,44.82,45.05,44.5,44.6,7341500,2025-12-16T03:46:51Z
WMT,2006-08-08,9.96,10.08,9.94,10.04,34339622,44.46,44.99,44.37,44.82,7690500,2025-12-16T03:46:51Z
WMT,2006-08-09,9.83,10.05,9.82,10.03,45901211,43.9,44.88,43.86,44.78,10279700,2025-12-16T03:46:51Z
WMT,2006-08-10,10.05,10.06,9.8,9.83,54211079,44.89,44.94,43.75,43.9,12140700,2025-12-16T03:46:51Z
WMT,2006-08-11,10.01,10.06,9.92,10.06,36813460,44.69,44.94,44.3,44.9,8244500,2025-12-16T03:46:51Z
WMT,2006-08-14,10.1,10.17,10.02,10.04,48982840,45.1,45.43,44.73,44.84,10969900,2025-12-16T03:46:51Z
WMT,2006-08-15,9.98,10.05,9.87,10.03,83007646,44.55,44.89,44.05,44.78,18589800,2025-12-16T03:46:51Z
WMT,2006-08-16,9.99,10.04,9.9,10.02,73194868,44.43,44.68,44.05,44.55,16454100,2025-12-16T03:46:51Z
WMT,2006-08-17,10.03,10.12,9.96,10,55018497,44.63,45,44.33,44.5,12368100,2025-12-16T03:46:51Z
WMT,2006-08-18,10,10.06,9.96,10.05,40407685,44.49,44.74,44.3,44.72,9083600,2025-12-16T03:46:51Z
WMT,2006-08-21,9.91,9.98,9.9,9.96,42181282,44.09,44.38,44.02,44.3,9482300,2025-12-16T03:46:51Z
WMT,2006-08-22,9.91,9.97,9.89,9.94,36776822,44.07,44.37,43.98,44.2,8267400,2025-12-16T03:46:51Z
WMT,2006-08-23,9.84,9.93,9.77,9.91,47082632,43.76,44.15,43.48,44.1,10584100,2025-12-16T03:46:51Z
WMT,2006-08-24,9.82,9.88,9.81,9.88,33274745,43.7,43.96,43.66,43.94,7480100,2025-12-16T03:46:51Z
WMT,2006-08-25,9.86,9.9,9.78,9.8,34344913,43.88,44.06,43.52,43.6,7720700,2025-12-16T03:46:51Z
WMT,2006-08-28,9.99,10.04,9.93,9.94,49832618,44.43,44.65,44.16,44.2,11202300,2025-12-16T03:46:51Z
WMT,2006-08-29,10,10.04,9.9,10.04,43855211,44.49,44.65,44.06,44.65,9858600,2025-12-16T03:46:51Z
WMT,2006-08-30,10.03,10.1,9.94,10.03,54068790,44.62,44.94,44.2,44.63,12154600,2025-12-16T03:46:51Z
WMT,2006-08-31,10.05,10.11,10.01,10.1,39080376,44.72,44.98,44.52,44.93,8785200,2025-12-16T03:46:51Z
WMT,2006-09-01,10.22,10.3,9.9,10.12,50636861,45.45,45.8,44.02,45,11383100,2025-12-16T03:46:51Z
WMT,2006-09-05,10.24,10.32,10.2,10.28,46461908,45.57,45.89,45.36,45.71,10444600,2025-12-16T03:46:51Z
WMT,2006-09-06,10.21,10.26,10.15,10.21,44973736,45.4,45.65,45.15,45.44,10110000,2025-12-16T03:46:51Z
WMT,2006-09-07,10.24,10.35,10.18,10.21,71213721,45.54,46.04,45.3,45.4,16008700,2025-12-16T03:46:51Z
WMT,2006-09-08,10.5,10.52,10.24,10.27,62114077,46.72,46.81,45.55,45.69,13963200,2025-12-16T03:46:51Z
WMT,2006-09-11,10.68,10.68,10.41,10.5,76292186,47.49,47.5,46.3,46.7,17150400,2025-12-16T03:46:51Z
WMT,2006-09-12,10.81,10.93,10.67,10.71,82016440,48.07,48.64,47.47,47.65,18437100,2025-12-16T03:46:51Z
WMT,2006-09-13,10.81,10.87,10.69,10.78,48584102,48.08,48.37,47.55,47.95,10921600,2025-12-16T03:46:51Z
WMT,2006-09-14,10.87,10.88,10.7,10.75,45198623,48.37,48.41,47.58,47.84,10160600,2025-12-16T03:46:51Z
WMT,2006-09-15,10.84,10.98,10.82,10.93,75992930,48.22,48.84,48.15,48.64,17083000,2025-12-16T03:46:51Z
WMT,2006-09-18,10.81,10.91,10.71,10.79,48177302,48.1,48.53,47.66,48.02,10830200,2025-12-16T03:46:51Z
WMT,2006-09-19,10.9,10.9,10.79,10.84,46810133,48.5,48.5,48,48.24,10522800,2025-12-16T03:46:51Z
WMT,2006-09-20,10.99,11.02,10.88,10.96,51109341,48.87,49.02,48.42,48.77,11489300,2025-12-16T03:46:51Z
WMT,2006-09-21,10.89,11.03,10.84,10.99,58059617,48.46,49.06,48.21,48.87,13051700,2025-12-16T03:46:51Z
WMT,2006-09-22,10.86,10.93,10.7,10.75,52366213,48.29,48.62,47.6,47.83,11771800,2025-12-16T03:46:51Z
WMT,2006-09-25,10.97,11.02,10.8,10.85,53988105,48.82,49,48.03,48.25,12136400,2025-12-16T03:46:51Z
WMT,2006-09-26,11.07,11.21,10.97,11,66631966,49.25,49.85,48.8,48.93,14978700,2025-12-16T03:46:51Z
WMT,2006-09-27,11.13,11.19,11.02,11.03,69919670,49.5,49.76,49.04,49.06,15717800,2025-12-16T03:46:51Z
WMT,2006-09-28,11.2,11.2,11.02,11.13,56823286,49.81,49.84,49.03,49.5,12773800,2025-12-16T03:46:51Z
WMT,2006-09-29,11.09,11.23,11.09,11.15,55971711,49.32,49.95,49.31,49.61,12582400,2025-12-16T03:46:51Z
WMT,2006-10-02,10.89,10.98,10.8,10.93,80098113,48.44,48.86,48.03,48.62,18006000,2025-12-16T03:46:51Z
WMT,2006-10-03,11.12,11.13,10.8,10.89,66666709,49.46,49.5,48.06,48.46,14986500,2025-12-16T03:46:51Z
WMT,2006-10-04,11.14,11.15,10.82,10.86,110222599,49.55,49.61,48.13,48.31,24777900,2025-12-16T03:46:51Z
WMT,2006-10-05,10.88,11.12,10.81,11.12,111530293,48.41,49.47,48.1,49.47,25071800,2025-12-16T03:46:51Z
WMT,2006-10-06,10.86,11.01,10.84,10.88,68708560,48.32,48.98,48.24,48.42,15445600,2025-12-16T03:46:51Z
WMT,2006-10-09,10.84,10.91,10.78,10.83,42906218,48.22,48.53,47.97,48.19,9645200,2025-12-16T03:46:51Z
WMT,2006-10-10,10.82,10.9,10.76,10.9,42985180,48.12,48.49,47.88,48.49,9663000,2025-12-16T03:46:51Z
WMT,2006-10-11,10.86,10.89,10.76,10.8,44511391,48.31,48.45,47.87,48.03,10006100,2025-12-16T03:46:51Z
WMT,2006-10-12,10.86,10.94,10.81,10.9,55274764,48.32,48.67,48.08,48.49,12425700,2025-12-16T03:46:51Z
WMT,2006-10-13,10.89,10.91,10.82,10.85,39156002,48.46,48.52,48.12,48.28,8802200,2025-12-16T03:46:51Z
WMT,2006-10-16,10.86,10.89,10.81,10.86,29447223,48.32,48.46,48.11,48.31,6619700,2025-12-16T03:46:51Z
WMT,2006-10-17,10.85,10.86,10.71,10.84,49448951,48.28,48.32,47.64,48.2,11116000,2025-12-16T03:46:51Z
WMT,2006-10-18,10.87,10.92,10.83,10.89,45741526,48.35,48.57,48.16,48.43,10282600,2025-12-16T03:46:51Z
WMT,2006-10-19,10.9,11.01,10.88,10.89,44938698,48.49,48.99,48.39,48.43,10102100,2025-12-16T03:46:51Z
WMT,2006-10-20,11.1,11.18,10.94,10.95,84322807,49.37,49.73,48.65,48.73,18955600,2025-12-16T03:46:51Z
WMT,2006-10-23,11.53,11.72,11.02,11.1,236219554,51.28,52.15,49.03,49.37,53101600,2025-12-16T03:46:51Z
WMT,2006-10-24,11.53,11.67,11.48,11.53,83552782,51.3,51.9,51.05,51.3,18782600,2025-12-16T03:46:51Z
WMT,2006-10-25,11.43,11.64,11.36,11.48,76883994,50.85,51.78,50.55,51.05,17283400,2025-12-16T03:46:51Z
WMT,2006-10-26,11.63,11.63,11.39,11.41,63301256,51.75,51.75,50.65,50.77,14230000,2025-12-16T03:46:51Z
WMT,2006-10-27,11.4,11.6,11.38,11.6,55752730,50.73,51.6,50.63,51.58,12533100,2025-12-16T03:46:51Z
WMT,2006-10-30,11.13,11.18,11.04,11.06,115692624,49.53,49.72,49.1,49.22,26007600,2025-12-16T03:46:51Z
WMT,2006-10-31,11.08,11.19,11.04,11.15,78214883,49.28,49.78,49.12,49.6,17582600,2025-12-16T03:46:51Z
WMT,2006-11-01,10.98,11.17,10.94,11.1,74683668,48.85,49.7,48.65,49.38,16788800,2025-12-16T03:46:51Z
WMT,2006-11-02,10.86,10.87,10.71,10.72,108464218,48.29,48.37,47.66,47.67,24382500,2025-12-16T03:46:51Z
WMT,2006-11-03,10.68,10.9,10.61,10.86,80153049,47.53,48.47,47.2,48.3,18018200,2025-12-16T03:46:51Z
WMT,2006-11-06,10.68,10.84,10.61,10.73,77541744,47.49,48.21,47.2,47.74,17431300,2025-12-16T03:46:51Z
WMT,2006-11-07,10.71,10.79,10.66,10.72,79558995,47.65,47.99,47.41,47.69,17884700,2025-12-16T03:46:51Z
WMT,2006-11-08,10.57,10.68,10.57,10.63,133955463,47.03,47.51,47.03,47.3,30113000,2025-12-16T03:46:51Z
WMT,2006-11-09,10.43,10.61,10.41,10.59,121134464,46.39,47.21,46.31,47.11,27230900,2025-12-16T03:46:51Z
WMT,2006-11-10,10.45,10.5,10.41,10.41,58716950,46.47,46.69,46.31,46.31,13199500,2025-12-16T03:46:51Z
WMT,2006-11-13,10.41,10.53,10.33,10.45,107565756,46.32,46.84,45.97,46.47,24180700,2025-12-16T03:46:51Z
WMT,2006-11-14,10.71,10.84,10.61,10.75,127324025,47.66,48.2,47.19,47.83,28622200,2025-12-16T03:46:51Z
WMT,2006-11-15,10.72,10.81,10.7,10.74,73304111,47.68,48.08,47.58,47.77,16478700,2025-12-16T03:46:51Z
WMT,2006-11-16,10.77,10.79,10.68,10.78,49272555,47.91,47.99,47.5,47.96,11076400,2025-12-16T03:46:51Z
WMT,2006-11-17,10.68,10.75,10.66,10.73,70379511,47.5,47.82,47.41,47.75,15821200,2025-12-16T03:46:51Z
WMT,2006-11-20,10.73,10.84,10.66,10.68,54878959,47.72,48.24,47.42,47.5,12336700,2025-12-16T03:46:51Z
WMT,2006-11-21,10.75,10.79,10.7,10.74,38898089,47.81,47.98,47.6,47.76,8744200,2025-12-16T03:46:51Z
WMT,2006-11-22,10.8,10.84,10.74,10.76,48141655,48.03,48.21,47.76,47.88,10822200,2025-12-16T03:46:51Z
WMT,2006-11-24,10.77,10.8,10.69,10.74,22626423,47.9,48.05,47.55,47.76,5086400,2025-12-16T03:46:51Z
WMT,2006-11-27,10.48,10.72,10.46,10.66,104550774,46.61,47.69,46.55,47.44,23502900,2025-12-16T03:46:51Z
WMT,2006-11-28,10.5,10.54,10.45,10.46,59453012,46.71,46.89,46.48,46.53,13364900,2025-12-16T03:46:51Z
WMT,2006-11-29,10.54,10.64,10.48,10.54,56376720,46.89,47.33,46.63,46.89,12673400,2025-12-16T03:46:51Z
WMT,2006-11-30,10.36,10.51,10.35,10.45,107820902,46.1,46.73,46.02,46.5,24237900,2025-12-16T03:46:51Z
WMT,2006-12-01,10.31,10.36,10.21,10.34,111320654,45.87,46.1,45.42,46,25024700,2025-12-16T03:46:51Z
WMT,2006-12-04,10.41,10.46,10.31,10.4,64505909,46.29,46.51,45.87,46.25,14500800,2025-12-16T03:46:51Z
WMT,2006-12-05,10.45,10.46,10.36,10.4,46579102,46.48,46.55,46.07,46.25,10470900,2025-12-16T03:46:51Z
WMT,2006-12-06,10.46,10.51,10.42,10.45,43794774,46.54,46.75,46.36,46.49,9845000,2025-12-16T03:46:51Z
WMT,2006-12-07,10.42,10.52,10.42,10.5,63242149,46.37,46.8,46.36,46.7,14216700,2025-12-16T03:46:51Z
WMT,2006-12-08,10.42,10.48,10.4,10.41,46893149,46.35,46.62,46.25,46.3,10541500,2025-12-16T03:46:51Z
WMT,2006-12-11,10.34,10.44,10.32,10.44,73467631,46,46.45,45.92,46.45,16515400,2025-12-16T03:46:51Z
WMT,2006-12-12,10.26,10.38,10.25,10.32,80223191,45.65,46.17,45.58,45.92,18034100,2025-12-16T03:46:51Z
WMT,2006-12-13,10.36,10.39,10.33,10.36,76996252,45.9,46.03,45.8,45.9,17372300,2025-12-16T03:46:51Z
WMT,2006-12-14,10.5,10.52,10.36,10.41,81721970,46.52,46.61,45.91,46.12,18438700,2025-12-16T03:46:51Z
WMT,2006-12-15,10.48,10.58,10.47,10.52,71307864,46.45,46.89,46.39,46.63,16088900,2025-12-16T03:46:51Z
WMT,2006-12-18,10.46,10.56,10.44,10.49,55497149,46.37,46.8,46.28,46.5,12521600,2025-12-16T03:46:51Z
WMT,2006-12-19,10.4,10.43,10.27,10.41,76896572,46.09,46.24,45.5,46.13,17349900,2025-12-16T03:46:51Z
WMT,2006-12-20,10.35,10.41,10.35,10.38,61770152,45.87,46.13,45.87,46,13937000,2025-12-16T03:46:51Z
WMT,2006-12-21,10.31,10.39,10.29,10.37,50280489,45.71,46.06,45.61,45.95,11344600,2025-12-16T03:46:51Z
WMT,2006-12-22,10.28,10.33,10.15,10.27,49193400,45.54,45.8,45,45.5,11099300,2025-12-16T03:46:51Z
WMT,2006-12-26,10.4,10.44,10.11,10.11,46507121,46.11,46.29,44.8,44.8,10493200,2025-12-16T03:46:51Z
WMT,2006-12-27,10.41,10.44,10.32,10.32,53742131,46.16,46.25,45.75,45.75,12125600,2025-12-16T03:46:51Z
WMT,2006-12-28,10.38,10.42,10.34,10.34,31471474,46.01,46.2,45.81,45.81,7100800,2025-12-16T03:46:51Z
WMT,2006-12-29,10.42,10.52,10.39,10.42,47913293,46.18,46.61,46.03,46.2,10810500,2025-12-16T03:46:51Z
WMT,2007-01-03,10.73,10.9,10.62,10.62,158175268,47.55,48.3,47.06,47.09,35688400,2025-12-16T03:46:51Z
WMT,2007-01-04,10.78,10.83,10.68,10.79,75686985,47.78,47.99,47.32,47.8,17076900,2025-12-16T03:46:51Z
WMT,2007-01-05,10.69,10.79,10.64,10.72,60085934,47.39,47.8,47.15,47.5,13556900,2025-12-16T03:46:51Z
WMT,2007-01-08,10.6,10.67,10.58,10.58,72670324,47,47.31,46.9,46.91,16396400,2025-12-16T03:46:51Z
WMT,2007-01-09,10.69,10.76,10.6,10.6,64958617,47.39,47.67,47,47,14656300,2025-12-16T03:46:51Z
WMT,2007-01-10,10.67,10.74,10.49,10.62,59001167,47.28,47.62,46.51,47.05,13312200,2025-12-16T03:46:51Z
WMT,2007-01-11,10.74,10.77,10.65,10.66,65695123,47.6,47.73,47.21,47.27,14822500,2025-12-16T03:46:51Z
WMT,2007-01-12,10.83,10.86,10.65,10.74,61660524,47.98,48.11,47.21,47.62,13912200,2025-12-16T03:46:51Z
WMT,2007-01-16,10.9,10.94,10.78,10.81,64097487,48.31,48.48,47.79,47.93,14462100,2025-12-16T03:46:51Z
WMT,2007-01-17,10.88,10.92,10.85,10.9,47591568,48.2,48.41,48.09,48.32,10737900,2025-12-16T03:46:51Z
WMT,2007-01-18,10.92,11.01,10.85,10.88,60526940,48.39,48.78,48.08,48.2,13656400,2025-12-16T03:46:51Z
WMT,2007-01-19,10.9,11,10.87,10.94,53009258,48.31,48.74,48.19,48.49,11960300,2025-12-16T03:46:51Z
WMT,2007-01-22,10.82,10.89,10.74,10.87,56375753,47.96,48.27,47.6,48.16,12719900,2025-12-16T03:46:51Z
WMT,2007-01-23,10.79,10.86,10.71,10.78,49968982,47.81,48.15,47.46,47.78,11274300,2025-12-16T03:46:51Z
WMT,2007-01-24,10.97,10.99,10.83,10.85,59796068,48.61,48.7,47.99,48.07,13491600,2025-12-16T03:46:51Z
WMT,2007-01-25,10.86,10.97,10.85,10.97,52481943,48.15,48.64,48.09,48.61,11841300,2025-12-16T03:46:51Z
WMT,2007-01-26,10.76,10.91,10.71,10.84,49012048,47.67,48.36,47.47,48.05,11058400,2025-12-16T03:46:51Z
WMT,2007-01-29,10.75,10.86,10.72,10.86,42091737,47.63,48.15,47.5,48.15,9497000,2025-12-16T03:46:51Z
WMT,2007-01-30,10.67,10.79,10.58,10.77,72431352,47.28,47.84,46.91,47.75,16342400,2025-12-16T03:46:51Z
WMT,2007-01-31,10.76,10.82,10.61,10.65,66190668,47.69,47.96,47.04,47.2,14934300,2025-12-16T03:46:51Z
WMT,2007-02-01,10.78,10.85,10.7,10.72,58660969,47.78,48.08,47.44,47.51,13235400,2025-12-16T03:46:51Z
WMT,2007-02-02,10.85,10.93,10.75,10.77,55896589,48.08,48.42,47.64,47.75,12611700,2025-12-16T03:46:51Z
WMT,2007-02-05,10.95,11.03,10.93,10.93,63003537,48.52,48.9,48.42,48.44,14215300,2025-12-16T03:46:51Z
WMT,2007-02-06,10.96,11,10.9,10.97,39724103,48.58,48.77,48.32,48.61,8962800,2025-12-16T03:46:51Z
WMT,2007-02-07,10.96,11,10.89,10.92,44694711,48.58,48.75,48.28,48.39,10084300,2025-12-16T03:46:51Z
WMT,2007-02-08,10.9,10.96,10.86,10.91,47829902,48.31,48.6,48.13,48.36,10791700,2025-12-16T03:46:51Z
WMT,2007-02-09,10.82,10.95,10.76,10.91,54984692,47.97,48.54,47.67,48.37,12406000,2025-12-16T03:46:51Z
WMT,2007-02-12,10.77,10.88,10.76,10.86,45786667,47.74,48.24,47.68,48.15,10330700,2025-12-16T03:46:51Z
WMT,2007-02-13,10.83,10.87,10.77,10.79,44626119,47.98,48.17,47.74,47.8,10068800,2025-12-16T03:46:51Z
WMT,2007-02-14,10.8,10.86,10.77,10.85,54407050,47.87,48.13,47.75,48.08,12275600,2025-12-16T03:46:51Z
WMT,2007-02-15,10.91,10.95,10.79,10.81,50067248,48.36,48.54,47.82,47.9,11296500,2025-12-16T03:46:51Z
WMT,2007-02-16,10.94,11.02,10.89,10.91,75806951,48.48,48.85,48.25,48.35,17104100,2025-12-16T03:46:51Z
WMT,2007-02-20,11.34,11.35,11.15,11.24,161786439,50.26,50.29,49.41,49.81,36503100,2025-12-16T03:46:51Z
WMT,2007-02-21,11.27,11.38,11.25,11.26,105436437,49.97,50.42,49.87,49.91,23789300,2025-12-16T03:46:51Z
WMT,2007-02-22,11.21,11.32,11.18,11.3,47126798,49.69,50.18,49.55,50.09,10633000,2025-12-16T03:46:51Z
WMT,2007-02-23,11.18,11.26,11.12,11.21,48977322,49.57,49.89,49.29,49.66,11050600,2025-12-16T03:46:51Z
WMT,2007-02-26,11.28,11.29,11.16,11.22,47264445,49.98,50.05,49.45,49.71,10664100,2025-12-16T03:46:51Z
WMT,2007-02-27,10.88,11.23,10.88,11.19,91639220,48.2,49.78,48.2,49.6,20676200,2025-12-16T03:46:51Z
WMT,2007-02-28,10.9,10.98,10.83,10.94,94562868,48.31,48.66,48.01,48.5,21335900,2025-12-16T03:46:51Z
WMT,2007-03-01,10.81,10.88,10.65,10.78,90666470,47.89,48.2,47.19,47.78,20456700,2025-12-16T03:46:51Z
WMT,2007-03-02,10.79,10.9,10.77,10.8,81372287,47.81,48.32,47.71,47.85,18359700,2025-12-16T03:46:51Z
WMT,2007-03-05,10.71,10.89,10.7,10.75,63526477,47.47,48.27,47.44,47.65,14333300,2025-12-16T03:46:51Z
WMT,2007-03-06,10.84,10.9,10.77,10.79,66280178,48.04,48.29,47.75,47.84,14954600,2025-12-16T03:46:51Z
WMT,2007-03-07,10.81,10.89,10.74,10.84,59066646,47.93,48.25,47.61,48.05,13327000,2025-12-16T03:46:51Z
WMT,2007-03-08,10.8,10.86,10.69,10.84,90395828,47.88,48.15,47.38,48.05,20395700,2025-12-16T03:46:51Z
WMT,2007-03-09,10.7,10.86,10.64,10.78,61830239,47.42,48.13,47.15,47.78,13950500,2025-12-16T03:46:51Z
WMT,2007-03-12,10.66,10.75,10.63,10.72,54059180,47.26,47.63,47.1,47.53,12197200,2025-12-16T03:46:51Z
WMT,2007-03-13,10.42,10.63,10.39,10.6,106313399,46.18,47.13,46.03,46.98,23987100,2025-12-16T03:46:51Z
WMT,2007-03-14,10.37,10.48,10.21,10.47,121680118,45.73,46.22,45.06,46.18,27585500,2025-12-16T03:46:51Z
WMT,2007-03-15,10.43,10.46,10.31,10.37,58631179,46,46.16,45.49,45.75,13292100,2025-12-16T03:46:51Z
WMT,2007-03-16,10.48,10.61,10.37,10.48,83775603,46.21,46.8,45.75,46.22,18992500,2025-12-16T03:46:51Z
WMT,2007-03-19,10.56,10.61,10.52,10.54,53283271,46.59,46.82,46.38,46.5,12079600,2025-12-16T03:46:51Z
WMT,2007-03-20,10.72,10.75,10.53,10.54,67342829,47.3,47.4,46.44,46.48,15267000,2025-12-16T03:46:51Z
WMT,2007-03-21,10.83,10.85,10.64,10.71,60178063,47.77,47.85,46.95,47.22,13642700,2025-12-16T03:46:51Z
WMT,2007-03-22,10.88,10.93,10.78,10.8,68699752,48.01,48.2,47.56,47.62,15574600,2025-12-16T03:46:51Z
WMT,2007-03-23,10.86,10.92,10.82,10.88,35261036,47.91,48.15,47.75,48.01,7993900,2025-12-16T03:46:51Z
WMT,2007-03-26,10.85,10.86,10.69,10.85,56046351,47.84,47.92,47.15,47.84,12706000,2025-12-16T03:46:51Z
WMT,2007-03-27,10.77,10.84,10.66,10.78,57124030,47.49,47.8,47.03,47.57,12950400,2025-12-16T03:46:51Z
WMT,2007-03-28,10.57,10.7,10.53,10.69,79753882,46.64,47.19,46.46,47.17,18080700,2025-12-16T03:46:51Z
WMT,2007-03-29,10.59,10.66,10.51,10.64,55417499,46.72,47.04,46.36,46.93,12563500,2025-12-16T03:46:51Z
WMT,2007-03-30,10.64,10.68,10.57,10.62,66990393,46.95,47.09,46.64,46.86,15187200,2025-12-16T03:46:51Z
WMT,2007-04-02,10.75,10.77,10.62,10.67,60634274,47.4,47.52,46.85,47.06,13746200,2025-12-16T03:46:51Z
WMT,2007-04-03,10.9,10.95,10.76,10.77,75701379,48.1,48.29,47.47,47.51,17161900,2025-12-16T03:46:51Z
WMT,2007-04-04,10.89,10.95,10.86,10.88,48412680,48.05,48.32,47.9,48,10975500,2025-12-16T03:46:51Z
WMT,2007-04-05,10.94,10.98,10.85,10.86,41971972,48.27,48.45,47.86,47.89,9515300,2025-12-16T03:46:51Z
WMT,2007-04-09,10.99,11.01,10.86,10.94,37659660,48.47,48.55,47.89,48.27,8537700,2025-12-16T03:46:51Z
WMT,2007-04-10,10.87,10.98,10.87,10.98,43009829,47.94,48.45,47.94,48.45,9750600,2025-12-16T03:46:51Z
WMT,2007-04-11,10.72,10.91,10.67,10.87,78234032,47.27,48.11,47.06,47.95,17736100,2025-12-16T03:46:51Z
WMT,2007-04-12,10.71,10.77,10.63,10.74,51044099,47.26,47.5,46.9,47.38,11572000,2025-12-16T03:46:51Z
WMT,2007-04-13,10.75,10.75,10.62,10.75,54791271,47.41,47.42,46.83,47.4,12421500,2025-12-16T03:46:51Z
WMT,2007-04-16,10.9,10.91,10.77,10.8,62856499,48.07,48.12,47.51,47.63,14249900,2025-12-16T03:46:51Z
WMT,2007-04-17,10.92,10.98,10.86,10.93,54657325,48.17,48.43,47.89,48.19,12391200,2025-12-16T03:46:51Z
WMT,2007-04-18,10.88,10.92,10.84,10.88,35258837,47.97,48.18,47.83,48,7993400,2025-12-16T03:46:51Z
WMT,2007-04-19,10.96,10.97,10.8,10.82,35511898,48.34,48.38,47.65,47.75,8050800,2025-12-16T03:46:51Z
WMT,2007-04-20,11.28,11.3,11,11.02,103314548,49.76,49.84,48.51,48.59,23422000,2025-12-16T03:46:51Z
WMT,2007-04-23,11.09,11.32,11.07,11.27,62003345,48.93,49.95,48.84,49.73,14056500,2025-12-16T03:46:51Z
WMT,2007-04-24,11.04,11.1,10.91,11.01,84409882,48.69,48.98,48.13,48.56,19136200,2025-12-16T03:46:51Z
WMT,2007-04-25,11.07,11.13,11.03,11.06,63979015,48.81,49.1,48.63,48.77,14504400,2025-12-16T03:46:51Z
WMT,2007-04-26,11.04,11.12,11.01,11.06,40717784,48.7,49.06,48.57,48.78,9231000,2025-12-16T03:46:51Z
WMT,2007-04-27,10.96,11.04,10.95,11,41031353,48.34,48.69,48.32,48.52,9302100,2025-12-16T03:46:51Z
WMT,2007-04-30,10.86,11.03,10.85,10.94,61703866,47.92,48.66,47.87,48.25,13988600,2025-12-16T03:46:51Z
WMT,2007-05-01,10.96,11.01,10.77,10.86,65218835,48.33,48.56,47.51,47.92,14785500,2025-12-16T03:46:51Z
WMT,2007-05-02,10.95,11.05,10.92,10.95,54159731,48.28,48.74,48.17,48.3,12278400,2025-12-16T03:46:51Z
WMT,2007-05-03,10.96,11.05,10.93,11,48449106,48.36,48.75,48.2,48.52,10983700,2025-12-16T03:46:51Z
WMT,2007-05-04,10.94,10.99,10.89,10.97,42370730,48.27,48.5,48.05,48.4,9605700,2025-12-16T03:46:51Z
WMT,2007-05-07,11.02,11.08,10.95,11.02,39305378,48.61,48.88,48.28,48.59,8910800,2025-12-16T03:46:51Z
WMT,2007-05-08,10.9,11.03,10.9,10.97,44871039,48.1,48.64,48.08,48.37,10172500,2025-12-16T03:46:51Z
WMT,2007-05-09,10.87,10.95,10.85,10.9,67160807,47.93,48.28,47.84,48.07,15225700,2025-12-16T03:46:51Z
WMT,2007-05-10,10.83,10.96,10.76,10.77,78740999,47.75,48.33,47.45,47.5,17851000,2025-12-16T03:46:51Z
WMT,2007-05-11,10.83,10.86,10.75,10.85,70088361,47.78,47.91,47.41,47.84,15889400,2025-12-16T03:46:51Z
WMT,2007-05-14,10.85,10.88,10.77,10.8,57219242,47.84,48,47.49,47.64,12971900,2025-12-16T03:46:51Z
WMT,2007-05-15,10.8,10.9,10.75,10.87,85483978,47.62,48.1,47.41,47.96,19379700,2025-12-16T03:46:51Z
WMT,2007-05-16,10.75,10.87,10.7,10.82,83550098,47.18,47.74,46.98,47.49,19029300,2025-12-16T03:46:51Z
WMT,2007-05-17,10.73,10.81,10.71,10.81,55470493,47.11,47.47,47.02,47.47,12633900,2025-12-16T03:46:51Z
WMT,2007-05-18,10.77,10.79,10.75,10.78,60340041,47.27,47.37,47.18,47.32,13743000,2025-12-16T03:46:51Z
WMT,2007-05-21,10.62,10.8,10.62,10.73,92300401,46.62,47.4,46.62,47.13,21022200,2025-12-16T03:46:51Z
WMT,2007-05-22,10.6,10.66,10.58,10.61,49160646,46.54,46.8,46.47,46.57,11196800,2025-12-16T03:46:51Z
WMT,2007-05-23,10.55,10.74,10.55,10.68,62742944,46.33,47.14,46.32,46.88,14290200,2025-12-16T03:46:51Z
WMT,2007-05-24,10.62,10.69,10.56,10.57,64679684,46.65,46.95,46.35,46.41,14731300,2025-12-16T03:46:51Z
WMT,2007-05-25,10.68,10.71,10.62,10.66,38619319,46.91,47,46.64,46.8,8795900,2025-12-16T03:46:51Z
WMT,2007-05-29,10.69,10.83,10.65,10.74,65634912,46.94,47.54,46.76,47.17,14948900,2025-12-16T03:46:51Z
WMT,2007-05-30,10.73,10.74,10.58,10.62,70418031,47.12,47.15,46.47,46.65,16038300,2025-12-16T03:46:51Z
WMT,2007-05-31,10.84,10.89,10.73,10.73,77120038,47.6,47.8,47.1,47.1,17564700,2025-12-16T03:46:51Z
WMT,2007-06-01,11.27,11.37,10.87,10.95,215603603,49.47,49.94,47.73,48.06,49105500,2025-12-16T03:46:51Z
WMT,2007-06-04,11.66,11.72,11.42,11.42,240101050,51.21,51.44,50.15,50.15,54685000,2025-12-16T03:46:51Z
WMT,2007-06-05,11.51,11.66,11.47,11.6,143706096,50.52,51.2,50.36,50.91,32730400,2025-12-16T03:46:51Z
WMT,2007-06-06,11.56,11.62,11.42,11.42,110963714,50.75,51.04,50.15,50.16,25273000,2025-12-16T03:46:51Z
WMT,2007-06-07,11.33,11.56,11.3,11.48,108890198,49.76,50.75,49.61,50.39,24800700,2025-12-16T03:46:51Z
WMT,2007-06-08,11.41,11.42,11.3,11.36,64702432,50.08,50.15,49.6,49.89,14736500,2025-12-16T03:46:51Z
WMT,2007-06-11,11.34,11.41,11.29,11.37,55496202,49.81,50.12,49.55,49.9,12639700,2025-12-16T03:46:51Z
WMT,2007-06-12,11.14,11.35,11.14,11.3,83710503,48.91,49.81,48.9,49.61,19065700,2025-12-16T03:46:51Z
WMT,2007-06-13,11.27,11.28,11.15,11.2,62095848,49.5,49.54,48.97,49.18,14142800,2025-12-16T03:46:51Z
WMT,2007-06-14,11.22,11.31,11.16,11.23,58692670,49.28,49.65,48.98,49.3,13367800,2025-12-16T03:46:51Z
WMT,2007-06-15,11.24,11.31,11.21,11.24,100052700,49.34,49.68,49.21,49.34,22787800,2025-12-16T03:46:51Z
WMT,2007-06-18,11.19,11.26,11.18,11.23,48436921,49.11,49.45,49.07,49.32,11031900,2025-12-16T03:46:51Z
WMT,2007-06-19,11.12,11.15,10.88,11.14,65190936,48.81,48.97,47.77,48.93,14847800,2025-12-16T03:46:51Z
WMT,2007-06-20,11.07,11.22,11.06,11.13,90203507,48.59,49.25,48.56,48.85,20544600,2025-12-16T03:46:51Z
WMT,2007-06-21,11.02,11.11,10.95,11.09,72529671,48.39,48.79,48.08,48.71,16519200,2025-12-16T03:46:51Z
WMT,2007-06-22,10.89,11.03,10.89,10.99,90018323,47.83,48.43,47.83,48.25,20502500,2025-12-16T03:46:51Z
WMT,2007-06-25,10.89,10.96,10.86,10.93,78250941,47.82,48.12,47.69,48,17822300,2025-12-16T03:46:51Z
WMT,2007-06-26,10.93,11.04,10.88,10.91,70578545,47.97,48.49,47.75,47.91,16074900,2025-12-16T03:46:51Z
WMT,2007-06-27,11.04,11.04,10.88,10.89,78599865,48.46,48.49,47.76,47.83,17901700,2025-12-16T03:46:51Z
WMT,2007-06-28,10.98,11.05,10.97,11.01,59506653,48.21,48.5,48.17,48.33,13553100,2025-12-16T03:46:51Z
WMT,2007-06-29,10.96,11.08,10.9,11.07,62052037,48.11,48.65,47.87,48.62,14132900,2025-12-16T03:46:51Z
WMT,2007-07-02,11.01,11.04,10.96,10.98,46299345,48.33,48.49,48.14,48.2,10545100,2025-12-16T03:46:51Z
WMT,2007-07-03,11.04,11.04,10.96,11.01,27274886,48.47,48.47,48.13,48.34,6212100,2025-12-16T03:46:51Z
WMT,2007-07-05,10.95,11.04,10.95,11.01,49168336,48.09,48.46,48.08,48.36,11198500,2025-12-16T03:46:51Z
WMT,2007-07-06,11.02,11.04,10.93,10.95,57546214,48.39,48.49,47.99,48.09,13106600,2025-12-16T03:46:51Z
WMT,2007-07-09,11.05,11.12,10.99,11.03,46984898,48.5,48.83,48.26,48.41,10701200,2025-12-16T03:46:51Z
WMT,2007-07-10,10.84,11.02,10.82,11.02,73464109,47.58,48.39,47.49,48.39,16732000,2025-12-16T03:46:51Z
WMT,2007-07-11,10.86,10.91,10.76,10.86,60089102,47.68,47.89,47.23,47.7,13685800,2025-12-16T03:46:51Z
WMT,2007-07-12,11.12,11.21,10.86,11.14,109652684,48.83,49.24,47.68,48.9,24974400,2025-12-16T03:46:51Z
WMT,2007-07-13,11.19,11.22,11.09,11.11,57521058,49.15,49.26,48.67,48.76,13100900,2025-12-16T03:46:51Z
WMT,2007-07-16,11.15,11.19,11.09,11.19,51586998,48.94,49.14,48.7,49.14,11749400,2025-12-16T03:46:51Z
WMT,2007-07-17,11.01,11.13,11,11.11,61904860,48.35,48.88,48.3,48.76,14099300,2025-12-16T03:46:51Z
WMT,2007-07-18,10.94,11.1,10.92,11.03,86158777,48.04,48.74,47.96,48.43,19623400,2025-12-16T03:46:51Z
WMT,2007-07-19,11.11,11.16,10.96,11.01,67684059,48.79,48.98,48.1,48.36,15415600,2025-12-16T03:46:51Z
WMT,2007-07-20,10.95,11.13,10.91,11.05,83312608,48.06,48.87,47.92,48.5,18975200,2025-12-16T03:46:51Z
WMT,2007-07-23,10.96,11.02,10.92,11,55740537,48.11,48.4,47.95,48.3,12695400,2025-12-16T03:46:51Z
WMT,2007-07-24,10.94,11.08,10.87,10.87,96066098,48.02,48.66,47.72,47.72,21879900,2025-12-16T03:46:51Z
WMT,2007-07-25,10.9,11.04,10.83,11.02,68002432,47.87,48.45,47.55,48.4,15488100,2025-12-16T03:46:51Z
WMT,2007-07-26,10.66,10.88,10.6,10.82,117038610,46.82,47.77,46.53,47.51,26656600,2025-12-16T03:46:51Z
WMT,2007-07-27,10.46,10.68,10.41,10.64,102761511,45.94,46.88,45.73,46.72,23404800,2025-12-16T03:46:51Z
WMT,2007-07-30,10.52,10.58,10.43,10.52,78811528,46.21,46.46,45.8,46.2,17950000,2025-12-16T03:46:51Z
WMT,2007-07-31,10.47,10.66,10.45,10.55,119366633,45.95,46.81,45.9,46.34,27186700,2025-12-16T03:46:51Z
WMT,2007-08-01,10.53,10.53,10.36,10.49,96755739,46.22,46.25,45.48,46.05,22036900,2025-12-16T03:46:51Z
WMT,2007-08-02,10.64,10.73,10.49,10.52,73216434,46.73,47.11,46.08,46.2,16675700,2025-12-16T03:46:51Z
WMT,2007-08-03,10.37,10.71,10.36,10.64,89791975,45.52,47,45.5,46.7,20450800,2025-12-16T03:46:51Z
WMT,2007-08-06,10.71,10.72,10.41,10.45,90671324,47.02,47.05,45.7,45.89,20651200,2025-12-16T03:46:51Z
WMT,2007-08-07,10.72,10.81,10.6,10.66,84517893,47.06,47.48,46.55,46.8,19249600,2025-12-16T03:46:51Z
WMT,2007-08-08,11.03,11.03,10.64,10.72,107276885,48.42,48.42,46.7,47.07,24433300,2025-12-16T03:46:51Z
WMT,2007-08-09,10.58,10.93,10.57,10.82,103511436,46.45,48,46.39,47.5,23575700,2025-12-16T03:46:51Z
WMT,2007-08-10,10.49,10.77,10.41,10.53,95140741,46.07,47.27,45.7,46.21,21669200,2025-12-16T03:46:51Z
WMT,2007-08-13,10.52,10.64,10.49,10.63,68345262,46.17,46.73,46.08,46.69,15566200,2025-12-16T03:46:51Z
WMT,2007-08-14,9.98,10.06,9.91,10.04,278049332,43.82,44.19,43.52,44.06,63328100,2025-12-16T03:46:51Z
WMT,2007-08-15,9.91,10.07,9.86,10.07,124222730,43.28,43.98,43.09,43.98,28435400,2025-12-16T03:46:51Z
WMT,2007-08-16,9.96,10.06,9.82,9.85,158439594,43.5,43.95,42.92,43.05,36268100,2025-12-16T03:46:51Z
WMT,2007-08-17,9.96,10.23,9.89,10.18,132983539,43.49,44.7,43.19,44.46,30440900,2025-12-16T03:46:51Z
WMT,2007-08-20,9.98,10.03,9.83,10,100295745,43.59,43.82,42.96,43.7,22958500,2025-12-16T03:46:51Z
WMT,2007-08-21,10,10.02,9.89,9.98,85617380,43.7,43.75,43.19,43.58,19598500,2025-12-16T03:46:51Z
WMT,2007-08-22,10.01,10.05,9.94,10.02,82623599,43.75,43.89,43.43,43.79,18913200,2025-12-16T03:46:51Z
WMT,2007-08-23,9.88,10.03,9.85,10.02,103825295,43.17,43.83,43.03,43.75,23766300,2025-12-16T03:46:51Z
WMT,2007-08-24,10.01,10.05,9.87,10.01,78466742,43.74,43.92,43.13,43.74,17961600,2025-12-16T03:46:51Z
WMT,2007-08-27,10.03,10.08,9.97,10.02,86446277,43.82,44.03,43.56,43.77,19788300,2025-12-16T03:46:51Z
WMT,2007-08-28,9.93,10.12,9.94,9.99,122014449,43.4,44.2,43.4,43.65,27930000,2025-12-16T03:46:51Z
WMT,2007-08-29,10.12,10.14,9.95,9.97,98697279,44.19,44.32,43.45,43.57,22592500,2025-12-16T03:46:51Z
WMT,2007-08-30,9.92,9.99,9.88,9.89,104636294,43.32,43.65,43.16,43.21,23952100,2025-12-16T03:46:51Z
WMT,2007-08-31,9.99,10.06,9.92,9.97,90987948,43.63,43.94,43.35,43.55,20827800,2025-12-16T03:46:51Z
WMT,2007-09-04,9.91,9.99,9.9,9.96,84690296,43.3,43.64,43.27,43.51,19386300,2025-12-16T03:46:51Z
WMT,2007-09-05,9.72,9.89,9.69,9.89,134486950,42.45,43.22,42.35,43.22,30785000,2025-12-16T03:46:51Z
WMT,2007-09-06,9.79,9.98,9.76,9.96,128560586,42.76,43.6,42.65,43.5,29428600,2025-12-16T03:46:51Z
WMT,2007-09-07,9.7,9.82,9.69,9.71,110885712,42.39,42.88,42.31,42.44,25382600,2025-12-16T03:46:51Z
WMT,2007-09-10,9.68,9.77,9.63,9.75,79630140,42.27,42.68,42.09,42.59,18227900,2025-12-16T03:46:51Z
WMT,2007-09-11,9.83,9.85,9.69,9.7,82554453,42.94,43.02,42.31,42.39,18897400,2025-12-16T03:46:51Z
WMT,2007-09-12,9.78,9.89,9.75,9.8,68376701,42.71,43.2,42.58,42.8,15652000,2025-12-16T03:46:51Z
WMT,2007-09-13,9.86,9.95,9.79,9.81,74884220,43.06,43.47,42.77,42.86,17141500,2025-12-16T03:46:51Z
WMT,2007-09-14,9.92,9.97,9.76,9.8,64840863,43.32,43.54,42.65,42.81,14842600,2025-12-16T03:46:51Z
WMT,2007-09-17,9.92,9.97,9.84,9.9,61269995,43.32,43.54,42.99,43.23,14025200,2025-12-16T03:46:51Z
WMT,2007-09-18,10.17,10.22,9.92,9.96,121958751,44.44,44.65,43.35,43.49,27917200,2025-12-16T03:46:51Z
WMT,2007-09-19,10.24,10.31,10.17,10.2,96952147,44.75,45.05,44.41,44.57,22193000,2025-12-16T03:46:51Z
WMT,2007-09-20,10.15,10.26,10.06,10.23,73254610,44.32,44.83,43.96,44.68,16768600,2025-12-16T03:46:51Z
WMT,2007-09-21,10.12,10.25,10.11,10.2,91927558,44.23,44.79,44.15,44.57,21043000,2025-12-16T03:46:51Z
WMT,2007-09-24,10.07,10.18,10.04,10.14,73191474,43.97,44.47,43.86,44.32,16754100,2025-12-16T03:46:51Z
WMT,2007-09-25,9.88,9.91,9.77,9.91,92537983,43.16,43.3,42.68,43.29,21182700,2025-12-16T03:46:51Z
WMT,2007-09-26,9.91,9.98,9.83,9.91,83642716,43.3,43.6,42.95,43.3,19146500,2025-12-16T03:46:51Z
WMT,2007-09-27,9.98,10.08,9.95,9.97,62056372,43.61,44.02,43.48,43.56,14205200,2025-12-16T03:46:51Z
WMT,2007-09-28,9.99,10.07,9.96,9.98,57034459,43.65,44,43.51,43.61,13055600,2025-12-16T03:46:51Z
WMT,2007-10-01,10.18,10.22,9.99,10.03,66340298,44.47,44.67,43.66,43.83,15185800,2025-12-16T03:46:51Z
WMT,2007-10-02,10.27,10.33,10.15,10.18,80176071,44.87,45.11,44.36,44.45,18352900,2025-12-16T03:46:51Z
WMT,2007-10-03,10.33,10.44,10.18,10.23,74500639,45.13,45.6,44.49,44.69,17053800,2025-12-16T03:46:51Z
WMT,2007-10-04,10.3,10.38,10.25,10.31,41735786,45,45.34,44.77,45.06,9553600,2025-12-16T03:46:51Z
WMT,2007-10-05,10.39,10.5,10.29,10.4,57327139,45.37,45.88,44.97,45.45,13122600,2025-12-16T03:46:51Z
WMT,2007-10-08,10.36,10.39,10.32,10.35,35255432,45.27,45.4,45.08,45.2,8070200,2025-12-16T03:46:51Z
WMT,2007-10-09,10.35,10.41,10.22,10.31,53505062,45.21,45.49,44.63,45.03,12247700,2025-12-16T03:46:51Z
WMT,2007-10-10,10.44,10.47,10.32,10.32,69154240,45.59,45.74,45.1,45.1,15829900,2025-12-16T03:46:51Z
WMT,2007-10-11,10.74,10.92,10.69,10.84,179533869,46.9,47.7,46.72,47.35,41096500,2025-12-16T03:46:51Z
WMT,2007-10-12,10.77,10.82,10.71,10.75,61145279,47.06,47.28,46.8,46.98,13996600,2025-12-16T03:46:51Z
WMT,2007-10-15,10.63,10.78,10.59,10.76,71843197,46.45,47.07,46.26,47.01,16445400,2025-12-16T03:46:51Z
WMT,2007-10-16,10.5,10.6,10.43,10.59,78714923,45.86,46.3,45.58,46.25,18018400,2025-12-16T03:46:51Z
WMT,2007-10-17,10.53,10.61,10.37,10.56,104473628,45.99,46.36,45.28,46.14,23914900,2025-12-16T03:46:51Z
WMT,2007-10-18,10.5,10.54,10.38,10.48,83096795,45.89,46.04,45.34,45.78,19021500,2025-12-16T03:46:51Z
WMT,2007-10-19,10.3,10.53,10.29,10.49,100350493,44.98,46.02,44.96,45.84,22970900,2025-12-16T03:46:51Z
WMT,2007-10-22,10.36,10.41,10.22,10.26,92695011,45.25,45.46,44.64,44.8,21218500,2025-12-16T03:46:51Z
WMT,2007-10-23,10.06,10.43,9.96,10.42,165444719,43.93,45.58,43.5,45.51,37871600,2025-12-16T03:46:51Z
WMT,2007-10-24,10.04,10.11,9.9,10.1,97347127,43.87,44.18,43.27,44.1,22283600,2025-12-16T03:46:51Z
WMT,2007-10-25,10.04,10.13,9.91,10.06,92979333,43.88,44.25,43.28,43.96,21283700,2025-12-16T03:46:51Z
WMT,2007-10-26,10.22,10.26,10.1,10.2,74411943,44.64,44.81,44.11,44.55,17033400,2025-12-16T03:46:51Z
WMT,2007-10-29,10.3,10.33,10.21,10.24,59868746,45.01,45.14,44.62,44.72,13704400,2025-12-16T03:46:51Z
WMT,2007-10-30,10.39,10.49,10.23,10.24,71774914,45.37,45.85,44.69,44.74,16429800,2025-12-16T03:46:51Z
WMT,2007-10-31,10.35,10.49,10.19,10.46,96654392,45.21,45.81,44.53,45.71,22124900,2025-12-16T03:46:51Z
WMT,2007-11-01,10.08,10.29,10.06,10.23,86791994,44.03,44.94,43.94,44.7,19867300,2025-12-16T03:46:51Z
WMT,2007-11-02,10.12,10.16,9.99,10.11,78789202,44.19,44.38,43.66,44.16,18035400,2025-12-16T03:46:51Z
WMT,2007-11-05,10.08,10.16,10.02,10.13,54952871,44.03,44.38,43.78,44.25,12579100,2025-12-16T03:46:51Z
WMT,2007-11-06,10.14,10.16,10.03,10.07,54879323,44.29,44.4,43.81,44.01,12562300,2025-12-16T03:46:51Z
WMT,2007-11-07,10.06,10.21,10.03,10.07,76928328,43.93,44.59,43.82,44,17609500,2025-12-16T03:46:51Z
WMT,2007-11-08,9.98,10.16,9.8,10.12,90585000,43.62,44.38,42.82,44.19,20735700,2025-12-16T03:46:51Z
WMT,2007-11-09,9.82,9.94,9.73,9.88,89255995,42.9,43.41,42.5,43.15,20431300,2025-12-16T03:46:51Z
WMT,2007-11-12,9.92,10.2,9.77,9.84,111286994,43.32,44.57,42.66,42.98,25474500,2025-12-16T03:46:51Z
WMT,2007-11-13,10.52,10.61,10.3,10.3,177963711,45.97,46.35,45,45,40737400,2025-12-16T03:46:51Z
WMT,2007-11-14,10.65,10.78,10.56,10.59,127197246,46.51,47.08,46.12,46.24,29116500,2025-12-16T03:46:51Z
WMT,2007-11-15,10.58,10.77,10.5,10.6,95367151,46.2,47.06,45.87,46.29,21830200,2025-12-16T03:46:51Z
WMT,2007-11-16,10.61,10.67,10.44,10.63,82675725,46.34,46.6,45.62,46.42,18925100,2025-12-16T03:46:51Z
WMT,2007-11-19,10.41,10.61,10.36,10.53,65483324,45.47,46.35,45.25,46,14989700,2025-12-16T03:46:51Z
WMT,2007-11-20,10.42,10.58,10.23,10.4,111699852,45.5,46.21,44.7,45.45,25568900,2025-12-16T03:46:51Z
WMT,2007-11-21,10.27,10.39,10.23,10.31,76359428,44.86,45.41,44.68,45.03,17479300,2025-12-16T03:46:51Z
WMT,2007-11-23,10.47,10.59,10.27,10.35,59345464,45.73,46.25,44.87,45.23,13584600,2025-12-16T03:46:51Z
WMT,2007-11-26,10.31,10.62,10.3,10.53,96071600,45.03,46.38,45,46,21991500,2025-12-16T03:46:51Z
WMT,2007-11-27,10.49,10.57,10.34,10.36,91801734,45.83,46.18,45.15,45.27,21014200,2025-12-16T03:46:51Z
WMT,2007-11-28,10.81,10.88,10.53,10.55,124887306,47.23,47.52,46,46.08,28587700,2025-12-16T03:46:51Z
WMT,2007-11-29,10.88,10.95,10.7,10.71,64501074,47.54,47.85,46.76,46.8,14764800,2025-12-16T03:46:51Z
WMT,2007-11-30,10.96,11.04,10.9,10.92,71632378,47.9,48.23,47.6,47.7,16397200,2025-12-16T03:46:51Z
WMT,2007-12-03,10.96,11.06,10.89,10.92,53628774,47.87,48.31,47.57,47.71,12276000,2025-12-16T03:46:51Z
WMT,2007-12-04,11.03,11.12,10.87,10.87,71908707,48.19,48.56,47.49,47.49,16460400,2025-12-16T03:46:51Z
WMT,2007-12-05,11.19,11.24,11.1,11.11,76227572,48.9,49.12,48.51,48.54,17449100,2025-12-16T03:46:51Z
WMT,2007-12-06,11.28,11.31,10.99,11.1,88634961,49.27,49.41,48,48.49,20289300,2025-12-16T03:46:51Z
WMT,2007-12-07,11.22,11.31,11.17,11.28,62850412,49.02,49.39,48.8,49.26,14387000,2025-12-16T03:46:51Z
WMT,2007-12-10,11.31,11.37,11.2,11.23,54860683,49.43,49.68,48.92,49.06,12558000,2025-12-16T03:46:51Z
WMT,2007-12-11,11.22,11.46,11.13,11.31,113841740,49.03,50.05,48.62,49.41,26059200,2025-12-16T03:46:51Z
WMT,2007-12-12,11.09,11.41,10.95,11.41,104140048,48.23,49.64,47.61,49.62,23945900,2025-12-16T03:46:51Z
WMT,2007-12-13,11.11,11.15,10.98,10.99,72413676,48.33,48.48,47.75,47.81,16650800,2025-12-16T03:46:51Z
WMT,2007-12-14,10.95,11.08,10.95,11.08,59094464,47.63,48.2,47.6,48.17,13588100,2025-12-16T03:46:51Z
WMT,2007-12-17,11,11.07,10.87,10.95,71790081,47.83,48.16,47.26,47.6,16507400,2025-12-16T03:46:51Z
WMT,2007-12-18,11.09,11.16,10.78,11.06,73340034,48.24,48.55,46.87,48.08,16863800,2025-12-16T03:46:51Z
WMT,2007-12-19,11.06,11.15,11,11.07,57078563,48.08,48.49,47.85,48.15,13124600,2025-12-16T03:46:51Z
WMT,2007-12-20,11,11.12,10.88,11.06,61575358,47.85,48.34,47.32,48.08,14158600,2025-12-16T03:46:51Z
WMT,2007-12-21,11.09,11.15,10.99,11,101249095,48.21,48.5,47.8,47.82,23281200,2025-12-16T03:46:51Z
WMT,2007-12-24,11.21,11.29,11.06,11.06,27506736,48.74,49.08,48.12,48.12,6324900,2025-12-16T03:46:51Z
WMT,2007-12-26,11.12,11.15,11.02,11.08,40648499,48.38,48.5,47.92,48.2,9346700,2025-12-16T03:46:51Z
WMT,2007-12-27,10.98,11.11,10.95,11.09,46798345,47.77,48.3,47.62,48.21,10760800,2025-12-16T03:46:51Z
WMT,2007-12-28,11.06,11.14,10.98,11.04,37446416,48.08,48.47,47.77,48,8610400,2025-12-16T03:46:51Z
WMT,2007-12-31,10.93,11.06,10.88,11,52954369,47.53,48.08,47.33,47.84,12176300,2025-12-16T03:46:51Z
WMT,2008-01-02,10.78,10.95,10.68,10.9,86625277,46.9,47.63,46.46,47.41,19918500,2025-12-16T03:46:51Z
WMT,2008-01-03,10.66,10.78,10.63,10.74,86113477,46.38,46.9,46.23,46.72,19800900,2025-12-16T03:46:51Z
WMT,2008-01-04,10.51,10.66,10.43,10.56,88517907,45.72,46.37,45.37,45.91,20353700,2025-12-16T03:46:51Z
WMT,2008-01-07,10.71,10.76,10.48,10.53,88398768,46.56,46.81,45.59,45.8,20326400,2025-12-16T03:46:51Z
WMT,2008-01-08,10.57,10.82,10.55,10.71,82704331,45.97,47.08,45.88,46.59,19017000,2025-12-16T03:46:51Z
WMT,2008-01-09,10.78,10.81,10.4,10.57,118283726,46.9,47,45.24,45.97,27198000,2025-12-16T03:46:51Z
WMT,2008-01-10,11.13,11.21,10.83,10.83,155235871,48.4,48.77,47.1,47.1,35694700,2025-12-16T03:46:51Z
WMT,2008-01-11,10.97,11.18,10.92,11.05,122575685,47.72,48.61,47.5,48.05,28184900,2025-12-16T03:46:51Z
WMT,2008-01-14,10.96,11.03,9.91,11.03,89425837,47.67,47.98,43.11,47.98,20562500,2025-12-16T03:46:51Z
WMT,2008-01-15,10.8,10.91,10.75,10.8,106473981,46.99,47.43,46.77,46.99,24482500,2025-12-16T03:46:51Z
WMT,2008-01-16,10.92,11.05,10.73,10.73,110135328,47.49,48.05,46.68,46.68,25324400,2025-12-16T03:46:51Z
WMT,2008-01-17,10.92,11.02,10.83,10.93,121386411,47.48,47.93,47.1,47.55,27911400,2025-12-16T03:46:51Z
WMT,2008-01-18,10.94,11.15,10.9,11.01,146601009,47.58,48.51,47.42,47.89,33709300,2025-12-16T03:46:51Z
WMT,2008-01-22,11.31,11.39,10.6,10.69,192557126,49.2,49.53,46.09,46.47,44276400,2025-12-16T03:46:51Z
WMT,2008-01-23,11.53,11.58,11.11,11.15,218386766,50.16,50.36,48.31,48.5,50215900,2025-12-16T03:46:51Z
WMT,2008-01-24,11.25,11.55,11.15,11.54,155330245,48.91,50.24,48.48,50.21,35716500,2025-12-16T03:46:51Z
WMT,2008-01-25,11.06,11.33,11.04,11.29,108618041,48.09,49.26,47.99,49.09,24975600,2025-12-16T03:46:51Z
WMT,2008-01-28,11.2,11.22,11.01,11.05,101943121,48.71,48.78,47.9,48.06,23440800,2025-12-16T03:46:51Z
WMT,2008-01-29,11.27,11.31,11.07,11.29,94561919,49.01,49.19,48.13,49.1,21743600,2025-12-16T03:46:51Z
WMT,2008-01-30,11.3,11.5,11.15,11.22,106491954,49.16,50,48.5,48.8,24486600,2025-12-16T03:46:51Z
WMT,2008-01-31,11.67,11.8,11.21,11.21,201011246,50.74,51.3,48.73,48.73,46220400,2025-12-16T03:46:51Z
WMT,2008-02-01,11.77,11.84,11.57,11.7,111974705,51.18,51.48,50.31,50.9,25747400,2025-12-16T03:46:51Z
WMT,2008-02-04,11.51,11.78,11.46,11.73,88376508,50.07,51.25,49.83,51,20321300,2025-12-16T03:46:51Z
WMT,2008-02-05,11.4,11.65,11.37,11.4,123526428,49.56,50.66,49.46,49.57,28403600,2025-12-16T03:46:51Z
WMT,2008-02-06,11.23,11.5,11.15,11.4,123909635,48.83,50.03,48.51,49.6,28491800,2025-12-16T03:46:51Z
WMT,2008-02-07,11.46,11.5,11,11,157806632,49.84,50,47.84,47.85,36286100,2025-12-16T03:46:51Z
WMT,2008-02-08,11.21,11.52,11.18,11.42,98035595,48.76,50.1,48.64,49.67,22542200,2025-12-16T03:46:51Z
WMT,2008-02-11,11.4,11.42,11.12,11.23,93732292,49.6,49.68,48.34,48.84,21552800,2025-12-16T03:46:51Z
WMT,2008-02-12,11.55,11.66,11.38,11.38,101623329,50.25,50.72,49.48,49.48,23367300,2025-12-16T03:46:51Z
WMT,2008-02-13,11.65,11.73,11.55,11.64,69925099,50.66,51.01,50.22,50.62,16078600,2025-12-16T03:46:51Z
WMT,2008-02-14,11.49,11.7,11.44,11.63,78332778,49.97,50.9,49.76,50.58,18011800,2025-12-16T03:46:51Z
WMT,2008-02-15,11.37,11.5,11.29,11.42,112356156,49.44,50,49.11,49.68,25835100,2025-12-16T03:46:51Z
WMT,2008-02-19,11.42,11.57,11.34,11.52,95795399,49.66,50.32,49.3,50.1,22027200,2025-12-16T03:46:51Z
WMT,2008-02-20,11.43,11.49,11.27,11.34,94272757,49.7,49.97,49.01,49.3,21677000,2025-12-16T03:46:51Z
WMT,2008-02-21,11.45,11.55,11.4,11.46,97415282,49.79,50.23,49.6,49.85,22399600,2025-12-16T03:46:51Z
WMT,2008-02-22,11.49,11.54,11.38,11.47,84886684,49.97,50.2,49.47,49.9,19518800,2025-12-16T03:46:51Z
WMT,2008-02-25,11.57,11.59,11.43,11.54,111056384,50.33,50.4,49.7,50.19,25536300,2025-12-16T03:46:51Z
WMT,2008-02-26,11.82,11.84,11.54,11.54,134941645,51.4,51.48,50.19,50.19,31028500,2025-12-16T03:46:51Z
WMT,2008-02-27,11.83,11.86,11.71,11.72,126951283,51.43,51.57,50.92,50.99,29191200,2025-12-16T03:46:51Z
WMT,2008-02-28,11.66,11.82,11.64,11.76,80010398,50.7,51.4,50.63,51.13,18397500,2025-12-16T03:46:51Z
WMT,2008-02-29,11.4,11.65,11.39,11.58,87933561,49.59,50.67,49.53,50.38,20219400,2025-12-16T03:46:51Z
WMT,2008-03-03,11.47,11.5,11.32,11.37,85819390,49.89,50.02,49.22,49.43,19733300,2025-12-16T03:46:51Z
WMT,2008-03-04,11.47,11.5,11.41,11.44,108667769,49.87,50.02,49.62,49.73,24987100,2025-12-16T03:46:51Z
WMT,2008-03-05,11.39,11.54,11.33,11.49,100031758,49.55,50.19,49.26,49.96,23001200,2025-12-16T03:46:51Z
WMT,2008-03-06,11.49,11.59,11.46,11.55,119667746,49.98,50.4,49.85,50.24,27516400,2025-12-16T03:46:51Z
WMT,2008-03-07,11.47,11.67,11.42,11.42,105880509,49.9,50.74,49.68,49.68,24346200,2025-12-16T03:46:51Z
WMT,2008-03-10,11.23,11.5,11.18,11.5,105790640,48.85,50,48.64,50,24325400,2025-12-16T03:46:51Z
WMT,2008-03-11,11.55,11.59,11.39,11.46,124711064,50.25,50.39,49.54,49.85,28676100,2025-12-16T03:46:51Z
WMT,2008-03-12,11.62,11.72,11.54,11.56,113723945,50.29,50.72,49.94,50.02,26273700,2025-12-16T03:46:51Z
WMT,2008-03-13,11.69,11.71,11.43,11.54,129381677,50.6,50.67,49.46,49.93,29891200,2025-12-16T03:46:51Z
WMT,2008-03-14,11.51,11.72,11.36,11.72,118950575,49.82,50.71,49.17,50.71,27481300,2025-12-16T03:46:51Z
WMT,2008-03-17,11.54,11.64,11.39,11.4,95770254,49.95,50.4,49.29,49.34,22125900,2025-12-16T03:46:51Z
WMT,2008-03-18,11.78,11.79,11.6,11.61,114184488,50.98,51.01,50.22,50.26,26380300,2025-12-16T03:46:51Z
WMT,2008-03-19,11.73,11.89,11.7,11.74,111802104,50.78,51.45,50.66,50.82,25829800,2025-12-16T03:46:51Z
WMT,2008-03-20,12.3,12.36,11.73,11.8,192756999,53.23,53.49,50.78,51.06,44533000,2025-12-16T03:46:51Z
WMT,2008-03-24,12.39,12.51,12.3,12.35,96291959,53.63,54.15,53.23,53.45,22246400,2025-12-16T03:46:51Z
WMT,2008-03-25,12.26,12.41,12.22,12.37,87986252,53.05,53.71,52.91,53.53,20327600,2025-12-16T03:46:51Z
WMT,2008-03-26,12.22,12.34,12.17,12.22,83219687,52.9,53.4,52.66,52.88,19226300,2025-12-16T03:46:51Z
WMT,2008-03-27,12.1,12.3,12.08,12.25,82160509,52.37,53.22,52.28,53.01,18981600,2025-12-16T03:46:51Z
WMT,2008-03-28,12.04,12.17,11.96,12.02,65138514,52.12,52.67,51.77,52.01,15049000,2025-12-16T03:46:51Z
WMT,2008-03-31,12.17,12.27,11.93,12.06,84812517,52.68,53.11,51.63,52.2,19594300,2025-12-16T03:46:51Z
WMT,2008-04-01,12.49,12.51,12.2,12.29,104917342,54.08,54.16,52.81,53.19,24239200,2025-12-16T03:46:51Z
WMT,2008-04-02,12.58,12.68,12.48,12.55,94014420,54.46,54.89,54,54.31,21720200,2025-12-16T03:46:51Z
WMT,2008-04-03,12.69,12.75,12.47,12.52,100379856,54.93,55.2,53.99,54.2,23190800,2025-12-16T03:46:51Z
WMT,2008-04-04,12.57,12.7,12.53,12.69,89719739,54.4,54.95,54.22,54.91,20728100,2025-12-16T03:46:51Z
WMT,2008-04-07,12.53,12.66,12.46,12.63,81624975,54.23,54.81,53.91,54.69,18858000,2025-12-16T03:46:51Z
WMT,2008-04-08,12.58,12.67,12.47,12.48,68202196,54.45,54.85,53.99,54.01,15756900,2025-12-16T03:46:51Z
WMT,2008-04-09,12.51,12.61,12.42,12.56,84539770,54.14,54.6,53.74,54.37,19531400,2025-12-16T03:46:51Z
WMT,2008-04-10,12.63,12.78,12.57,12.6,125388776,54.66,55.33,54.41,54.55,28968800,2025-12-16T03:46:51Z
WMT,2008-04-11,12.66,12.74,12.51,12.53,101549757,54.8,55.14,54.13,54.25,23461100,2025-12-16T03:46:51Z
WMT,2008-04-14,12.74,12.79,12.67,12.68,75406823,55.15,55.34,54.86,54.89,17421400,2025-12-16T03:46:51Z
WMT,2008-04-15,13,13.03,12.75,12.76,110951674,56.27,56.39,55.19,55.21,25633400,2025-12-16T03:46:51Z
WMT,2008-04-16,13.18,13.2,13.02,13.04,121771684,57.07,57.12,56.35,56.45,28133000,2025-12-16T03:46:51Z
WMT,2008-04-17,13.09,13.16,12.98,13.12,90812240,56.67,56.96,56.19,56.78,20980400,2025-12-16T03:46:51Z
WMT,2008-04-18,13.01,13.25,12.97,13.17,85428933,56.31,57.36,56.14,56.99,19736800,2025-12-16T03:46:51Z
WMT,2008-04-21,13.03,13.05,12.88,12.95,62214184,56.38,56.48,55.75,56.07,14373400,2025-12-16T03:46:51Z
WMT,2008-04-22,13.06,13.07,12.9,12.99,62923170,56.55,56.56,55.84,56.25,14537200,2025-12-16T03:46:51Z
WMT,2008-04-23,13.15,13.23,13.01,13.01,65865428,56.92,57.27,56.31,56.31,15217000,2025-12-16T03:46:51Z
WMT,2008-04-24,13.27,13.33,13.17,13.17,83717959,57.45,57.68,57.01,57.02,19341400,2025-12-16T03:46:51Z
WMT,2008-04-25,13.32,13.41,13.2,13.38,73506365,57.65,58.04,57.14,57.93,16982300,2025-12-16T03:46:51Z
WMT,2008-04-28,13.25,13.39,13.21,13.28,53973075,57.35,57.94,57.2,57.5,12469500,2025-12-16T03:46:51Z
WMT,2008-04-29,13.54,13.59,13.26,13.26,76575582,58.61,58.8,57.4,57.41,17691400,2025-12-16T03:46:51Z
WMT,2008-04-30,13.4,13.64,13.37,13.56,87735424,57.98,59.04,57.88,58.7,20269600,2025-12-16T03:46:51Z
WMT,2008-05-01,13.42,13.65,13.31,13.45,80738039,58.07,59.09,57.63,58.2,18653000,2025-12-16T03:46:51Z
WMT,2008-05-02,13.28,13.61,13.15,13.61,84355385,57.5,58.89,56.9,58.89,19488700,2025-12-16T03:46:51Z
WMT,2008-05-05,13.16,13.25,13.12,13.19,80067222,56.97,57.34,56.81,57.08,18498100,2025-12-16T03:46:51Z
WMT,2008-05-06,13.02,13.22,12.95,13.17,91739881,56.35,57.24,56.03,56.99,21194800,2025-12-16T03:46:51Z
WMT,2008-05-07,13.13,13.13,12.95,13,108353588,56.83,56.85,56.03,56.27,25033100,2025-12-16T03:46:51Z
WMT,2008-05-08,13.21,13.31,13.11,13.26,114349662,57.16,57.6,56.75,57.39,26418300,2025-12-16T03:46:51Z
WMT,2008-05-09,13.21,13.28,13.08,13.13,56224285,57.18,57.49,56.61,56.83,12989600,2025-12-16T03:46:51Z
WMT,2008-05-12,13.4,13.48,13.32,13.33,78903806,58.02,58.37,57.64,57.69,18229200,2025-12-16T03:46:51Z
WMT,2008-05-13,13.09,13.28,13.02,13.25,125560038,56.65,57.5,56.37,57.35,29008300,2025-12-16T03:46:51Z
WMT,2008-05-14,13.33,13.36,13.14,13.2,75297575,57.45,57.6,56.65,56.88,17469300,2025-12-16T03:46:51Z
WMT,2008-05-15,13.25,13.36,13.14,13.36,71863677,57.12,57.57,56.65,57.57,16672700,2025-12-16T03:46:51Z
WMT,2008-05-16,13.23,13.32,13.13,13.31,62631610,57.04,57.43,56.59,57.39,14530800,2025-12-16T03:46:51Z
WMT,2008-05-19,13.09,13.24,13.03,13.21,67052420,56.4,57.05,56.16,56.95,15556400,2025-12-16T03:46:51Z
WMT,2008-05-20,12.98,13.08,12.87,13.03,94117084,55.95,56.39,55.48,56.15,21835500,2025-12-16T03:46:51Z
WMT,2008-05-21,12.81,13.04,12.77,12.98,87793612,55.23,56.2,55.05,55.94,20368500,2025-12-16T03:46:51Z
WMT,2008-05-22,13,13.04,12.78,12.87,64936384,56.05,56.21,55.09,55.47,15065500,2025-12-16T03:46:51Z
WMT,2008-05-23,12.93,12.99,12.85,12.96,58440367,55.75,55.98,55.4,55.88,13558400,2025-12-16T03:46:51Z
WMT,2008-05-27,13.09,13.15,12.95,12.95,74482050,56.4,56.68,55.8,55.8,17280100,2025-12-16T03:46:51Z
WMT,2008-05-28,13.25,13.28,13.12,13.18,88005863,57.09,57.24,56.56,56.81,20417700,2025-12-16T03:46:51Z
WMT,2008-05-29,13.44,13.49,13.21,13.21,79937778,57.94,58.15,56.93,56.93,18545900,2025-12-16T03:46:51Z
WMT,2008-05-30,13.4,13.47,13.34,13.45,52257852,57.74,58.08,57.5,57.98,12124000,2025-12-16T03:46:51Z
WMT,2008-06-02,13.27,13.45,13.11,13.32,74484783,57.2,57.99,56.52,57.41,17280700,2025-12-16T03:46:51Z
WMT,2008-06-03,13.4,13.47,13.31,13.41,73589219,57.77,58.05,57.36,57.79,17073000,2025-12-16T03:46:51Z
WMT,2008-06-04,13.38,13.46,13.3,13.34,63406299,57.68,58.02,57.34,57.49,14710500,2025-12-16T03:46:51Z
WMT,2008-06-05,13.87,13.9,13.55,13.55,154049664,59.8,59.9,58.41,58.41,35740100,2025-12-16T03:46:51Z
WMT,2008-06-06,13.54,13.82,13.53,13.76,101390025,58.37,59.57,58.33,59.3,23522900,2025-12-16T03:46:51Z
WMT,2008-06-09,13.82,13.86,13.56,13.68,100623704,59.57,59.74,58.44,58.98,23345100,2025-12-16T03:46:51Z
WMT,2008-06-10,13.87,13.91,13.7,13.73,91563655,59.78,59.95,59.05,59.2,21243100,2025-12-16T03:46:51Z
WMT,2008-06-11,13.58,13.87,13.56,13.84,89462244,58.52,59.78,58.47,59.65,20755600,2025-12-16T03:46:51Z
WMT,2008-06-12,13.71,13.88,13.63,13.68,82969025,59.11,59.83,58.73,58.98,19249100,2025-12-16T03:46:51Z
WMT,2008-06-13,13.73,13.86,13.66,13.78,90015392,59.18,59.75,58.86,59.4,20883900,2025-12-16T03:46:51Z
WMT,2008-06-16,13.76,13.78,13.57,13.66,77972557,59.31,59.39,58.5,58.88,18090000,2025-12-16T03:46:51Z
WMT,2008-06-17,13.62,13.81,13.57,13.8,58445505,58.69,59.53,58.5,59.49,13559600,2025-12-16T03:46:51Z
WMT,2008-06-18,13.38,13.78,13.36,13.5,95847402,57.67,59.41,57.59,58.2,22236900,2025-12-16T03:46:51Z
WMT,2008-06-19,13.38,13.51,13.31,13.4,89123958,57.69,58.25,57.37,57.74,20677100,2025-12-16T03:46:51Z
WMT,2008-06-20,13.05,13.39,13.04,13.33,116603358,56.26,57.7,56.2,57.45,27052400,2025-12-16T03:46:51Z
WMT,2008-06-23,13.14,13.22,13.09,13.13,61618360,56.64,57,56.43,56.6,14295700,2025-12-16T03:46:51Z
WMT,2008-06-24,13.3,13.42,13.05,13.05,84591170,57.32,57.85,56.25,56.26,19625500,2025-12-16T03:46:51Z
WMT,2008-06-25,13.48,13.63,13.31,13.32,95093100,58.12,58.73,57.35,57.41,22061900,2025-12-16T03:46:51Z
WMT,2008-06-26,13.18,13.52,13.19,13.4,90738269,56.83,58.27,56.83,57.75,21051700,2025-12-16T03:46:51Z
WMT,2008-06-27,13.06,13.31,12.96,13.14,123518157,56.3,57.35,55.85,56.65,28656600,2025-12-16T03:46:51Z
WMT,2008-06-30,13.04,13.41,13,13.16,95887143,56.2,57.82,56.02,56.73,22246200,2025-12-16T03:46:51Z
WMT,2008-07-01,13.23,13.24,12.9,12.99,97907702,57.03,57.07,55.61,56,22715000,2025-12-16T03:46:51Z
WMT,2008-07-02,13.11,13.41,13.1,13.28,89525200,56.5,57.8,56.45,57.25,20770200,2025-12-16T03:46:51Z
WMT,2008-07-03,13.13,13.36,13,13.19,50843280,56.6,57.57,56.03,56.86,11795800,2025-12-16T03:46:51Z
WMT,2008-07-07,13.2,13.43,13.04,13.17,95821529,56.91,57.87,56.2,56.75,22230900,2025-12-16T03:46:51Z
WMT,2008-07-08,13.71,13.76,13.2,13.26,141009539,59.11,59.29,56.91,57.17,32714700,2025-12-16T03:46:51Z
WMT,2008-07-09,13.38,13.76,13.36,13.76,109897641,57.67,59.29,57.6,59.29,25496600,2025-12-16T03:46:51Z
WMT,2008-07-10,13.27,13.49,13.01,13.47,128822390,57.21,58.14,56.07,58.05,29887200,2025-12-16T03:46:51Z
WMT,2008-07-11,13.06,13.3,12.91,13.19,120220176,56.29,57.34,55.64,56.84,27891600,2025-12-16T03:46:51Z
WMT,2008-07-14,13.06,13.25,12.99,13.22,90729787,56.31,57.13,55.98,57,21049600,2025-12-16T03:46:51Z
WMT,2008-07-15,13.05,13.18,12.84,12.99,114624994,56.24,56.8,55.34,55.98,26593400,2025-12-16T03:46:51Z
WMT,2008-07-16,13.21,13.25,12.91,13.04,113845203,56.96,57.11,55.64,56.2,26412600,2025-12-16T03:46:51Z
WMT,2008-07-17,13.38,13.44,12.86,13.22,106767658,57.68,57.91,55.42,56.98,24770500,2025-12-16T03:46:51Z
WMT,2008-07-18,13.44,13.47,13.24,13.43,89009630,57.92,58.07,57.06,57.9,20650600,2025-12-16T03:46:51Z
WMT,2008-07-21,13.3,13.6,13.22,13.47,71744593,57.31,58.63,57,58.08,16645000,2025-12-16T03:46:51Z
WMT,2008-07-22,13.7,13.82,13.26,13.27,111684545,59.06,59.56,57.15,57.21,25911300,2025-12-16T03:46:51Z
WMT,2008-07-23,13.48,13.69,13.15,13.34,134614812,58.09,58.99,56.69,57.5,31231200,2025-12-16T03:46:51Z
WMT,2008-07-24,13.22,13.48,13.18,13.45,91530092,56.97,58.11,56.79,57.99,21235400,2025-12-16T03:46:51Z
WMT,2008-07-25,13.18,13.36,13.13,13.25,70939961,56.83,57.6,56.58,57.1,16458400,2025-12-16T03:46:51Z
WMT,2008-07-28,13,13.27,12.98,13.18,66523198,56.02,57.2,55.95,56.79,15433600,2025-12-16T03:46:51Z
WMT,2008-07-29,13.33,13.34,13.01,13.09,76145408,57.45,57.5,56.09,56.4,17666000,2025-12-16T03:46:51Z
WMT,2008-07-30,13.59,13.69,13.37,13.37,83693104,58.56,59,57.61,57.61,19417200,2025-12-16T03:46:51Z
WMT,2008-07-31,13.6,13.77,13.44,13.47,80232956,58.62,59.37,57.91,58.07,18614400,2025-12-16T03:46:51Z
WMT,2008-08-01,13.4,13.64,13.31,13.63,74548454,57.75,58.78,57.36,58.75,17295500,2025-12-16T03:46:51Z
WMT,2008-08-04,13.56,13.7,13.35,13.36,59615425,58.43,59.07,57.55,57.58,13831000,2025-12-16T03:46:51Z
WMT,2008-08-05,14,14.15,13.65,13.69,161961848,60.34,60.99,58.83,59.02,37575800,2025-12-16T03:46:51Z
WMT,2008-08-06,14.1,14.15,13.85,13.96,102677390,60.76,61,59.7,60.17,23821500,2025-12-16T03:46:51Z
WMT,2008-08-07,13.21,13.69,13.2,13.54,163267073,56.96,59,56.88,58.35,37878700,2025-12-16T03:46:51Z
WMT,2008-08-08,13.42,13.57,13.18,13.24,103084230,57.86,58.49,56.81,57.06,23916000,2025-12-16T03:46:51Z
WMT,2008-08-11,13.59,13.87,13.3,13.43,104950853,58.56,59.8,57.34,57.87,24349100,2025-12-16T03:46:51Z
WMT,2008-08-12,13.75,13.86,13.55,13.62,87535792,59.25,59.74,58.4,58.71,20308600,2025-12-16T03:46:51Z
WMT,2008-08-13,13.48,13.73,13.33,13.72,97193454,57.88,58.95,57.23,58.9,22640000,2025-12-16T03:46:51Z
WMT,2008-08-14,13.53,13.72,13.25,13.43,115114065,58.1,58.9,56.89,57.66,26814400,2025-12-16T03:46:51Z
WMT,2008-08-15,13.83,13.96,13.54,13.54,96871475,59.37,59.93,58.13,58.15,22565000,2025-12-16T03:46:51Z
WMT,2008-08-18,13.7,13.88,13.66,13.86,55448835,58.83,59.6,58.63,59.5,12916100,2025-12-16T03:46:51Z
WMT,2008-08-19,13.56,13.7,13.48,13.63,65844088,58.2,58.81,57.89,58.5,15337600,2025-12-16T03:46:51Z
WMT,2008-08-20,13.59,13.66,13.44,13.63,55218710,58.36,58.65,57.68,58.52,12862500,2025-12-16T03:46:51Z
WMT,2008-08-21,13.63,13.65,13.39,13.48,48862262,58.5,58.59,57.48,57.89,11381900,2025-12-16T03:46:51Z
WMT,2008-08-22,13.85,13.86,13.68,13.68,54627454,59.44,59.51,58.71,58.71,12724800,2025-12-16T03:46:51Z
WMT,2008-08-25,13.64,13.81,13.58,13.81,51367482,58.55,59.29,58.3,59.27,11965400,2025-12-16T03:46:51Z
WMT,2008-08-26,13.74,13.79,13.52,13.64,47098588,59,59.18,58.04,58.55,10971000,2025-12-16T03:46:51Z
WMT,2008-08-27,13.81,13.94,13.62,13.72,50343763,59.29,59.86,58.48,58.9,11727000,2025-12-16T03:46:51Z
WMT,2008-08-28,13.95,13.99,13.75,13.84,52007928,59.88,60.04,59.02,59.42,12114600,2025-12-16T03:46:51Z
WMT,2008-08-29,13.76,13.95,13.76,13.88,55180972,59.07,59.88,59.06,59.61,12853700,2025-12-16T03:46:51Z
WMT,2008-09-02,13.89,14.21,13.86,13.95,98884884,59.65,60.99,59.5,59.9,23034000,2025-12-16T03:46:51Z
WMT,2008-09-03,13.93,14.03,13.78,13.89,67933406,59.79,60.23,59.16,59.62,15824200,2025-12-16T03:46:51Z
WMT,2008-09-04,13.93,14.18,13.91,13.98,118542328,59.78,60.89,59.7,60,27612900,2025-12-16T03:46:51Z
WMT,2008-09-05,14.15,14.18,13.75,13.84,97990290,60.74,60.88,59.02,59.4,22825700,2025-12-16T03:46:51Z
WMT,2008-09-08,14.44,14.44,14.03,14.3,122630307,62,62.01,60.25,61.39,28565300,2025-12-16T03:46:51Z
WMT,2008-09-09,14.24,14.53,14.19,14.36,108904686,61.13,62.36,60.91,61.65,25368000,2025-12-16T03:46:51Z
WMT,2008-09-10,14.45,14.55,14.26,14.31,101180069,62.02,62.48,61.21,61.45,23568700,2025-12-16T03:46:51Z
WMT,2008-09-11,14.71,14.73,14.27,14.4,124454282,63.17,63.23,61.27,61.8,28990100,2025-12-16T03:46:51Z
WMT,2008-09-12,14.54,14.64,14.34,14.59,82174433,62.41,62.87,61.58,62.65,19141500,2025-12-16T03:46:51Z
WMT,2008-09-15,14.36,14.56,14.23,14.26,110769312,61.63,62.5,61.09,61.2,25802300,2025-12-16T03:46:51Z
WMT,2008-09-16,14.47,14.72,14.21,14.21,142656847,62.14,63.18,61,61.02,33230100,2025-12-16T03:46:51Z
WMT,2008-09-17,13.89,14.44,13.79,14.37,177031933,59.64,61.98,59.22,61.68,41237400,2025-12-16T03:46:51Z
WMT,2008-09-18,14.32,14.36,13.77,14.09,178999181,61.48,61.66,59.1,60.5,41695700,2025-12-16T03:46:51Z
WMT,2008-09-19,13.91,14.87,13.85,14.73,191239278,59.7,63.85,59.45,63.22,44546900,2025-12-16T03:46:51Z
WMT,2008-09-22,13.72,13.96,13.69,13.85,94807319,58.89,59.92,58.75,59.45,22084200,2025-12-16T03:46:51Z
WMT,2008-09-23,13.6,13.96,13.59,13.72,95211618,58.4,59.91,58.33,58.91,22178400,2025-12-16T03:46:51Z
WMT,2008-09-24,13.72,13.83,13.54,13.71,74536607,58.92,59.38,58.15,58.84,17362400,2025-12-16T03:46:51Z
WMT,2008-09-25,14,14.09,13.75,13.82,91996803,60.12,60.47,59.02,59.34,21429500,2025-12-16T03:46:51Z
WMT,2008-09-26,14.14,14.19,13.76,13.76,91010411,60.71,60.9,59.08,59.08,21199800,2025-12-16T03:46:51Z
WMT,2008-09-29,13.62,14.17,13.57,13.99,113956091,58.45,60.85,58.27,60.05,26544700,2025-12-16T03:46:51Z
WMT,2008-09-30,13.95,13.98,13.45,13.79,115592418,59.89,60.01,57.74,59.18,26925800,2025-12-16T03:46:51Z
WMT,2008-10-01,13.9,14.05,13.74,13.86,100309541,59.66,60.3,58.99,59.51,23365900,2025-12-16T03:46:51Z
WMT,2008-10-02,13.71,13.94,13.56,13.9,91014935,58.85,59.85,58.23,59.66,21200800,2025-12-16T03:46:51Z
WMT,2008-10-03,13.91,14.03,13.71,13.84,133592070,59.73,60.22,58.87,59.4,31118700,2025-12-16T03:46:51Z
WMT,2008-10-06,13.49,13.87,12.71,13.67,170555802,57.9,59.55,54.55,58.69,39728900,2025-12-16T03:46:51Z
WMT,2008-10-07,12.77,13.68,12.68,13.68,148328981,54.84,58.72,54.45,58.72,34551400,2025-12-16T03:46:51Z
WMT,2008-10-08,12.71,13.22,12.29,12.51,205193079,54.55,56.77,52.75,53.71,47797100,2025-12-16T03:46:51Z
WMT,2008-10-09,11.97,12.89,11.59,12.73,176805146,51.39,55.34,49.76,54.67,41184700,2025-12-16T03:46:51Z
WMT,2008-10-10,11.87,12.63,10.95,11.42,221465598,50.95,54.23,47,49.03,51587900,2025-12-16T03:46:51Z
WMT,2008-10-13,12.7,12.74,11.93,12.25,126879266,54.5,54.71,51.2,52.58,29554900,2025-12-16T03:46:51Z
WMT,2008-10-14,12.68,13.06,12.28,13.05,122606985,54.44,56.07,52.72,56.03,28559900,2025-12-16T03:46:51Z
WMT,2008-10-15,11.66,12.49,11.62,12.45,119971646,50.05,53.6,49.88,53.44,27945900,2025-12-16T03:46:51Z
WMT,2008-10-16,12.72,12.82,11.35,11.78,203449792,54.62,55.02,48.73,50.57,47391200,2025-12-16T03:46:51Z
WMT,2008-10-17,12.53,12.9,11.58,12.53,134040091,53.77,55.38,49.71,53.78,31222900,2025-12-16T03:46:51Z
WMT,2008-10-20,12.68,12.74,12.2,12.73,121984736,54.43,54.69,52.38,54.65,28414900,2025-12-16T03:46:51Z
WMT,2008-10-21,12.5,12.93,12.48,12.53,83475306,53.67,55.5,53.56,53.79,19444600,2025-12-16T03:46:51Z
WMT,2008-10-22,12.18,12.48,11.91,12.36,121082463,52.27,53.57,51.14,53.08,28204600,2025-12-16T03:46:51Z
WMT,2008-10-23,12.29,12.39,11.65,12.2,150026589,52.76,53.18,50,52.37,34946800,2025-12-16T03:46:51Z
WMT,2008-10-24,11.97,12.34,11.64,11.67,127978591,51.4,52.97,49.99,50.1,29811100,2025-12-16T03:46:51Z
WMT,2008-10-27,11.57,12.12,11.55,11.86,114825085,49.67,52.01,49.6,50.9,26747000,2025-12-16T03:46:51Z
WMT,2008-10-28,12.85,12.98,11.83,11.91,180265396,55.17,55.72,50.8,51.12,41990700,2025-12-16T03:46:51Z
WMT,2008-10-29,12.82,13.23,12.47,12.84,146966272,55.02,56.8,53.55,55.13,34233900,2025-12-16T03:46:51Z
WMT,2008-10-30,12.75,13.04,12.53,13.03,100142104,54.75,56,53.81,55.95,23326800,2025-12-16T03:46:51Z
WMT,2008-10-31,13,13.22,12.64,12.81,111753739,55.81,56.77,54.27,55,26031600,2025-12-16T03:46:51Z
WMT,2008-11-03,13.04,13.32,12.99,13.19,80524392,55.97,57.2,55.76,56.62,18757100,2025-12-16T03:46:51Z
WMT,2008-11-04,13.07,13.34,12.94,13.23,98977911,56.13,57.25,55.56,56.8,23055700,2025-12-16T03:46:51Z
WMT,2008-11-05,12.61,13.04,12.58,13.02,95262336,54.13,56,54,55.88,22190200,2025-12-16T03:46:51Z
WMT,2008-11-06,12.46,13.13,12.36,12.95,139301608,53.49,56.35,53.06,55.58,32448500,2025-12-16T03:46:51Z
WMT,2008-11-07,12.67,12.74,12.44,12.55,83449653,54.39,54.7,53.4,53.86,19438600,2025-12-16T03:46:51Z
WMT,2008-11-10,12.85,12.98,12.66,12.84,78715332,55.18,55.73,54.35,55.14,18335800,2025-12-16T03:46:51Z
WMT,2008-11-11,12.75,12.96,12.37,12.81,102113015,54.75,55.64,53.12,54.99,23785900,2025-12-16T03:46:51Z
WMT,2008-11-12,12.26,12.74,12.19,12.4,121814368,52.62,54.71,52.32,53.25,28375200,2025-12-16T03:46:51Z
WMT,2008-11-13,12.8,12.8,11.89,12.34,162032182,54.93,54.95,51.06,52.97,37743500,2025-12-16T03:46:51Z
WMT,2008-11-14,12.28,12.84,12.23,12.6,110551859,52.71,55.12,52.5,54.07,25751600,2025-12-16T03:46:51Z
WMT,2008-11-17,12.07,12.36,11.92,12.29,115795792,51.81,53.07,51.18,52.77,26973200,2025-12-16T03:46:51Z
WMT,2008-11-18,12.28,12.48,11.87,12.05,157447499,52.72,53.57,50.97,51.75,36675600,2025-12-16T03:46:51Z
WMT,2008-11-19,11.88,12.53,11.82,12.24,127832273,51,53.8,50.73,52.54,29776900,2025-12-16T03:46:51Z
WMT,2008-11-20,11.8,12.46,11.73,11.87,175284895,50.66,53.5,50.36,50.96,40830300,2025-12-16T03:46:51Z
WMT,2008-11-21,12.33,12.36,11.69,11.97,172835815,52.92,53.04,50.2,51.4,40260100,2025-12-16T03:46:51Z
WMT,2008-11-24,12.29,12.6,12.17,12.42,130549733,52.77,54.11,52.23,53.3,30409900,2025-12-16T03:46:51Z
WMT,2008-11-25,12.74,12.85,12.43,12.52,117506125,54.68,55.15,53.35,53.75,27371700,2025-12-16T03:46:51Z
WMT,2008-11-26,13.21,13.22,12.51,12.52,101939401,56.69,56.75,53.7,53.75,23745600,2025-12-16T03:46:51Z
WMT,2008-11-28,13.02,13.28,12.93,13.18,38949846,55.88,57,55.51,56.59,9072900,2025-12-16T03:46:51Z
WMT,2008-12-01,12.35,12.98,12.33,12.92,111384104,53.01,55.73,52.94,55.47,25945500,2025-12-16T03:46:51Z
WMT,2008-12-02,12.45,12.64,12.16,12.5,105017288,53.45,54.26,52.22,53.68,24462400,2025-12-16T03:46:51Z
WMT,2008-12-03,12.67,12.7,12.23,12.27,108249326,54.38,54.51,52.5,52.69,25215400,2025-12-16T03:46:51Z
WMT,2008-12-04,12.84,13.09,12.58,12.84,123607693,55.11,56.2,54,55.11,28792900,2025-12-16T03:46:51Z
WMT,2008-12-05,13.56,13.68,12.58,12.65,162501136,58.21,58.71,54,54.29,37852700,2025-12-16T03:46:51Z
WMT,2008-12-08,13.41,13.8,13.16,13.65,116175846,57.56,59.23,56.51,58.58,27061700,2025-12-16T03:46:51Z
WMT,2008-12-09,13,13.35,12.79,13.32,130979092,55.81,57.33,54.91,57.18,30509900,2025-12-16T03:46:51Z
WMT,2008-12-10,12.87,13.07,12.62,13.04,91609275,55.25,56.13,54.18,55.96,21339200,2025-12-16T03:46:51Z
WMT,2008-12-11,12.82,12.97,12.66,12.75,106711994,54.79,55.46,54.1,54.5,24964500,2025-12-16T03:46:51Z
WMT,2008-12-12,12.78,12.84,12.57,12.57,101081499,54.63,54.88,53.75,53.75,23647300,2025-12-16T03:46:51Z
WMT,2008-12-15,12.8,12.89,12.63,12.86,71477786,54.71,55.12,54.01,54.99,16721800,2025-12-16T03:46:51Z
WMT,2008-12-16,12.92,13.09,12.67,12.87,98302046,55.24,55.97,54.14,55.01,22997100,2025-12-16T03:46:51Z
WMT,2008-12-17,12.91,13.12,12.79,12.91,96904330,55.19,56.08,54.67,55.19,22670200,2025-12-16T03:46:51Z
WMT,2008-12-18,12.96,13.15,12.81,12.97,115162072,55.41,56.21,54.78,55.46,26941400,2025-12-16T03:46:51Z
WMT,2008-12-19,13.04,13.31,12.99,13.03,138682739,55.74,56.91,55.53,55.68,32443900,2025-12-16T03:46:51Z
WMT,2008-12-22,13.1,13.22,12.98,13.1,72731937,55.99,56.5,55.48,55.99,17015200,2025-12-16T03:46:51Z
WMT,2008-12-23,12.93,13.19,12.91,13.14,55029678,55.29,56.4,55.17,56.15,12873800,2025-12-16T03:46:51Z
WMT,2008-12-24,12.97,13.06,12.93,13.01,19515009,55.44,55.82,55.27,55.63,4565400,2025-12-16T03:46:51Z
WMT,2008-12-26,12.95,13.04,12.91,13.03,27287302,55.35,55.74,55.2,55.7,6383700,2025-12-16T03:46:51Z
WMT,2008-12-29,12.89,12.96,12.76,12.95,43026291,55.11,55.4,54.52,55.35,10065700,2025-12-16T03:46:51Z
WMT,2008-12-30,12.88,12.96,12.71,12.92,59741300,55.05,55.4,54.33,55.24,13976100,2025-12-16T03:46:51Z
WMT,2008-12-31,13.11,13.18,12.81,12.93,59339526,56.06,56.33,54.77,55.27,13882100,2025-12-16T03:46:51Z
WMT,2009-01-02,13.38,13.45,13.05,13.1,69087137,57.18,57.51,55.78,55.98,16162500,2025-12-16T03:46:51Z
WMT,2009-01-05,13.22,13.42,13.03,13.32,68713101,56.52,57.35,55.68,56.96,16075000,2025-12-16T03:46:51Z
WMT,2009-01-06,13.11,13.29,13.01,13.24,82051382,56.02,56.8,55.6,56.61,19195400,2025-12-16T03:46:51Z
WMT,2009-01-07,12.99,13.15,12.88,12.98,71952406,55.54,56.21,55.06,55.49,16832800,2025-12-16T03:46:51Z
WMT,2009-01-08,12.02,12.12,11.77,12,396767995,51.38,51.82,50.31,51.31,92821000,2025-12-16T03:46:51Z
WMT,2009-01-09,12.07,12.26,11.99,12.07,122668323,51.58,52.41,51.25,51.58,28697500,2025-12-16T03:46:51Z
WMT,2009-01-12,12.02,12.21,11.97,12.05,78802733,51.39,52.19,51.16,51.5,18435300,2025-12-16T03:46:51Z
WMT,2009-01-13,12.19,12.33,12.06,12.07,106835306,52.12,52.7,51.56,51.59,24993400,2025-12-16T03:46:51Z
WMT,2009-01-14,12.06,12.16,11.99,12,87783955,51.56,52,51.24,51.28,20536400,2025-12-16T03:46:51Z
WMT,2009-01-15,12.01,12.13,11.77,12.06,120003973,51.35,51.84,50.33,51.56,28074100,2025-12-16T03:46:51Z
WMT,2009-01-16,12.06,12.18,11.93,12.14,92650535,51.56,52.05,51.01,51.9,21674900,2025-12-16T03:46:51Z
WMT,2009-01-20,11.83,12.08,11.8,12.03,96474664,50.56,51.64,50.44,51.41,22569700,2025-12-16T03:46:51Z
WMT,2009-01-21,11.5,11.77,11.35,11.75,167049047,49.14,50.32,48.52,50.22,39080100,2025-12-16T03:46:51Z
WMT,2009-01-22,11.43,11.6,11.18,11.45,132999428,48.87,49.6,47.77,48.94,31114300,2025-12-16T03:46:51Z
WMT,2009-01-23,11.31,11.37,11.23,11.25,98705808,48.35,48.6,48,48.09,23091600,2025-12-16T03:46:51Z
WMT,2009-01-26,11.37,11.46,11.24,11.38,80745947,48.6,48.99,48.03,48.64,18889900,2025-12-16T03:46:51Z
WMT,2009-01-27,11.41,11.53,11.35,11.45,70439537,48.79,49.3,48.53,48.95,16478900,2025-12-16T03:46:51Z
WMT,2009-01-28,11.4,11.61,11.35,11.58,105433120,48.73,49.64,48.51,49.51,24665300,2025-12-16T03:46:51Z
WMT,2009-01-29,11.2,11.48,11.18,11.36,80678116,47.86,49.07,47.79,48.56,18874100,2025-12-16T03:46:51Z
WMT,2009-01-30,11.02,11.3,10.98,11.23,88119046,47.12,48.3,46.92,48,20614800,2025-12-16T03:46:51Z
WMT,2009-02-02,10.89,11,10.82,10.89,89172594,46.57,47.02,46.25,46.57,20861300,2025-12-16T03:46:51Z
WMT,2009-02-03,11.18,11.23,10.89,11,96397722,47.81,48,46.57,47.03,22551700,2025-12-16T03:46:51Z
WMT,2009-02-04,10.86,11.13,10.83,10.97,113281119,46.42,47.59,46.29,46.89,26501300,2025-12-16T03:46:51Z
WMT,2009-02-05,11.36,11.46,11.03,11.04,142315384,48.56,48.98,47.16,47.17,33293700,2025-12-16T03:46:51Z
WMT,2009-02-06,11.61,11.72,11.35,11.43,120977854,49.63,50.08,48.53,48.84,28302000,2025-12-16T03:46:51Z
WMT,2009-02-09,11.53,11.59,11.41,11.59,69578698,49.28,49.56,48.77,49.56,16277400,2025-12-16T03:46:51Z
WMT,2009-02-10,11.16,11.53,11.07,11.46,109477352,47.72,49.28,47.34,49,25611500,2025-12-16T03:46:51Z
WMT,2009-02-11,11.28,11.35,11.17,11.22,75913326,48.23,48.52,47.75,47.98,17759400,2025-12-16T03:46:51Z
WMT,2009-02-12,11.26,11.3,11,11.22,95720360,48.13,48.29,47.03,47.98,22393200,2025-12-16T03:46:51Z
WMT,2009-02-13,10.89,11.26,10.87,11.17,109723414,46.53,48.11,46.48,47.75,25669100,2025-12-16T03:46:51Z
WMT,2009-02-17,11.29,11.44,11.07,11.12,166341945,48.24,48.88,47.3,47.53,38914500,2025-12-16T03:46:51Z
WMT,2009-02-18,11.7,11.7,11.35,11.45,202442028,50,50,48.52,48.94,47360000,2025-12-16T03:46:51Z
WMT,2009-02-19,11.8,11.85,11.57,11.57,116743724,50.45,50.67,49.44,49.44,27311500,2025-12-16T03:46:51Z
WMT,2009-02-20,11.7,11.85,11.59,11.7,126447091,50.02,50.65,49.53,49.99,29581400,2025-12-16T03:46:51Z
WMT,2009-02-23,11.44,11.8,11.41,11.78,100966136,48.88,50.44,48.79,50.35,23620300,2025-12-16T03:46:51Z
WMT,2009-02-24,11.7,11.78,11.39,11.41,112104980,50.01,50.36,48.69,48.78,26226200,2025-12-16T03:46:51Z
WMT,2009-02-25,11.51,11.71,11.36,11.46,108902706,49.21,50.06,48.56,48.97,25477000,2025-12-16T03:46:51Z
WMT,2009-02-26,11.29,11.61,11.26,11.58,99039312,48.25,49.64,48.14,49.51,23169500,2025-12-16T03:46:51Z
WMT,2009-02-27,11.52,11.7,11.13,11.2,120398433,49.24,50,47.58,47.87,28166300,2025-12-16T03:46:51Z
WMT,2009-03-02,11.24,11.58,11.22,11.42,108385784,48.04,49.49,47.96,48.81,25356100,2025-12-16T03:46:51Z
WMT,2009-03-03,11.08,11.36,10.99,11.31,119864618,47.38,48.57,47,48.34,28041500,2025-12-16T03:46:51Z
WMT,2009-03-04,11.34,11.51,11.03,11.22,135975531,48.49,49.2,47.15,47.96,31810600,2025-12-16T03:46:51Z
WMT,2009-03-05,11.64,11.93,11.53,11.78,197764698,49.75,51,49.29,50.35,46265900,2025-12-16T03:46:51Z
WMT,2009-03-06,11.44,11.73,11.25,11.73,144376993,48.91,50.15,48.1,50.15,33775900,2025-12-16T03:46:51Z
WMT,2009-03-09,11.11,11.49,11.07,11.36,113318167,47.51,49.11,47.3,48.54,26510100,2025-12-16T03:46:51Z
WMT,2009-03-10,11.39,11.44,11.06,11.14,139066574,48.67,48.92,47.27,47.61,32533700,2025-12-16T03:46:51Z
WMT,2009-03-11,11.17,11.48,11.1,11.45,110795968,47.46,48.81,47.16,48.66,26066000,2025-12-16T03:46:51Z
WMT,2009-03-12,11.51,11.56,11.13,11.26,106820952,48.94,49.12,47.32,47.87,25130700,2025-12-16T03:46:51Z
WMT,2009-03-13,11.57,11.64,11.37,11.45,87440854,49.19,49.47,48.34,48.67,20571400,2025-12-16T03:46:51Z
WMT,2009-03-16,11.48,11.66,11.45,11.61,69626870,48.8,49.55,48.66,49.34,16380400,2025-12-16T03:46:51Z
WMT,2009-03-17,11.76,11.76,11.48,11.5,79175718,50,50,48.79,48.9,18627000,2025-12-16T03:46:51Z
WMT,2009-03-18,11.87,12.02,11.52,11.52,85827951,50.44,51.1,48.95,48.95,20191900,2025-12-16T03:46:51Z
WMT,2009-03-19,11.75,11.98,11.67,11.95,88208315,49.95,50.91,49.61,50.8,20752000,2025-12-16T03:46:51Z
WMT,2009-03-20,11.67,11.86,11.53,11.8,111826373,49.59,50.39,48.99,50.14,26308400,2025-12-16T03:46:51Z
WMT,2009-03-23,12.11,12.11,11.61,11.83,83650320,51.48,51.48,49.35,50.28,19679600,2025-12-16T03:46:51Z
WMT,2009-03-24,12.02,12.14,11.9,12,87718294,51.08,51.6,50.59,51,20636600,2025-12-16T03:46:51Z
WMT,2009-03-25,12.16,12.3,11.91,12.06,99653665,51.68,52.29,50.64,51.27,23444600,2025-12-16T03:46:51Z
WMT,2009-03-26,12.41,12.47,12.22,12.25,106476581,52.76,53,51.95,52.06,25049800,2025-12-16T03:46:51Z
WMT,2009-03-27,12.37,12.47,12.24,12.32,86220741,52.57,53,52.04,52.36,20284300,2025-12-16T03:46:51Z
WMT,2009-03-30,12.18,12.27,12.06,12.23,71063119,51.76,52.16,51.26,52,16718400,2025-12-16T03:46:51Z
WMT,2009-03-31,12.26,12.34,12.01,12.24,90024002,52.1,52.45,51.06,52.04,21179100,2025-12-16T03:46:51Z
WMT,2009-04-01,12.43,12.48,12.05,12.09,96285900,52.82,53.05,51.22,51.38,22652300,2025-12-16T03:46:51Z
WMT,2009-04-02,12.62,12.84,12.52,12.55,92864946,53.64,54.57,53.2,53.34,21847500,2025-12-16T03:46:51Z
WMT,2009-04-03,12.66,12.78,12.46,12.63,70250593,53.8,54.3,52.95,53.7,16527200,2025-12-16T03:46:51Z
WMT,2009-04-06,12.57,12.64,12.45,12.56,65930154,53.43,53.75,52.9,53.41,15510800,2025-12-16T03:46:51Z
WMT,2009-04-07,12.33,12.47,12.23,12.46,60704922,52.39,53.02,52,52.96,14281500,2025-12-16T03:46:51Z
WMT,2009-04-08,12.38,12.47,12.3,12.39,73343671,52.61,53.02,52.27,52.66,17254900,2025-12-16T03:46:51Z
WMT,2009-04-09,11.92,12.08,11.68,11.77,179911934,50.66,51.34,49.65,50.03,42326100,2025-12-16T03:46:51Z
WMT,2009-04-13,12.12,12.23,11.91,11.95,82234355,51.53,51.98,50.62,50.8,19346500,2025-12-16T03:46:51Z
WMT,2009-04-14,12.03,12.07,11.89,12.04,76238580,51.12,51.3,50.55,51.2,17935900,2025-12-16T03:46:51Z
WMT,2009-04-15,12.07,12.1,11.91,11.94,55294611,51.29,51.42,50.62,50.76,13008600,2025-12-16T03:46:51Z
WMT,2009-04-16,11.95,12.11,11.83,12.07,90311014,50.78,51.49,50.27,51.3,21246700,2025-12-16T03:46:51Z
WMT,2009-04-17,11.81,12.06,11.8,12.01,102125103,50.2,51.25,50.14,51.05,24026100,2025-12-16T03:46:51Z
WMT,2009-04-20,11.59,11.87,11.57,11.78,86290439,49.27,50.44,49.19,50.09,20300800,2025-12-16T03:46:51Z
WMT,2009-04-21,11.72,11.76,11.51,11.68,66194460,49.83,50,48.93,49.66,15572900,2025-12-16T03:46:51Z
WMT,2009-04-22,11.52,11.82,11.48,11.67,86674208,48.96,50.23,48.82,49.59,20391100,2025-12-16T03:46:51Z
WMT,2009-04-23,11.49,11.57,11.36,11.53,68990040,48.86,49.18,48.27,49,16230700,2025-12-16T03:46:51Z
WMT,2009-04-24,11.26,11.66,11.23,11.48,114480775,47.87,49.56,47.72,48.82,26932700,2025-12-16T03:46:51Z
WMT,2009-04-27,11.41,11.51,11.21,11.24,87596411,48.51,48.94,47.64,47.76,20608000,2025-12-16T03:46:51Z
WMT,2009-04-28,11.4,11.62,11.3,11.36,115371248,48.47,49.37,48.03,48.28,27142300,2025-12-16T03:46:51Z
WMT,2009-04-29,11.87,12.02,11.41,11.49,145895903,50.45,51.1,48.5,48.85,34323500,2025-12-16T03:46:51Z
WMT,2009-04-30,11.86,11.96,11.75,11.96,97998414,50.4,50.85,49.93,50.84,23055100,2025-12-16T03:46:51Z
WMT,2009-05-01,11.77,11.88,11.58,11.88,67062478,50.05,50.52,49.23,50.5,15777200,2025-12-16T03:46:51Z
WMT,2009-05-04,11.96,12.08,11.81,11.81,90126235,50.84,51.35,50.19,50.21,21203200,2025-12-16T03:46:51Z
WMT,2009-05-05,11.87,12.09,11.75,11.92,83518800,50.46,51.38,49.95,50.67,19648600,2025-12-16T03:46:51Z
WMT,2009-05-06,11.65,12.02,11.54,11.92,110893468,49.51,51.09,49.07,50.67,26088800,2025-12-16T03:46:51Z
WMT,2009-05-07,11.74,12.03,11.65,11.96,132859622,49.89,51.15,49.54,50.86,31256500,2025-12-16T03:46:51Z
WMT,2009-05-08,11.8,11.86,11.7,11.86,78783564,50.14,50.4,49.75,50.4,18534600,2025-12-16T03:46:51Z
WMT,2009-05-11,11.91,12.01,11.7,11.76,76488160,50.63,51.03,49.73,49.97,17994700,2025-12-16T03:46:51Z
WMT,2009-05-12,11.97,12.08,11.92,11.97,73128192,50.9,51.33,50.66,50.88,17204200,2025-12-16T03:46:51Z
WMT,2009-05-13,11.83,11.9,11.72,11.9,81078484,50.03,50.3,49.54,50.3,19177300,2025-12-16T03:46:51Z
WMT,2009-05-14,11.61,11.91,11.53,11.85,111321747,49.1,50.37,48.75,50.1,26330600,2025-12-16T03:46:51Z
WMT,2009-05-15,11.39,11.67,11.38,11.58,84530544,48.15,49.34,48.12,48.96,19993800,2025-12-16T03:46:51Z
WMT,2009-05-18,11.81,11.82,11.52,11.54,79663816,49.92,49.98,48.69,48.8,18842600,2025-12-16T03:46:51Z
WMT,2009-05-19,11.67,11.83,11.67,11.81,61818998,49.36,50,49.35,49.92,14621800,2025-12-16T03:46:51Z
WMT,2009-05-20,11.58,11.9,11.55,11.77,85345486,48.94,50.3,48.85,49.76,20186500,2025-12-16T03:46:51Z
WMT,2009-05-21,11.62,11.71,11.51,11.54,66463684,49.11,49.53,48.67,48.81,15720400,2025-12-16T03:46:51Z
WMT,2009-05-22,11.65,11.77,11.62,11.68,47965260,49.25,49.77,49.11,49.37,11345100,2025-12-16T03:46:51Z
WMT,2009-05-26,11.83,11.98,11.63,11.63,73345801,50,50.66,49.16,49.18,17348300,2025-12-16T03:46:51Z
WMT,2009-05-27,11.67,12.02,11.65,11.88,73843235,49.32,50.82,49.25,50.24,17465900,2025-12-16T03:46:51Z
WMT,2009-05-28,11.72,11.78,11.57,11.71,65132306,49.55,49.79,48.92,49.51,15405500,2025-12-16T03:46:51Z
WMT,2009-05-29,11.76,11.82,11.61,11.8,54288339,49.74,49.97,49.07,49.9,12840600,2025-12-16T03:46:51Z
WMT,2009-06-01,11.97,11.99,11.73,11.87,84528449,50.59,50.7,49.58,50.18,19993300,2025-12-16T03:46:51Z
WMT,2009-06-02,11.81,12.03,11.8,11.92,73538133,49.93,50.85,49.87,50.38,17393800,2025-12-16T03:46:51Z
WMT,2009-06-03,12.03,12.06,11.76,11.77,83454276,50.88,50.98,49.7,49.75,19739200,2025-12-16T03:46:51Z
WMT,2009-06-04,12.03,12.06,11.89,12.02,64653363,50.87,51,50.25,50.83,15292200,2025-12-16T03:46:51Z
WMT,2009-06-05,12.08,12.24,11.88,12.09,107085116,51.07,51.75,50.21,51.12,25328500,2025-12-16T03:46:51Z
WMT,2009-06-08,12.02,12.08,11.92,12.06,80223560,50.81,51.06,50.4,50.99,18975100,2025-12-16T03:46:51Z
WMT,2009-06-09,11.97,12.1,11.95,12.03,60897651,50.61,51.16,50.5,50.86,14403900,2025-12-16T03:46:51Z
WMT,2009-06-10,11.84,12.03,11.76,12.02,83841351,50.06,50.85,49.73,50.81,19830800,2025-12-16T03:46:51Z
WMT,2009-06-11,11.67,11.89,11.66,11.84,91333431,49.32,50.25,49.29,50.05,21602800,2025-12-16T03:46:51Z
WMT,2009-06-12,11.79,11.79,11.64,11.67,64849159,49.84,49.86,49.21,49.35,15338600,2025-12-16T03:46:51Z
WMT,2009-06-15,11.46,11.64,11.4,11.61,104009455,48.46,49.2,48.22,49.1,24601100,2025-12-16T03:46:51Z
WMT,2009-06-16,11.41,11.5,11.37,11.47,87566358,48.25,48.62,48.05,48.51,20711800,2025-12-16T03:46:51Z
WMT,2009-06-17,11.49,11.56,11.38,11.42,81484397,48.56,48.89,48.1,48.3,19273300,2025-12-16T03:46:51Z
WMT,2009-06-18,11.51,11.56,11.45,11.51,58887864,48.68,48.89,48.4,48.65,13928500,2025-12-16T03:46:51Z
WMT,2009-06-19,11.39,11.6,11.38,11.6,100486035,48.17,49.05,48.1,49.05,23767600,2025-12-16T03:46:51Z
WMT,2009-06-22,11.49,11.57,11.36,11.38,84682287,48.59,48.9,48.02,48.09,20029700,2025-12-16T03:46:51Z
WMT,2009-06-23,11.44,11.55,11.41,11.52,68663642,48.35,48.83,48.25,48.72,16240800,2025-12-16T03:46:51Z
WMT,2009-06-24,11.47,11.54,11.38,11.47,70530367,48.51,48.77,48.11,48.5,16682300,2025-12-16T03:46:51Z
WMT,2009-06-25,11.63,11.7,11.43,11.46,83978839,49.15,49.45,48.32,48.44,19863300,2025-12-16T03:46:51Z
WMT,2009-06-26,11.5,11.6,11.46,11.6,86831577,48.63,49.06,48.43,49.04,20538000,2025-12-16T03:46:51Z
WMT,2009-06-29,11.53,11.57,11.45,11.52,73251043,48.76,48.9,48.4,48.71,17325800,2025-12-16T03:46:51Z
WMT,2009-06-30,11.46,11.61,11.42,11.56,71208725,48.44,49.08,48.3,48.86,16842800,2025-12-16T03:46:51Z
WMT,2009-07-01,11.44,11.51,11.39,11.48,77931822,48.37,48.64,48.17,48.55,18433000,2025-12-16T03:46:51Z
WMT,2009-07-02,11.3,11.45,11.3,11.41,84508935,47.79,48.4,47.76,48.26,19988600,2025-12-16T03:46:51Z
WMT,2009-07-06,11.29,11.4,11.25,11.29,85643755,47.73,48.18,47.57,47.74,20257000,2025-12-16T03:46:51Z
WMT,2009-07-07,11.32,11.37,11.29,11.33,63847117,47.84,48.05,47.73,47.9,15101600,2025-12-16T03:46:51Z
WMT,2009-07-08,11.44,11.47,11.35,11.38,79820831,48.37,48.5,47.98,48.1,18879800,2025-12-16T03:46:51Z
WMT,2009-07-09,11.37,11.55,11.32,11.54,63943457,48.08,48.85,47.88,48.8,15124300,2025-12-16T03:46:51Z
WMT,2009-07-10,11.25,11.41,11.2,11.34,67523024,47.57,48.24,47.35,47.94,15971000,2025-12-16T03:46:51Z
WMT,2009-07-13,11.31,11.34,11.22,11.26,67745956,47.83,47.94,47.42,47.6,16023800,2025-12-16T03:46:51Z
WMT,2009-07-14,11.38,11.39,11.24,11.32,56941600,48.13,48.15,47.54,47.86,13468200,2025-12-16T03:46:51Z
WMT,2009-07-15,11.48,11.49,11.34,11.44,79243120,48.55,48.57,47.96,48.35,18743200,2025-12-16T03:46:51Z
WMT,2009-07-16,11.47,11.49,11.35,11.44,79752588,48.51,48.59,47.99,48.35,18863600,2025-12-16T03:46:51Z
WMT,2009-07-17,11.47,11.52,11.36,11.5,60932840,48.49,48.71,48.02,48.61,14412300,2025-12-16T03:46:51Z
WMT,2009-07-20,11.55,11.55,11.4,11.51,72333544,48.82,48.85,48.22,48.66,17108800,2025-12-16T03:46:51Z
WMT,2009-07-21,11.56,11.58,11.46,11.57,72682391,48.86,48.95,48.45,48.91,17191300,2025-12-16T03:46:51Z
WMT,2009-07-22,11.63,11.71,11.51,11.54,63580653,49.17,49.53,48.66,48.8,15038500,2025-12-16T03:46:51Z
WMT,2009-07-23,11.53,11.71,11.51,11.63,112737967,48.76,49.49,48.64,49.18,26665500,2025-12-16T03:46:51Z
WMT,2009-07-24,11.58,11.63,11.53,11.54,55352703,48.94,49.19,48.76,48.81,13092400,2025-12-16T03:46:51Z
WMT,2009-07-27,11.58,11.61,11.48,11.61,60347884,48.97,49.1,48.53,49.1,14273900,2025-12-16T03:46:51Z
WMT,2009-07-28,11.57,11.59,11.51,11.53,49917870,48.92,48.99,48.66,48.76,11806900,2025-12-16T03:46:51Z
WMT,2009-07-29,11.68,11.72,11.54,11.57,70215851,49.37,49.57,48.8,48.92,16608000,2025-12-16T03:46:51Z
WMT,2009-07-30,11.82,11.92,11.71,11.72,73478833,49.98,50.4,49.5,49.55,17379700,2025-12-16T03:46:51Z
WMT,2009-07-31,11.8,11.93,11.77,11.84,61988641,49.88,50.43,49.77,50.05,14662000,2025-12-16T03:46:51Z
WMT,2009-08-03,11.79,11.88,11.71,11.88,64293200,49.84,50.22,49.52,50.22,15207100,2025-12-16T03:46:51Z
WMT,2009-08-04,11.79,11.89,11.71,11.73,77247378,49.85,50.28,49.5,49.61,18271100,2025-12-16T03:46:51Z
WMT,2009-08-05,11.64,11.82,11.63,11.81,74919744,49.2,49.97,49.18,49.94,17720500,2025-12-16T03:46:51Z
WMT,2009-08-06,11.59,11.68,11.53,11.65,68539418,48.98,49.38,48.75,49.25,16211400,2025-12-16T03:46:51Z
WMT,2009-08-07,11.66,11.71,11.58,11.66,56631246,49.29,49.5,48.94,49.28,13394800,2025-12-16T03:46:51Z
WMT,2009-08-10,11.76,11.76,11.59,11.68,55173395,49.72,49.73,49.01,49.38,13050000,2025-12-16T03:46:51Z
WMT,2009-08-11,11.84,11.91,11.71,11.76,68716109,50.04,50.35,49.52,49.71,16253200,2025-12-16T03:46:51Z
WMT,2009-08-12,12.01,12.09,11.91,11.91,76955121,50.51,50.84,50.1,50.1,18301600,2025-12-16T03:46:51Z
WMT,2009-08-13,12.34,12.37,12.02,12.33,135171062,51.88,52,50.55,51.83,32146700,2025-12-16T03:46:51Z
WMT,2009-08-14,12.32,12.43,12.26,12.34,72486011,51.79,52.25,51.54,51.87,17238800,2025-12-16T03:46:51Z
WMT,2009-08-17,12.26,12.33,12.16,12.2,74484584,51.57,51.86,51.14,51.3,17714100,2025-12-16T03:46:51Z
WMT,2009-08-18,12.21,12.33,12.19,12.28,51663169,51.36,51.85,51.24,51.64,12286600,2025-12-16T03:46:51Z
WMT,2009-08-19,12.29,12.33,12.12,12.15,60256184,51.67,51.85,50.95,51.07,14330200,2025-12-16T03:46:51Z
WMT,2009-08-20,12.3,12.32,12.19,12.27,39109496,51.71,51.82,51.25,51.6,9301100,2025-12-16T03:46:51Z
WMT,2009-08-21,12.21,12.39,12.19,12.36,88698123,51.36,52.1,51.25,51.97,21094300,2025-12-16T03:46:51Z
WMT,2009-08-24,12.26,12.29,12.16,12.25,48860075,51.55,51.7,51.15,51.52,11620000,2025-12-16T03:46:51Z
WMT,2009-08-25,12.29,12.5,12.26,12.29,69730946,51.67,52.56,51.56,51.68,16583500,2025-12-16T03:46:51Z
WMT,2009-08-26,12.32,12.42,12.26,12.3,60113048,51.8,52.24,51.56,51.74,14296200,2025-12-16T03:46:51Z
WMT,2009-08-27,12.19,12.31,12.16,12.28,72395738,51.24,51.75,51.12,51.65,17217300,2025-12-16T03:46:51Z
WMT,2009-08-28,12.16,12.22,12.04,12.21,62203746,51.13,51.4,50.61,51.36,14793400,2025-12-16T03:46:51Z
WMT,2009-08-31,12.1,12.24,12.06,12.13,72506082,50.87,51.47,50.73,51.02,17243500,2025-12-16T03:46:51Z
WMT,2009-09-01,12.12,12.22,12.04,12.08,69865624,50.97,51.38,50.64,50.81,16615600,2025-12-16T03:46:51Z
WMT,2009-09-02,12.11,12.14,12.07,12.08,56518193,50.92,51.05,50.77,50.79,13441300,2025-12-16T03:46:51Z
WMT,2009-09-03,12.3,12.33,12.13,12.16,68533800,51.74,51.85,50.99,51.15,16298800,2025-12-16T03:46:51Z
WMT,2009-09-04,12.29,12.39,12.25,12.29,55797031,51.68,52.1,51.5,51.7,13269800,2025-12-16T03:46:51Z
WMT,2009-09-08,12.22,12.32,12.21,12.3,59425670,51.4,51.8,51.33,51.72,14132700,2025-12-16T03:46:51Z
WMT,2009-09-09,12.16,12.25,12.09,12.25,63453369,51.11,51.52,50.84,51.52,15090600,2025-12-16T03:46:51Z
WMT,2009-09-10,12.14,12.2,12.06,12.11,96140888,51.03,51.28,50.73,50.91,22864500,2025-12-16T03:46:51Z
WMT,2009-09-11,12.06,12.14,12.04,12.13,67684128,50.72,51.04,50.62,50.99,16096700,2025-12-16T03:46:51Z
WMT,2009-09-14,11.98,12.02,11.94,11.98,69578793,50.38,50.53,50.2,50.37,16547300,2025-12-16T03:46:51Z
WMT,2009-09-15,11.87,12.03,11.85,12.02,111007649,49.93,50.58,49.83,50.52,26400000,2025-12-16T03:46:51Z
WMT,2009-09-16,11.9,11.93,11.83,11.89,74047894,50.04,50.18,49.75,49.98,17610200,2025-12-16T03:46:51Z
WMT,2009-09-17,11.88,11.92,11.86,11.91,74714885,49.96,50.14,49.85,50.1,17768900,2025-12-16T03:46:51Z
WMT,2009-09-18,11.92,11.99,11.88,11.89,140633345,50.11,50.4,49.94,50,33445600,2025-12-16T03:46:51Z
WMT,2009-09-21,12.11,12.12,11.9,11.9,64262437,50.91,50.97,50.02,50.03,15283000,2025-12-16T03:46:51Z
WMT,2009-09-22,12.13,12.2,12.11,12.14,61146408,50.99,51.3,50.92,51.03,14542000,2025-12-16T03:46:51Z
WMT,2009-09-23,11.99,12.16,11.99,12.14,58941279,50.4,51.13,50.4,51.04,14017500,2025-12-16T03:46:51Z
WMT,2009-09-24,12.06,12.09,11.97,12.05,50218970,50.7,50.84,50.34,50.66,11943200,2025-12-16T03:46:51Z
WMT,2009-09-25,11.77,12.04,11.75,11.99,110789659,49.47,50.64,49.42,50.4,26348100,2025-12-16T03:46:51Z
WMT,2009-09-28,11.77,11.82,11.73,11.8,62199823,49.5,49.7,49.33,49.6,14792500,2025-12-16T03:46:51Z
WMT,2009-09-29,11.71,11.81,11.7,11.81,71929701,49.23,49.68,49.18,49.65,17106500,2025-12-16T03:46:51Z
WMT,2009-09-30,11.67,11.73,11.59,11.72,92896039,49.09,49.31,48.73,49.28,22092800,2025-12-16T03:46:51Z
WMT,2009-10-01,11.65,11.74,11.59,11.67,94282293,49,49.37,48.73,49.07,22422300,2025-12-16T03:46:51Z
WMT,2009-10-02,11.67,11.73,11.62,11.63,63467658,49.08,49.34,48.84,48.89,15094000,2025-12-16T03:46:51Z
WMT,2009-10-05,11.67,11.7,11.62,11.65,59794422,49.06,49.19,48.85,49,14220400,2025-12-16T03:46:51Z
WMT,2009-10-06,11.77,11.81,11.68,11.71,73936023,49.48,49.64,49.13,49.23,17583600,2025-12-16T03:46:51Z
WMT,2009-10-07,11.77,11.82,11.73,11.78,48872409,49.49,49.7,49.32,49.53,11622900,2025-12-16T03:46:51Z
WMT,2009-10-08,11.83,11.86,11.75,11.78,62914944,49.74,49.87,49.4,49.53,14962600,2025-12-16T03:46:51Z
WMT,2009-10-09,11.88,11.9,11.8,11.85,68888434,49.97,50.03,49.62,49.81,16383200,2025-12-16T03:46:51Z
WMT,2009-10-12,11.8,11.94,11.77,11.9,68781953,49.61,50.21,49.47,50.03,16357900,2025-12-16T03:46:51Z
WMT,2009-10-13,11.97,12.03,11.81,11.81,87692182,50.34,50.58,49.65,49.68,20855200,2025-12-16T03:46:51Z
WMT,2009-10-14,11.94,12.04,11.91,12.04,67582396,50.19,50.64,50.1,50.63,16072600,2025-12-16T03:46:51Z
WMT,2009-10-15,12.12,12.13,11.94,11.96,91182535,50.95,50.99,50.2,50.28,21685200,2025-12-16T03:46:51Z
WMT,2009-10-16,12.18,12.23,12.04,12.08,69563479,51.22,51.41,50.62,50.8,16543700,2025-12-16T03:46:51Z
WMT,2009-10-19,12.34,12.36,12.19,12.21,64801864,51.89,51.97,51.25,51.35,15411300,2025-12-16T03:46:51Z
WMT,2009-10-20,12.3,12.37,12.25,12.36,55677237,51.7,52,51.5,51.98,13241300,2025-12-16T03:46:51Z
WMT,2009-10-21,12.04,12.36,11.98,12.29,92104571,50.63,51.97,50.36,51.67,21904400,2025-12-16T03:46:51Z
WMT,2009-10-22,12.01,12.07,11.9,12.04,103455345,50.48,50.75,50.03,50.62,24604000,2025-12-16T03:46:51Z
WMT,2009-10-23,12,12.06,11.89,12.05,63553083,50.44,50.71,49.98,50.68,15114300,2025-12-16T03:46:51Z
WMT,2009-10-26,11.85,12.04,11.85,12.03,64227163,49.84,50.61,49.82,50.58,15274600,2025-12-16T03:46:51Z
WMT,2009-10-27,11.86,11.92,11.84,11.88,65555951,49.87,50.11,49.77,49.96,15590700,2025-12-16T03:46:51Z
WMT,2009-10-28,11.87,11.98,11.83,11.85,71560631,49.9,50.37,49.73,49.81,17018700,2025-12-16T03:46:51Z
WMT,2009-10-29,11.99,12,11.85,11.93,60503374,50.4,50.47,49.81,50.15,14389000,2025-12-16T03:46:51Z
WMT,2009-10-30,11.81,12,11.8,11.98,74068402,49.68,50.45,49.62,50.39,17615100,2025-12-16T03:46:51Z
WMT,2009-11-02,11.96,11.97,11.82,11.85,63230852,50.28,50.35,49.69,49.81,15037700,2025-12-16T03:46:51Z
WMT,2009-11-03,11.87,12.03,11.78,11.93,68092072,49.9,50.57,49.52,50.16,16193800,2025-12-16T03:46:51Z
WMT,2009-11-04,11.98,12.08,11.86,11.9,61065250,50.38,50.78,49.86,50.04,14522600,2025-12-16T03:46:51Z
WMT,2009-11-05,12.2,12.21,12.01,12.01,70197389,51.28,51.35,50.49,50.51,16694500,2025-12-16T03:46:51Z
WMT,2009-11-06,12.19,12.19,12.06,12.14,51998782,51.25,51.27,50.7,51.03,12366400,2025-12-16T03:46:51Z
WMT,2009-11-09,12.37,12.37,12.23,12.29,64274646,52,52.03,51.41,51.66,15285900,2025-12-16T03:46:51Z
WMT,2009-11-10,12.44,12.48,12.31,12.31,70749093,52.31,52.47,51.76,51.77,16825700,2025-12-16T03:46:51Z
WMT,2009-11-11,12.6,12.61,12.41,12.51,97961509,52.97,53,52.18,52.59,23297300,2025-12-16T03:46:51Z
WMT,2009-11-12,12.66,12.78,12.63,12.69,118850763,53.24,53.74,53.11,53.36,28265400,2025-12-16T03:46:51Z
WMT,2009-11-13,12.65,12.73,12.62,12.67,74156340,53.2,53.55,53.06,53.28,17636000,2025-12-16T03:46:51Z
WMT,2009-11-16,12.64,12.71,12.56,12.69,64572752,53.16,53.46,52.81,53.35,15356800,2025-12-16T03:46:51Z
WMT,2009-11-17,12.76,12.79,12.63,12.7,74502662,53.66,53.8,53.1,53.4,17718300,2025-12-16T03:46:51Z
WMT,2009-11-18,12.88,12.94,12.75,12.79,56180081,54.15,54.4,53.61,53.8,13360900,2025-12-16T03:46:51Z
WMT,2009-11-19,12.97,13,12.79,12.84,73033679,54.54,54.65,53.76,54,17369000,2025-12-16T03:46:51Z
WMT,2009-11-20,12.91,13.05,12.84,12.97,63284570,54.28,54.87,54,54.53,15050400,2025-12-16T03:46:51Z
WMT,2009-11-23,13,13.04,12.97,13.03,50176722,54.68,54.85,54.52,54.78,11933100,2025-12-16T03:46:51Z
WMT,2009-11-24,13.04,13.06,12.97,13.02,44600205,54.85,54.92,54.53,54.76,10606900,2025-12-16T03:46:51Z
WMT,2009-11-25,13.07,13.1,13.03,13.05,38110006,54.96,55.09,54.78,54.86,9063400,2025-12-16T03:46:51Z
