ticker,tradeDate,clsPx,hiPx,loPx,open,stockVolume,unadjClsPx,unadjHiPx,unadjLoPx,unadjOpen,unadjStockVolume,updatedAt
XOM,2006-01-03,29.43,29.43,28.4,28.4,47435354,58.47,58.47,56.42,56.42,23873200,2026-02-14T03:46:55Z
XOM,2006-01-04,29.48,29.61,29.22,29.49,37924359,58.57,58.84,58.06,58.6,19086500,2026-02-14T03:46:55Z
XOM,2006-01-05,29.33,29.6,29.13,29.48,34093216,58.28,58.82,57.87,58.57,17158400,2026-02-14T03:46:55Z
XOM,2006-01-06,29.91,29.98,29.57,29.57,34513743,59.43,59.56,58.76,58.76,17370000,2026-02-14T03:46:55Z
XOM,2006-01-09,29.89,30.13,29.83,30.1,34452545,59.4,59.87,59.27,59.8,17339200,2026-02-14T03:46:55Z
XOM,2006-01-10,30.13,30.28,29.77,29.79,35593355,59.86,60.16,59.16,59.2,17913400,2026-02-14T03:46:55Z
XOM,2006-01-11,30.33,30.44,29.86,30.04,34428447,60.27,60.49,59.32,59.68,17327100,2026-02-14T03:46:55Z
XOM,2006-01-12,30.02,30.7,30,30.45,41985144,59.64,61,59.6,60.5,21130200,2026-02-14T03:46:55Z
XOM,2006-01-13,30.68,30.7,29.95,29.95,33929314,60.97,60.99,59.51,59.51,17075900,2026-02-14T03:46:55Z
XOM,2006-01-17,30.97,31.07,30.74,30.83,36147731,61.54,61.74,61.08,61.26,18192400,2026-02-14T03:46:55Z
XOM,2006-01-18,30.54,31.08,30.26,31.06,32252959,60.68,61.75,60.12,61.72,16232200,2026-02-14T03:46:55Z
XOM,2006-01-19,30.95,31.05,30.41,30.54,37480276,61.5,61.7,60.42,60.68,18863000,2026-02-14T03:46:55Z
XOM,2006-01-20,30.46,31.23,30.37,31.11,51650836,60.53,62.06,60.35,61.81,25994800,2026-02-14T03:46:55Z
XOM,2006-01-23,30.8,31.02,30.26,30.46,38837202,61.2,61.64,60.12,60.53,19545900,2026-02-14T03:46:55Z
XOM,2006-01-24,30.68,30.97,30.57,30.65,35914460,60.96,61.53,60.75,60.9,18075000,2026-02-14T03:46:55Z
XOM,2006-01-25,30.3,31.03,29.97,30.87,48701062,60.21,61.65,59.55,61.34,24510200,2026-02-14T03:46:55Z
XOM,2006-01-26,30.17,30.71,29.98,30.59,48805495,59.95,61.02,59.57,60.79,24562800,2026-02-14T03:46:55Z
XOM,2006-01-27,30.85,30.97,30.35,30.38,42536344,61.29,61.53,60.31,60.36,21407600,2026-02-14T03:46:55Z
XOM,2006-01-30,31.76,32.19,31.6,31.65,58504002,63.11,63.96,62.79,62.88,29443800,2026-02-14T03:46:55Z
XOM,2006-01-31,31.58,31.93,31.35,31.58,48221253,62.75,63.45,62.3,62.75,24268700,2026-02-14T03:46:55Z
XOM,2006-02-01,31.18,31.75,31.16,31.59,40895252,61.95,63.08,61.91,62.77,20581700,2026-02-14T03:46:55Z
XOM,2006-02-02,31.18,31.35,30.81,31.15,42527946,61.95,62.29,61.21,61.9,21403400,2026-02-14T03:46:55Z
XOM,2006-02-03,30.9,31.11,30.72,31.03,37412845,61.39,61.82,61.03,61.65,18829100,2026-02-14T03:46:55Z
XOM,2006-02-06,31.19,31.51,31.03,31.05,37282301,61.97,62.61,61.65,61.7,18763400,2026-02-14T03:46:55Z
XOM,2006-02-07,30.47,31.13,30.4,31,42000222,60.55,61.85,60.4,61.59,21137800,2026-02-14T03:46:55Z
XOM,2006-02-08,30.55,30.68,30.2,30.36,43459569,60.39,60.64,59.68,60,21988500,2026-02-14T03:46:55Z
XOM,2006-02-09,30.32,31.06,30.23,30.64,44579045,59.92,61.39,59.74,60.55,22554900,2026-02-14T03:46:55Z
XOM,2006-02-10,30.07,30.83,29.65,30.38,51756364,59.43,60.93,58.6,60.05,26186300,2026-02-14T03:46:55Z
XOM,2006-02-13,30.15,30.53,29.91,30.07,33277989,59.6,60.35,59.11,59.43,16837100,2026-02-14T03:46:55Z
XOM,2006-02-14,30.13,30.31,29.75,29.98,41552081,59.55,59.9,58.8,59.26,21023400,2026-02-14T03:46:55Z
XOM,2006-02-15,30.24,30.33,29.88,30.26,42834483,59.76,59.95,59.05,59.81,21672200,2026-02-14T03:46:55Z
XOM,2006-02-16,30.48,30.48,30.11,30.31,39643098,60.25,60.25,59.51,59.9,20057500,2026-02-14T03:46:55Z
XOM,2006-02-17,30.64,30.7,30.46,30.54,37946082,60.55,60.68,60.21,60.37,19198900,2026-02-14T03:46:55Z
XOM,2006-02-21,30.74,31.02,30.69,30.86,34888027,60.76,61.3,60.65,61,17651700,2026-02-14T03:46:55Z
XOM,2006-02-22,30.49,30.73,30.34,30.66,31051526,60.26,60.74,59.96,60.6,15710600,2026-02-14T03:46:55Z
XOM,2006-02-23,30.27,30.63,30.17,30.36,35101167,59.83,60.54,59.63,60.01,17759500,2026-02-14T03:46:55Z
XOM,2006-02-24,30.57,30.73,30.45,30.53,26071856,60.42,60.73,60.18,60.34,13191100,2026-02-14T03:46:55Z
XOM,2006-02-27,30.32,30.62,30.31,30.46,24809619,59.92,60.52,59.9,60.2,12552500,2026-02-14T03:46:55Z
XOM,2006-02-28,30.04,30.23,29.9,30.11,37934981,59.37,59.75,59.1,59.52,19193300,2026-02-14T03:46:55Z
XOM,2006-03-01,30.53,30.63,30.12,30.15,31474865,60.34,60.54,59.53,59.59,15924800,2026-02-14T03:46:55Z
XOM,2006-03-02,30.79,30.85,30.35,30.38,38996751,60.85,60.98,59.98,60.04,19730500,2026-02-14T03:46:55Z
XOM,2006-03-03,30.85,31.12,30.77,30.78,36015020,60.98,61.5,60.81,60.83,18221900,2026-02-14T03:46:55Z
XOM,2006-03-06,30.35,30.91,30.33,30.84,32204636,59.98,61.09,59.94,60.95,16294000,2026-02-14T03:46:55Z
XOM,2006-03-07,30.28,30.37,30.08,30.31,36908551,59.85,60.02,59.45,59.9,18674000,2026-02-14T03:46:55Z
XOM,2006-03-08,30.21,30.57,29.93,30.08,43798020,59.71,60.41,59.15,59.45,22159700,2026-02-14T03:46:55Z
XOM,2006-03-09,29.81,30.36,29.78,30.33,43142222,58.92,60.01,58.86,59.94,21827900,2026-02-14T03:46:55Z
XOM,2006-03-10,29.94,29.96,29.57,29.81,40029013,59.18,59.21,58.44,58.92,20252800,2026-02-14T03:46:55Z
XOM,2006-03-13,30.18,30.34,30.08,30.2,33373299,59.64,59.96,59.45,59.68,16885300,2026-02-14T03:46:55Z
XOM,2006-03-14,30.77,30.8,30.07,30.13,36377294,60.81,60.87,59.44,59.55,18405200,2026-02-14T03:46:55Z
XOM,2006-03-15,30.87,30.96,30.57,30.7,35574905,61.02,61.2,60.41,60.67,17999200,2026-02-14T03:46:55Z
XOM,2006-03-16,31.19,31.33,30.79,30.85,37506304,61.64,61.92,60.85,60.97,18976400,2026-02-14T03:46:55Z
XOM,2006-03-17,30.89,31.27,30.86,31.27,53192346,61.05,61.8,60.99,61.8,26912800,2026-02-14T03:46:55Z
XOM,2006-03-20,30.69,31.04,30.52,30.75,33156055,60.66,61.35,60.33,60.77,16775400,2026-02-14T03:46:55Z
XOM,2006-03-21,30.72,30.98,30.54,30.69,40977612,60.72,61.23,60.37,60.66,20732700,2026-02-14T03:46:55Z
XOM,2006-03-22,30.89,31.11,30.67,30.67,31823740,61.05,61.49,60.62,60.62,16101300,2026-02-14T03:46:55Z
XOM,2006-03-23,30.99,31.04,30.82,30.92,30501867,61.25,61.35,60.92,61.11,15432500,2026-02-14T03:46:55Z
XOM,2006-03-24,30.95,31.21,30.82,30.94,30546754,61.17,61.69,60.91,61.15,15455200,2026-02-14T03:46:55Z
XOM,2006-03-27,31.01,31.1,30.83,30.92,23400835,61.29,61.47,60.93,61.11,11839700,2026-02-14T03:46:55Z
XOM,2006-03-28,30.84,31.31,30.79,31.09,39973919,60.95,61.89,60.86,61.45,20224900,2026-02-14T03:46:55Z
XOM,2006-03-29,31,31.12,30.84,30.84,37898774,61.28,61.5,60.95,60.95,19175000,2026-02-14T03:46:55Z
XOM,2006-03-30,30.92,31.23,30.86,30.99,31166184,61.12,61.73,61,61.25,15768600,2026-02-14T03:46:55Z
XOM,2006-03-31,30.79,30.95,30.77,30.81,38165602,60.86,61.18,60.82,60.9,19310000,2026-02-14T03:46:55Z
XOM,2006-04-03,30.88,31.36,30.8,31.05,33003274,61.03,61.98,60.87,61.36,16698100,2026-02-14T03:46:55Z
XOM,2006-04-04,31.24,31.37,30.58,30.69,29407077,61.75,62.01,60.43,60.65,14878600,2026-02-14T03:46:55Z
XOM,2006-04-05,31.45,31.46,31.14,31.18,31173485,62.16,62.18,61.55,61.63,15772300,2026-02-14T03:46:55Z
XOM,2006-04-06,31.41,31.72,31.17,31.17,30455617,62.09,62.7,61.6,61.6,15409100,2026-02-14T03:46:55Z
XOM,2006-04-07,31.03,31.67,30.98,31.25,31898021,61.33,62.59,61.23,61.77,16138900,2026-02-14T03:46:55Z
XOM,2006-04-10,31.34,31.42,31.12,31.32,25407520,61.94,62.1,61.5,61.9,12855000,2026-02-14T03:46:55Z
XOM,2006-04-11,31.37,31.74,31.27,31.47,29106445,62,62.73,61.8,62.2,14726500,2026-02-14T03:46:55Z
XOM,2006-04-12,31.1,31.5,30.96,31.39,27904829,61.46,62.26,61.2,62.05,14118500,2026-02-14T03:46:55Z
XOM,2006-04-13,31.15,31.26,30.86,31.01,22850194,61.56,61.78,61,61.29,11561100,2026-02-14T03:46:55Z
XOM,2006-04-17,31.39,31.47,31.17,31.34,22865227,62.05,62.19,61.61,61.94,11568700,2026-02-14T03:46:55Z
XOM,2006-04-18,32.15,32.28,31.6,31.62,44111085,63.54,63.8,62.45,62.49,22318100,2026-02-14T03:46:55Z
XOM,2006-04-19,32.53,32.62,31.84,31.93,41353745,64.3,64.48,62.93,63.1,20923000,2026-02-14T03:46:55Z
XOM,2006-04-20,32.34,32.78,32.04,32.38,45765142,63.92,64.78,63.33,64,23155000,2026-02-14T03:46:55Z
XOM,2006-04-21,32.89,32.89,32.43,32.48,43016305,65,65,64.1,64.2,21764200,2026-02-14T03:46:55Z
XOM,2006-04-24,32.59,32.82,32.5,32.77,32341178,64.41,64.87,64.24,64.76,16363100,2026-02-14T03:46:55Z
XOM,2006-04-25,32.36,32.88,31.94,32.81,43050829,63.95,64.98,63.13,64.85,21781700,2026-02-14T03:46:55Z
XOM,2006-04-26,31.93,32.79,31.88,32.37,45883362,63.1,64.8,63.01,63.98,23214800,2026-02-14T03:46:55Z
XOM,2006-04-27,31.58,32.08,30.86,31.12,53979493,62.42,63.4,61,61.5,27311100,2026-02-14T03:46:55Z
XOM,2006-04-28,31.92,32.13,31.63,31.66,40727320,63.08,63.5,62.52,62.57,20606100,2026-02-14T03:46:55Z
XOM,2006-05-01,32.09,32.55,32.04,32.08,39076005,63.42,64.33,63.32,63.4,19770600,2026-02-14T03:46:55Z
XOM,2006-05-02,32.72,32.77,32.29,32.29,37481243,64.67,64.77,63.82,63.82,18963700,2026-02-14T03:46:55Z
XOM,2006-05-03,32.26,32.77,31.98,32.68,45670678,63.77,64.77,63.2,64.6,23107200,2026-02-14T03:46:55Z
XOM,2006-05-04,32.03,32.59,31.82,32.27,45833288,63.31,64.41,62.89,63.77,23189500,2026-02-14T03:46:55Z
XOM,2006-05-05,32.38,32.41,31.98,32.33,27474283,64,64.05,63.2,63.9,13900700,2026-02-14T03:46:55Z
XOM,2006-05-08,32.23,32.43,31.96,32.18,32770699,63.71,64.09,63.17,63.6,16580400,2026-02-14T03:46:55Z
XOM,2006-05-09,32.35,32.47,32.09,32.18,27731062,63.94,64.17,63.43,63.6,14030600,2026-02-14T03:46:55Z
XOM,2006-05-10,32.48,32.52,32.03,32.29,30289255,63.88,63.95,63,63.5,15402000,2026-02-14T03:46:55Z
XOM,2006-05-11,32.27,32.68,32.16,32.6,35447427,63.46,64.26,63.25,64.1,18024900,2026-02-14T03:46:55Z
XOM,2006-05-12,31.65,32.29,31.56,32.27,37761034,62.24,63.5,62.06,63.46,19201400,2026-02-14T03:46:55Z
XOM,2006-05-15,31.53,31.77,31.2,31.28,38384705,62,62.48,61.35,61.51,19518500,2026-02-14T03:46:55Z
XOM,2006-05-16,31.51,31.89,31.29,31.58,31134867,61.96,62.71,61.54,62.11,15832000,2026-02-14T03:46:55Z
XOM,2006-05-17,30.6,31.4,30.48,31.25,52747126,60.18,61.74,59.94,61.45,26821800,2026-02-14T03:46:55Z
XOM,2006-05-18,30.45,31.02,30.44,30.64,37504039,59.89,61,59.86,60.25,19070700,2026-02-14T03:46:55Z
XOM,2006-05-19,30.74,31.04,30.26,30.46,52475138,60.45,61.04,59.5,59.9,26683500,2026-02-14T03:46:55Z
XOM,2006-05-22,30.91,31.23,30.29,30.48,45474132,60.78,61.41,59.56,59.95,23123500,2026-02-14T03:46:55Z
XOM,2006-05-23,30.71,31.38,30.61,31.17,38770254,60.39,61.72,60.19,61.3,19714600,2026-02-14T03:46:55Z
XOM,2006-05-24,30.56,30.97,30.08,30.51,48312134,60.1,60.9,59.15,60,24566600,2026-02-14T03:46:55Z
XOM,2006-05-25,31.28,31.49,30.77,30.91,38925222,61.52,61.93,60.52,60.78,19793400,2026-02-14T03:46:55Z
XOM,2006-05-26,31.31,31.38,30.95,31.29,26165301,61.58,61.71,60.86,61.53,13305000,2026-02-14T03:46:55Z
XOM,2006-05-30,30.61,31.43,30.57,31.37,35135528,60.2,61.8,60.11,61.7,17866300,2026-02-14T03:46:55Z
XOM,2006-05-31,30.97,31.05,30.39,30.62,50888716,60.91,61.06,59.76,60.21,25876800,2026-02-14T03:46:55Z
XOM,2006-06-01,31.07,31.1,30.52,30.71,35147053,61.11,61.15,60.01,60.4,17872200,2026-02-14T03:46:55Z
XOM,2006-06-02,31.35,31.45,30.77,31.27,34097089,61.65,61.85,60.51,61.5,17338300,2026-02-14T03:46:55Z
XOM,2006-06-05,30.54,31.63,30.51,31.58,40464274,60.05,62.2,60,62.1,20576000,2026-02-14T03:46:55Z
XOM,2006-06-06,30.71,31.18,30.46,30.51,47069336,60.4,61.31,59.9,60,23934600,2026-02-14T03:46:55Z
XOM,2006-06-07,29.91,30.69,29.9,30.66,55026862,58.82,60.36,58.8,60.3,27981000,2026-02-14T03:46:55Z
XOM,2006-06-08,30.29,30.36,29.4,29.69,65530300,59.57,59.7,57.82,58.38,33322000,2026-02-14T03:46:55Z
XOM,2006-06-09,29.9,30.46,29.75,30.45,41497621,58.8,59.9,58.5,59.89,21101400,2026-02-14T03:46:55Z
XOM,2006-06-12,29.61,30.18,29.56,30.03,37196834,58.24,59.35,58.13,59.05,18914500,2026-02-14T03:46:55Z
XOM,2006-06-13,28.81,29.65,28.81,29.37,53602003,56.65,58.3,56.65,57.75,27256500,2026-02-14T03:46:55Z
XOM,2006-06-14,29.39,29.49,28.8,28.81,48905149,57.8,57.99,56.64,56.65,24868100,2026-02-14T03:46:55Z
XOM,2006-06-15,30.06,30.28,29.47,29.74,49004518,59.12,59.55,57.96,58.48,24918700,2026-02-14T03:46:55Z
XOM,2006-06-16,29.9,30.25,29.58,29.98,54607051,58.8,59.49,58.17,58.95,27767500,2026-02-14T03:46:55Z
XOM,2006-06-19,29.18,29.91,29.09,29.88,39680983,57.39,58.81,57.21,58.77,20177700,2026-02-14T03:46:55Z
XOM,2006-06-20,29.18,29.67,29.12,29.32,39053446,57.39,58.34,57.26,57.66,19858600,2026-02-14T03:46:55Z
XOM,2006-06-21,29.52,29.94,29.11,29.16,44343528,58.06,58.87,57.25,57.35,22548600,2026-02-14T03:46:55Z
XOM,2006-06-22,29.48,29.63,29.32,29.35,33032020,57.97,58.26,57.65,57.72,16796700,2026-02-14T03:46:55Z
XOM,2006-06-23,29.54,29.93,29.5,29.57,30821787,58.1,58.85,58.01,58.15,15672800,2026-02-14T03:46:55Z
XOM,2006-06-26,29.91,30.01,29.45,29.54,27638111,58.82,59.02,57.91,58.1,14053900,2026-02-14T03:46:55Z
XOM,2006-06-27,30.33,30.46,29.99,29.99,53028538,59.65,59.91,58.97,58.97,26964900,2026-02-14T03:46:55Z
XOM,2006-06-28,31.08,31.13,30.41,30.41,45711092,61.12,61.22,59.8,59.8,23244000,2026-02-14T03:46:55Z
XOM,2006-06-29,31.72,31.8,31.08,31.13,51771328,62.37,62.54,61.13,61.22,26325600,2026-02-14T03:46:55Z
XOM,2006-06-30,31.2,31.86,31.2,31.86,63611563,61.35,62.65,61.35,62.65,32346300,2026-02-14T03:46:55Z
XOM,2006-07-03,31.6,31.77,31.38,31.43,18603643,62.15,62.47,61.71,61.8,9459900,2026-02-14T03:46:55Z
XOM,2006-07-05,31.81,32,31.34,31.48,38833252,62.55,62.92,61.63,61.9,19746600,2026-02-14T03:46:55Z
XOM,2006-07-06,32.27,32.29,31.86,31.91,46566458,63.47,63.5,62.66,62.75,23678900,2026-02-14T03:46:55Z
XOM,2006-07-07,31.95,32.49,31.78,32.39,36436737,62.84,63.89,62.49,63.7,18528000,2026-02-14T03:46:55Z
XOM,2006-07-10,32.06,32.34,31.92,32.03,26006801,63.04,63.59,62.78,63,13224400,2026-02-14T03:46:55Z
XOM,2006-07-11,32.53,32.68,32.14,32.14,35663465,63.98,64.27,63.2,63.2,18134800,2026-02-14T03:46:55Z
XOM,2006-07-12,32.53,32.68,32.21,32.54,34640078,63.97,64.27,63.35,64,17614400,2026-02-14T03:46:55Z
XOM,2006-07-13,32.58,32.9,32.39,32.62,42592781,64.07,64.7,63.69,64.15,21658300,2026-02-14T03:46:55Z
XOM,2006-07-14,33,33.05,32.53,32.83,42253486,64.9,65,63.97,64.57,21485800,2026-02-14T03:46:55Z
XOM,2006-07-17,32.54,33,32.33,32.8,38779785,64,64.9,63.57,64.5,19719400,2026-02-14T03:46:55Z
XOM,2006-07-18,32.85,33.02,32.52,32.75,41767392,64.61,64.94,63.95,64.4,21238600,2026-02-14T03:46:55Z
XOM,2006-07-19,32.88,33,32.37,32.86,49161775,64.66,64.89,63.65,64.62,24998600,2026-02-14T03:46:55Z
XOM,2006-07-20,32.67,32.98,32.6,32.77,40881178,64.25,64.86,64.12,64.45,20788000,2026-02-14T03:46:55Z
XOM,2006-07-21,32.51,32.94,32.5,32.83,54186574,63.93,64.78,63.91,64.57,27553700,2026-02-14T03:46:55Z
XOM,2006-07-24,33.24,33.32,32.65,32.72,44086542,65.36,65.53,64.2,64.35,22417900,2026-02-14T03:46:55Z
XOM,2006-07-25,33.43,33.56,33.01,33.24,36626556,65.74,66,64.92,65.36,18624500,2026-02-14T03:46:55Z
XOM,2006-07-26,33.87,34.16,33.29,33.31,60993283,66.6,67.18,65.47,65.51,31014900,2026-02-14T03:46:55Z
XOM,2006-07-27,33.8,34.4,33.79,34.27,57870538,66.47,67.65,66.45,67.4,29427000,2026-02-14T03:46:55Z
XOM,2006-07-28,34.07,34.22,33.68,33.69,40339469,67,67.3,66.24,66.25,20512500,2026-02-14T03:46:55Z
XOM,2006-07-31,34.45,34.55,33.95,34.29,39679276,67.74,67.94,66.76,67.43,20176800,2026-02-14T03:46:55Z
XOM,2006-08-01,34.67,34.71,34.18,34.19,31845835,68.18,68.25,67.21,67.24,16193500,2026-02-14T03:46:55Z
XOM,2006-08-02,34.82,35.2,34.64,34.77,49994164,68.48,69.23,68.12,68.37,25421900,2026-02-14T03:46:55Z
XOM,2006-08-03,34.77,35.23,34.6,34.61,43022209,68.37,69.28,68.04,68.07,21876700,2026-02-14T03:46:55Z
XOM,2006-08-04,34.93,34.99,34.55,34.88,42223799,68.69,68.82,67.94,68.6,21470700,2026-02-14T03:46:55Z
XOM,2006-08-07,35.2,35.4,34.82,35.09,41632830,69.23,69.62,68.48,69,21170200,2026-02-14T03:46:55Z
XOM,2006-08-08,35.22,35.51,35.09,35.21,47051194,69.27,69.83,69.01,69.24,23925400,2026-02-14T03:46:55Z
XOM,2006-08-09,35.23,35.81,35.18,35.44,54397502,69.29,70.42,69.18,69.69,27661000,2026-02-14T03:46:55Z
XOM,2006-08-10,35.42,35.49,34.94,35.18,42990336,69.34,69.47,68.39,68.87,21961900,2026-02-14T03:46:55Z
XOM,2006-08-11,35.62,35.74,35.17,35.43,35321487,69.73,69.96,68.85,69.35,18044200,2026-02-14T03:46:55Z
XOM,2006-08-14,35.38,35.58,35.14,35.53,39101012,69.25,69.65,68.79,69.54,19975000,2026-02-14T03:46:55Z
XOM,2006-08-15,35.09,35.72,34.83,35.71,53363378,68.69,69.92,68.17,69.9,27261000,2026-02-14T03:46:55Z
XOM,2006-08-16,34.52,35.22,34.39,34.89,51946641,67.57,68.94,67.31,68.3,26537300,2026-02-14T03:46:55Z
XOM,2006-08-17,34.78,34.82,34.23,34.32,55954872,68.08,68.16,67.01,67.18,28584900,2026-02-14T03:46:55Z
XOM,2006-08-18,35.3,35.3,34.6,34.94,38282746,69.1,69.1,67.72,68.4,19557000,2026-02-14T03:46:55Z
XOM,2006-08-21,35.67,35.78,35.4,35.4,44009239,69.83,70.03,69.3,69.3,22482400,2026-02-14T03:46:55Z
XOM,2006-08-22,35.87,35.89,35.43,35.61,44953177,70.21,70.25,69.36,69.71,22964600,2026-02-14T03:46:55Z
XOM,2006-08-23,35.57,35.88,35.27,35.8,34670436,69.63,70.23,69.04,70.08,17711600,2026-02-14T03:46:55Z
XOM,2006-08-24,36.13,36.18,35.56,35.65,40137072,70.72,70.83,69.61,69.79,20504300,2026-02-14T03:46:55Z
XOM,2006-08-25,35.98,36.38,35.93,36.13,37022751,70.43,71.22,70.34,70.72,18913300,2026-02-14T03:46:55Z
XOM,2006-08-28,35.81,35.86,35.63,35.78,35498068,70.1,70.2,69.75,70.05,18134400,2026-02-14T03:46:55Z
XOM,2006-08-29,35.46,35.68,35.17,35.62,42203379,69.41,69.85,68.84,69.72,21559900,2026-02-14T03:46:55Z
XOM,2006-08-30,34.89,35.51,34.61,35.47,51514665,68.3,69.5,67.75,69.43,26316600,2026-02-14T03:46:55Z
XOM,2006-08-31,34.57,34.87,34.53,34.76,37670810,67.67,68.26,67.6,68.05,19244400,2026-02-14T03:46:55Z
XOM,2006-09-01,34.79,34.96,34.42,34.66,34413215,68.1,68.44,67.37,67.85,17580200,2026-02-14T03:46:55Z
XOM,2006-09-05,34.98,35.07,34.48,34.58,34610062,68.48,68.65,67.5,67.68,17680800,2026-02-14T03:46:55Z
XOM,2006-09-06,34.32,34.99,34.27,34.99,52283428,67.18,68.49,67.08,68.49,26709300,2026-02-14T03:46:55Z
XOM,2006-09-07,34.58,34.76,34.15,34.23,47859791,67.69,68.04,66.85,67,24449500,2026-02-14T03:46:55Z
XOM,2006-09-08,34.13,34.71,34.12,34.58,38402394,66.81,67.94,66.78,67.69,19618100,2026-02-14T03:46:55Z
XOM,2006-09-11,33.17,33.92,33.01,33.9,70453300,64.94,66.4,64.62,66.36,35991500,2026-02-14T03:46:55Z
XOM,2006-09-12,33.05,33.44,32.75,33.33,48598797,64.7,65.45,64.11,65.25,24827000,2026-02-14T03:46:55Z
XOM,2006-09-13,33.39,33.59,33.05,33.11,40600811,65.36,65.75,64.7,64.82,20741200,2026-02-14T03:46:55Z
XOM,2006-09-14,33.06,33.48,32.91,33.31,41465686,64.71,65.53,64.43,65.21,21183000,2026-02-14T03:46:55Z
XOM,2006-09-15,33.03,33.34,32.91,33.16,59829081,64.65,65.27,64.42,64.9,30564100,2026-02-14T03:46:55Z
XOM,2006-09-18,33.87,33.97,33.13,33.16,41093910,66.3,66.5,64.85,64.9,20993100,2026-02-14T03:46:55Z
XOM,2006-09-19,33.46,34.01,33.27,33.97,34812516,65.5,66.58,65.13,66.49,17784200,2026-02-14T03:46:55Z
XOM,2006-09-20,32.75,33.75,32.66,33.47,58672659,64.11,66.07,63.93,65.51,29973300,2026-02-14T03:46:55Z
XOM,2006-09-21,33.09,33.39,32.84,32.85,44144859,64.78,65.35,64.29,64.3,22551700,2026-02-14T03:46:55Z
XOM,2006-09-22,33.16,33.38,32.85,33.35,35705330,64.91,65.34,64.3,65.28,18240300,2026-02-14T03:46:55Z
XOM,2006-09-25,33.24,33.44,32.63,33,56963195,65.06,65.45,63.87,64.6,29100000,2026-02-14T03:46:55Z
XOM,2006-09-26,33.94,34.03,32.95,33.24,43823656,66.43,66.62,64.5,65.06,22387600,2026-02-14T03:46:55Z
XOM,2006-09-27,34.29,34.45,33.79,34.06,45854551,67.13,67.43,66.14,66.68,23425100,2026-02-14T03:46:55Z
XOM,2006-09-28,34.46,34.64,34.19,34.29,45589490,67.46,67.81,66.92,67.13,23289700,2026-02-14T03:46:55Z
XOM,2006-09-29,34.28,34.57,34.12,34.32,39618331,67.1,67.67,66.79,67.18,20239300,2026-02-14T03:46:55Z
XOM,2006-10-02,34.23,34.62,34.18,34.38,37354110,67,67.76,66.9,67.29,19082600,2026-02-14T03:46:55Z
XOM,2006-10-03,33.42,33.97,33.33,33.92,45002497,65.41,66.5,65.25,66.4,22989800,2026-02-14T03:46:55Z
XOM,2006-10-04,34.03,34.1,33.12,33.46,50637047,66.61,66.76,64.84,65.49,25868300,2026-02-14T03:46:55Z
XOM,2006-10-05,34.39,34.6,34.2,34.36,43254951,67.32,67.72,66.94,67.26,22097100,2026-02-14T03:46:55Z
XOM,2006-10-06,34.49,34.54,33.97,34.23,38052596,67.52,67.62,66.5,67,19439400,2026-02-14T03:46:55Z
XOM,2006-10-09,34,34.68,33.97,34.62,37629551,66.55,67.89,66.5,67.76,19223300,2026-02-14T03:46:55Z
XOM,2006-10-10,34.33,34.47,33.7,33.82,45103995,67.2,67.47,65.96,66.21,23041700,2026-02-14T03:46:55Z
XOM,2006-10-11,33.99,34.25,33.84,34.15,40075418,66.53,67.05,66.25,66.85,20472800,2026-02-14T03:46:55Z
XOM,2006-10-12,34.56,34.61,34.16,34.17,36297520,67.65,67.75,66.86,66.88,18542800,2026-02-14T03:46:55Z
XOM,2006-10-13,34.94,35.11,34.67,34.78,40128863,68.4,68.73,67.87,68.08,20500100,2026-02-14T03:46:55Z
XOM,2006-10-16,35.67,35.7,34.95,34.97,38401403,69.83,69.88,68.42,68.45,19617600,2026-02-14T03:46:55Z
XOM,2006-10-17,35.46,35.68,35.23,35.67,33650500,69.41,69.84,68.97,69.83,17190600,2026-02-14T03:46:55Z
XOM,2006-10-18,35.34,35.76,35.13,35.51,37966570,69.17,69.99,68.77,69.5,19395500,2026-02-14T03:46:55Z
XOM,2006-10-19,35.62,35.8,35.28,35.68,45802129,69.73,70.07,69.07,69.84,23398300,2026-02-14T03:46:55Z
XOM,2006-10-20,35.53,35.77,35.42,35.77,41520040,69.55,70.02,69.33,70.01,21210800,2026-02-14T03:46:55Z
XOM,2006-10-23,35.72,35.72,35.11,35.17,33551482,69.92,69.92,68.72,68.85,17140000,2026-02-14T03:46:55Z
XOM,2006-10-24,35.7,35.88,35.55,35.59,38710827,69.89,70.23,69.58,69.67,19775700,2026-02-14T03:46:55Z
XOM,2006-10-25,36.28,36.48,35.43,35.62,50580376,71.01,71.4,69.36,69.72,25839300,2026-02-14T03:46:55Z
XOM,2006-10-26,36.59,36.95,36.1,36.78,51622188,71.62,72.33,70.66,72,26371500,2026-02-14T03:46:55Z
XOM,2006-10-27,36.51,36.85,36.41,36.51,38012247,71.46,72.13,71.28,71.46,19418800,2026-02-14T03:46:55Z
XOM,2006-10-30,36.19,36.57,36.02,36.35,34497138,70.84,71.58,70.51,71.15,17623100,2026-02-14T03:46:55Z
XOM,2006-10-31,36.49,36.52,35.77,36.11,39776303,71.42,71.48,70.01,70.69,20320000,2026-02-14T03:46:55Z
XOM,2006-11-01,36.3,36.65,35.9,36.57,35845840,71.06,71.75,70.27,71.58,18312100,2026-02-14T03:46:55Z
XOM,2006-11-02,36.37,36.46,35.98,36.12,39452341,71.19,71.36,70.43,70.71,20154500,2026-02-14T03:46:55Z
XOM,2006-11-03,36.86,36.98,36.44,36.5,49914993,72.15,72.39,71.33,71.44,25499400,2026-02-14T03:46:55Z
XOM,2006-11-06,37.25,37.32,36.73,36.86,33672422,72.91,73.05,71.9,72.16,17201800,2026-02-14T03:46:55Z
XOM,2006-11-07,37.05,37.39,36.87,37.25,39398564,72.53,73.19,72.18,72.91,20127000,2026-02-14T03:46:55Z
XOM,2006-11-08,37.87,37.91,36.9,37.05,43761399,74.13,74.2,72.23,72.53,22355800,2026-02-14T03:46:55Z
XOM,2006-11-09,38.28,38.38,37.79,38.07,41999567,74.61,74.8,73.65,74.2,21548800,2026-02-14T03:46:55Z
XOM,2006-11-10,38.18,38.38,37.99,38.25,35838454,74.42,74.8,74.05,74.55,18387700,2026-02-14T03:46:55Z
XOM,2006-11-13,38.19,38.4,37.9,38.02,33887099,74.43,74.85,73.87,74.1,17386500,2026-02-14T03:46:55Z
XOM,2006-11-14,38.2,38.31,37.84,38.19,34592423,74.45,74.66,73.75,74.43,17748400,2026-02-14T03:46:55Z
XOM,2006-11-15,38.38,38.44,37.97,37.97,39663139,74.8,74.93,74,74,20350000,2026-02-14T03:46:55Z
XOM,2006-11-16,37.28,38.47,37.25,38.46,43468019,72.67,74.97,72.61,74.95,22302200,2026-02-14T03:46:55Z
XOM,2006-11-17,37.5,37.55,36.82,36.92,50311657,73.08,73.18,71.76,71.95,25813500,2026-02-14T03:46:55Z
XOM,2006-11-20,37.16,37.59,37.1,37.22,36986625,72.43,73.26,72.3,72.55,18976800,2026-02-14T03:46:55Z
XOM,2006-11-21,37.65,37.73,37.19,37.34,25902638,73.39,73.53,72.49,72.77,13289900,2026-02-14T03:46:55Z
XOM,2006-11-22,37.41,37.73,37,37.47,23198743,72.91,73.53,72.12,73.02,11902600,2026-02-14T03:46:55Z
XOM,2006-11-24,37.14,37.36,36.86,36.89,10853656,72.38,72.82,71.85,71.9,5568700,2026-02-14T03:46:55Z
XOM,2006-11-27,37.18,37.55,37.01,37.09,36958387,72.47,73.18,72.14,72.29,18962300,2026-02-14T03:46:55Z
XOM,2006-11-28,38.05,38.1,37.28,37.28,37643859,74.16,74.25,72.65,72.65,19314000,2026-02-14T03:46:55Z
XOM,2006-11-29,39.01,39.22,38.05,38.12,48706888,76.03,76.44,74.17,74.3,24990100,2026-02-14T03:46:55Z
XOM,2006-11-30,39.41,39.7,39.02,39.21,53273109,76.81,77.37,76.05,76.42,27332900,2026-02-14T03:46:55Z
XOM,2006-12-01,39.61,39.76,38.9,39.39,41531268,77.2,77.5,75.81,76.78,21308500,2026-02-14T03:46:55Z
XOM,2006-12-04,39.9,39.92,39.26,39.61,37734478,77.77,77.8,76.51,77.2,19360500,2026-02-14T03:46:55Z
XOM,2006-12-05,40.05,40.29,39.75,40.08,39199175,78.06,78.52,77.47,78.11,20112000,2026-02-14T03:46:55Z
XOM,2006-12-06,39.15,40.12,39.12,39.93,59925930,76.31,78.2,76.25,77.82,30746300,2026-02-14T03:46:55Z
XOM,2006-12-07,38.84,39.35,38.62,39.15,54090960,75.71,76.7,75.28,76.3,27752500,2026-02-14T03:46:55Z
XOM,2006-12-08,38.74,39.21,38.71,39.1,32023021,75.5,76.42,75.44,76.2,16430100,2026-02-14T03:46:55Z
XOM,2006-12-11,38.67,38.91,38.39,38.61,36346172,75.36,75.84,74.82,75.25,18648200,2026-02-14T03:46:55Z
XOM,2006-12-12,39.12,39.2,38.64,38.64,36321840,76.25,76.4,75.31,75.31,18635700,2026-02-14T03:46:55Z
XOM,2006-12-13,39.69,39.72,38.96,39.22,40108262,77.36,77.41,75.94,76.45,20578400,2026-02-14T03:46:55Z
XOM,2006-12-14,40.39,40.53,39.64,39.77,36433537,78.73,79,77.25,77.51,18693000,2026-02-14T03:46:55Z
XOM,2006-12-15,39.66,40.53,39.57,40.51,72165626,77.3,79,77.13,78.95,37026100,2026-02-14T03:46:55Z
XOM,2006-12-18,38.74,39.64,38.67,39.64,43898594,75.51,77.26,75.36,77.26,22523100,2026-02-14T03:46:55Z
XOM,2006-12-19,39.5,39.67,38.43,38.63,43453367,76.99,77.31,74.9,75.3,22294700,2026-02-14T03:46:55Z
XOM,2006-12-20,39.03,39.5,38.86,39.43,34451322,76.08,76.99,75.74,76.85,17676000,2026-02-14T03:46:55Z
XOM,2006-12-21,38.93,39.28,38.56,39.04,33440205,75.87,76.55,75.16,76.09,17157200,2026-02-14T03:46:55Z
XOM,2006-12-22,38.69,39.12,38.63,38.99,23399481,75.41,76.24,75.29,76,12005600,2026-02-14T03:46:55Z
XOM,2006-12-26,39.02,39.12,38.69,38.74,21996342,76.05,76.25,75.4,75.51,11285700,2026-02-14T03:46:55Z
XOM,2006-12-27,39.49,39.51,39,39.15,21330739,76.96,77,76.01,76.3,10944200,2026-02-14T03:46:55Z
XOM,2006-12-28,39.68,39.73,39.33,39.39,21060817,77.33,77.44,76.65,76.77,10805700,2026-02-14T03:46:55Z
XOM,2006-12-29,39.32,39.63,39.1,39.51,24622474,76.63,77.24,76.2,77.01,12633100,2026-02-14T03:46:55Z
XOM,2007-01-03,38.02,39.13,37.72,39.13,59469340,74.11,76.27,73.51,76.26,30512000,2026-02-14T03:46:55Z
XOM,2007-01-04,37.31,37.92,37.05,37.89,60631831,72.72,73.9,72.21,73.85,31108500,2026-02-14T03:46:55Z
XOM,2007-01-05,37.58,37.65,37.05,37.17,48135660,73.24,73.38,72.22,72.45,24697000,2026-02-14T03:46:55Z
XOM,2007-01-08,37.27,38.1,36.86,37.91,50641150,72.65,74.25,71.85,73.88,25982500,2026-02-14T03:46:55Z
XOM,2007-01-09,36.99,37.37,36.65,36.86,52735370,72.09,72.84,71.44,71.85,27057000,2026-02-14T03:46:55Z
XOM,2007-01-10,36.42,37.51,36.24,36.84,59056365,70.99,73.11,70.64,71.81,30300100,2026-02-14T03:46:55Z
XOM,2007-01-11,36.42,37.38,36.31,36.42,56839080,70.98,72.85,70.77,70.99,29162500,2026-02-14T03:46:55Z
XOM,2007-01-12,37.28,37.31,36.53,36.54,47632121,72.66,72.71,71.2,71.21,24438700,2026-02-14T03:46:55Z
XOM,2007-01-16,36.75,37.28,36.56,37.2,49505199,71.63,72.65,71.25,72.5,25399700,2026-02-14T03:46:55Z
XOM,2007-01-17,37.18,37.26,36.64,36.68,60989872,72.46,72.62,71.41,71.49,31292200,2026-02-14T03:46:55Z
XOM,2007-01-18,36.92,37.52,36.53,37.28,45964773,71.96,73.13,71.19,72.67,23583200,2026-02-14T03:46:55Z
XOM,2007-01-19,37.73,37.78,37.04,37.2,46607791,73.53,73.63,72.2,72.5,23913100,2026-02-14T03:46:55Z
XOM,2007-01-22,37.4,37.84,37.2,37.79,42741816,72.9,73.75,72.5,73.65,21929600,2026-02-14T03:46:55Z
XOM,2007-01-23,38.22,38.43,37.7,37.74,56555464,74.49,74.91,73.47,73.55,29017000,2026-02-14T03:46:55Z
XOM,2007-01-24,38.43,38.48,37.84,38.22,38564464,74.9,74.99,73.75,74.5,19786300,2026-02-14T03:46:55Z
XOM,2007-01-25,37.72,38.45,37.64,38.28,44107124,73.52,74.94,73.36,74.62,22630100,2026-02-14T03:46:55Z
XOM,2007-01-26,37.77,38.22,37.69,37.91,39967520,73.61,74.49,73.45,73.89,20506200,2026-02-14T03:46:55Z
XOM,2007-01-29,37.56,38.01,37.35,37.79,33845799,73.2,74.09,72.8,73.65,17365300,2026-02-14T03:46:55Z
XOM,2007-01-30,38.17,38.27,37.62,37.69,42081841,74.39,74.59,73.33,73.45,21591000,2026-02-14T03:46:55Z
XOM,2007-01-31,38.02,38.34,37.7,38.17,47263780,74.1,74.72,73.48,74.39,24249700,2026-02-14T03:46:55Z
XOM,2007-02-01,38.52,38.62,37.87,38.27,49053601,75.08,75.28,73.81,74.58,25168000,2026-02-14T03:46:55Z
XOM,2007-02-02,38.76,38.89,38.2,38.48,47363209,75.54,75.79,74.45,75,24300700,2026-02-14T03:46:55Z
XOM,2007-02-05,38.82,38.93,38.51,38.81,35413404,75.67,75.88,75.06,75.65,18169600,2026-02-14T03:46:55Z
XOM,2007-02-06,38.72,38.98,38.5,38.92,31618185,75.46,75.97,75.04,75.86,16222400,2026-02-14T03:46:55Z
XOM,2007-02-07,38.54,39.1,38.4,38.85,35183671,74.79,75.88,74.53,75.4,18128600,2026-02-14T03:46:55Z
XOM,2007-02-08,38.88,38.97,38.25,38.27,36375430,75.46,75.63,74.24,74.28,18742700,2026-02-14T03:46:55Z
XOM,2007-02-09,38.76,39.02,38.6,38.88,34418194,75.22,75.73,74.91,75.46,17734200,2026-02-14T03:46:55Z
XOM,2007-02-12,38.44,38.68,38.3,38.61,32167697,74.6,75.07,74.33,74.93,16574600,2026-02-14T03:46:55Z
XOM,2007-02-13,38.88,38.9,38.43,38.54,30747793,75.45,75.5,74.59,74.8,15843000,2026-02-14T03:46:55Z
XOM,2007-02-14,38.95,39.16,38.64,39.11,34252639,75.6,76,74.99,75.9,17648900,2026-02-14T03:46:55Z
XOM,2007-02-15,38.82,38.9,38.5,38.74,34690315,75.34,75.49,74.72,75.19,17874400,2026-02-14T03:46:55Z
XOM,2007-02-16,38.79,38.93,38.65,38.78,35575837,75.29,75.55,75.01,75.26,18330700,2026-02-14T03:46:55Z
XOM,2007-02-20,38.58,38.67,38.28,38.59,30744342,74.87,75.05,74.29,74.9,15841200,2026-02-14T03:46:55Z
XOM,2007-02-21,38.53,38.78,38.26,38.5,34721138,74.78,75.27,74.25,74.72,17890300,2026-02-14T03:46:55Z
XOM,2007-02-22,38.69,38.75,38.23,38.45,33314826,75.08,75.21,74.2,74.62,17165700,2026-02-14T03:46:55Z
XOM,2007-02-23,38.76,38.93,38.67,38.79,34445560,75.22,75.55,75.04,75.29,17748300,2026-02-14T03:46:55Z
XOM,2007-02-26,38.85,39.21,38.78,38.91,34552728,75.4,76.1,75.26,75.52,17803500,2026-02-14T03:46:55Z
XOM,2007-02-27,37.01,38.76,36.78,38.59,67444616,71.83,75.23,71.38,74.89,34751300,2026-02-14T03:46:55Z
XOM,2007-02-28,36.93,37.92,36.68,37.22,108172680,71.68,73.6,71.18,72.23,55736700,2026-02-14T03:46:55Z
XOM,2007-03-01,36.58,37.14,36.09,36.53,76545865,70.99,72.08,70.05,70.9,39440800,2026-02-14T03:46:55Z
XOM,2007-03-02,36.07,36.71,35.71,36.56,53284154,70.01,71.25,69.31,70.95,27455000,2026-02-14T03:46:55Z
XOM,2007-03-05,36.06,36.5,35.56,35.73,64139605,69.98,70.84,69.02,69.35,33048300,2026-02-14T03:46:55Z
XOM,2007-03-06,36.58,36.59,36.17,36.43,51734640,71,71.02,70.2,70.7,26656600,2026-02-14T03:46:55Z
XOM,2007-03-07,36.91,37.54,36.36,36.58,61259548,71.64,72.86,70.56,71,31564400,2026-02-14T03:46:55Z
XOM,2007-03-08,37.02,37.19,36.69,37.18,53188626,71.85,72.18,71.2,72.15,27405800,2026-02-14T03:46:55Z
XOM,2007-03-09,36.65,37.29,36.53,37.07,55644196,71.12,72.38,70.9,71.95,28671000,2026-02-14T03:46:55Z
XOM,2007-03-12,36.52,36.79,36.43,36.48,39108902,70.87,71.4,70.7,70.8,20151100,2026-02-14T03:46:55Z
XOM,2007-03-13,36.02,36.87,35.93,36.26,53136038,69.91,71.56,69.73,70.37,27378700,2026-02-14T03:46:55Z
XOM,2007-03-14,36.59,36.59,35.88,36.12,58328063,71.02,71.02,69.64,70.1,30053900,2026-02-14T03:46:55Z
XOM,2007-03-15,36.42,36.71,36.27,36.43,45690038,70.69,71.24,70.4,70.71,23542100,2026-02-14T03:46:55Z
XOM,2007-03-16,36,36.52,35.82,36.47,90784344,69.86,70.87,69.52,70.77,46777200,2026-02-14T03:46:55Z
XOM,2007-03-19,36.63,36.68,36.13,36.13,44996855,71.1,71.18,70.11,70.12,23184900,2026-02-14T03:46:55Z
XOM,2007-03-20,37.1,37.1,36.59,36.65,45965030,72,72,71.02,71.12,23683800,2026-02-14T03:46:55Z
XOM,2007-03-21,37.73,37.78,37.03,37.33,55895320,73.23,73.33,71.87,72.44,28800400,2026-02-14T03:46:55Z
XOM,2007-03-22,38.31,38.6,37.86,37.89,55117948,74.36,74.92,73.47,73.53,28399900,2026-02-14T03:46:55Z
XOM,2007-03-23,38.65,38.86,38.46,38.47,51194557,75.02,75.42,74.65,74.66,26378300,2026-02-14T03:46:55Z
XOM,2007-03-26,38.89,39,38.39,38.87,53466006,75.47,75.69,74.51,75.44,27548700,2026-02-14T03:46:55Z
XOM,2007-03-27,39.01,39.14,38.64,38.84,42305497,75.71,75.97,75,75.37,21798200,2026-02-14T03:46:55Z
XOM,2007-03-28,38.93,39.29,38.75,39.24,47986365,75.56,76.25,75.21,76.16,24725300,2026-02-14T03:46:55Z
XOM,2007-03-29,39.28,39.31,38.94,39.07,42113645,76.24,76.29,75.57,75.83,21699300,2026-02-14T03:46:55Z
XOM,2007-03-30,38.88,39.34,38.61,39.28,46617948,75.45,76.35,74.94,76.24,24020200,2026-02-14T03:46:55Z
XOM,2007-04-02,39.24,39.37,38.79,38.83,41677726,76.16,76.4,75.28,75.35,21474700,2026-02-14T03:46:55Z
XOM,2007-04-03,39.57,39.66,38.97,39.21,45854250,76.8,76.97,75.63,76.1,23626700,2026-02-14T03:46:55Z
XOM,2007-04-04,39.73,39.79,39.17,39.46,40525672,77.11,77.22,76.03,76.59,20881100,2026-02-14T03:46:55Z
XOM,2007-04-05,39.79,39.83,39.61,39.73,39345458,77.22,77.31,76.88,77.1,20273000,2026-02-14T03:46:55Z
XOM,2007-04-09,39.57,40.05,39.51,39.56,34290104,76.8,77.72,76.68,76.77,17668200,2026-02-14T03:46:55Z
XOM,2007-04-10,39.97,40.11,39.55,39.57,36288572,77.57,77.85,76.75,76.8,18697900,2026-02-14T03:46:55Z
XOM,2007-04-11,39.56,40.02,39.51,39.98,48581678,76.77,77.67,76.68,77.6,25032000,2026-02-14T03:46:55Z
XOM,2007-04-12,39.88,39.93,39.4,39.66,47079657,77.39,77.49,76.46,76.97,24258100,2026-02-14T03:46:55Z
XOM,2007-04-13,39.89,40.02,39.72,39.93,36963344,77.41,77.67,77.08,77.5,19045600,2026-02-14T03:46:55Z
XOM,2007-04-16,40.28,40.3,39.7,40.01,39821527,78.17,78.22,77.04,77.64,20518300,2026-02-14T03:46:55Z
XOM,2007-04-17,40.4,40.57,40.16,40.33,44196834,78.4,78.74,77.95,78.27,22772700,2026-02-14T03:46:55Z
XOM,2007-04-18,40.29,40.4,40.07,40.28,33825253,78.2,78.4,77.76,78.17,17428700,2026-02-14T03:46:55Z
XOM,2007-04-19,39.91,40.2,39.75,40.15,37054524,77.46,78.01,77.15,77.93,19092600,2026-02-14T03:46:55Z
XOM,2007-04-20,41.1,41.12,40.19,40.39,79784261,79.76,79.8,78,78.38,41109400,2026-02-14T03:46:55Z
XOM,2007-04-23,40.81,41.21,40.76,40.96,45836021,79.2,79.98,79.1,79.5,23617300,2026-02-14T03:46:55Z
XOM,2007-04-24,40.5,40.89,40.45,40.71,48298228,78.6,79.35,78.5,79,24886000,2026-02-14T03:46:55Z
XOM,2007-04-25,41.18,41.32,40.58,40.62,54587179,79.92,80.2,78.76,78.84,28126400,2026-02-14T03:46:55Z
XOM,2007-04-26,41.5,41.66,41,41.24,50444212,80.55,80.86,79.57,80.03,25991700,2026-02-14T03:46:55Z
XOM,2007-04-27,41.41,41.61,41.16,41.34,31952642,80.36,80.75,79.88,80.24,16463800,2026-02-14T03:46:55Z
XOM,2007-04-30,40.9,41.67,40.9,41.38,42211749,79.38,80.88,79.38,80.3,21749900,2026-02-14T03:46:55Z
XOM,2007-05-01,41.05,41.22,40.73,40.96,47287361,79.66,79.99,79.05,79.5,24365100,2026-02-14T03:46:55Z
XOM,2007-05-02,41.13,41.32,40.9,41.13,34883963,79.82,80.19,79.37,79.83,17974200,2026-02-14T03:46:55Z
XOM,2007-05-03,41.57,41.69,41.12,41.13,34769863,80.68,80.92,79.8,79.83,17915400,2026-02-14T03:46:55Z
XOM,2007-05-04,41.5,42.13,41.33,41.74,38602922,80.55,81.76,80.22,81,19890400,2026-02-14T03:46:55Z
XOM,2007-05-07,41.65,41.8,41.33,41.49,43709862,80.83,81.13,80.22,80.52,22521800,2026-02-14T03:46:55Z
XOM,2007-05-08,41.93,41.95,41.36,41.51,34851358,81.38,81.41,80.26,80.57,17957400,2026-02-14T03:46:55Z
XOM,2007-05-09,41.95,41.97,41.43,41.83,38251611,81.42,81.45,80.4,81.19,19709400,2026-02-14T03:46:55Z
XOM,2007-05-10,41.08,41.95,41.04,41.95,40105254,79.39,81.06,79.31,81.06,20753700,2026-02-14T03:46:55Z
XOM,2007-05-11,42.04,42.04,41.21,41.24,36402676,81.23,81.23,79.63,79.69,18837700,2026-02-14T03:46:55Z
XOM,2007-05-14,42.05,42.24,41.78,42.03,34142536,81.25,81.62,80.73,81.21,17668100,2026-02-14T03:46:55Z
XOM,2007-05-15,41.98,42.32,41.89,41.92,33179022,81.13,81.78,80.95,81.01,17169500,2026-02-14T03:46:55Z
XOM,2007-05-16,42.15,42.17,41.56,41.83,31720797,81.45,81.49,80.31,80.84,16414900,2026-02-14T03:46:55Z
XOM,2007-05-17,42.33,42.66,41.92,42.05,37974385,81.8,82.44,81.01,81.25,19651000,2026-02-14T03:46:55Z
XOM,2007-05-18,43.09,43.12,42.48,42.51,48329857,83.26,83.33,82.08,82.14,25009800,2026-02-14T03:46:55Z
XOM,2007-05-21,43.26,43.63,43.11,43.17,48497664,83.59,84.32,83.3,83.42,25096600,2026-02-14T03:46:55Z
XOM,2007-05-22,42.83,43.54,42.81,43.16,36897199,82.77,84.14,82.73,83.4,19093600,2026-02-14T03:46:55Z
XOM,2007-05-23,42.95,43.27,42.79,43.01,38562808,82.99,83.62,82.69,83.12,19955500,2026-02-14T03:46:55Z
XOM,2007-05-24,42.58,43.39,42.38,43.04,42470387,82.28,83.84,81.89,83.18,21977600,2026-02-14T03:46:55Z
XOM,2007-05-25,43.21,43.3,42.78,42.78,34476077,83.51,83.68,82.66,82.66,17840700,2026-02-14T03:46:55Z
XOM,2007-05-29,42.75,43.1,42.39,43.09,37198065,82.62,83.29,81.91,83.27,19249300,2026-02-14T03:46:55Z
XOM,2007-05-30,43.47,43.52,42.41,42.53,51140047,84,84.1,81.96,82.18,26464000,2026-02-14T03:46:55Z
XOM,2007-05-31,43.04,43.6,43.01,43.42,40804972,83.17,84.25,83.12,83.9,21115800,2026-02-14T03:46:55Z
XOM,2007-06-01,43.58,43.59,43.19,43.41,39391830,84.22,84.24,83.47,83.88,20384500,2026-02-14T03:46:55Z
XOM,2007-06-04,43.58,43.7,43.37,43.45,31841979,84.22,84.44,83.8,83.96,16477600,2026-02-14T03:46:55Z
XOM,2007-06-05,43.6,43.78,43.29,43.44,41048703,84.26,84.6,83.65,83.95,21241900,2026-02-14T03:46:55Z
XOM,2007-06-06,43.27,43.65,42.98,43.56,41325924,83.62,84.35,83.05,84.17,21385400,2026-02-14T03:46:55Z
XOM,2007-06-07,42.41,43.71,42.31,43.16,56489083,81.96,84.47,81.76,83.4,29232000,2026-02-14T03:46:55Z
XOM,2007-06-08,42.79,42.8,42.04,42.31,45213284,82.68,82.71,81.23,81.77,23397000,2026-02-14T03:46:55Z
XOM,2007-06-11,42.98,43.39,42.61,42.79,32151497,83.06,83.85,82.34,82.68,16637800,2026-02-14T03:46:55Z
XOM,2007-06-12,42.43,43.11,42.41,42.83,42106515,82,83.31,81.95,82.77,21789300,2026-02-14T03:46:55Z
XOM,2007-06-13,43.13,43.21,42.56,42.6,52446804,83.35,83.5,82.25,82.32,27140200,2026-02-14T03:46:55Z
XOM,2007-06-14,43.87,43.97,43.18,43.18,37875561,84.77,84.97,83.45,83.45,19599900,2026-02-14T03:46:55Z
XOM,2007-06-15,44.47,44.74,44.01,44.02,58237717,85.94,86.45,85.04,85.07,30136900,2026-02-14T03:46:55Z
XOM,2007-06-18,44.69,44.8,44.43,44.55,34299583,86.36,86.58,85.86,86.09,17749400,2026-02-14T03:46:55Z
XOM,2007-06-19,44.42,44.73,44.35,44.6,37741453,85.84,86.43,85.71,86.19,19530500,2026-02-14T03:46:55Z
XOM,2007-06-20,42.86,44.47,42.83,44.44,54086593,82.82,85.94,82.77,85.88,27988800,2026-02-14T03:46:55Z
XOM,2007-06-21,43.62,43.82,43.01,43.14,62172984,84.3,84.68,83.12,83.36,32173300,2026-02-14T03:46:55Z
XOM,2007-06-22,42.7,43.57,42.49,43.57,75740420,82.52,84.2,82.11,84.2,39194200,2026-02-14T03:46:55Z
XOM,2007-06-25,42.62,43.34,42.49,42.64,49760873,82.37,83.76,82.11,82.4,25750300,2026-02-14T03:46:55Z
XOM,2007-06-26,42.34,43,42.21,42.77,52032433,81.82,83.09,81.56,82.64,26925800,2026-02-14T03:46:55Z
XOM,2007-06-27,43.2,43.22,41.84,42.08,49927459,83.48,83.52,80.85,81.32,25836500,2026-02-14T03:46:55Z
XOM,2007-06-28,43.26,43.67,43.04,43.37,38565677,83.6,84.39,83.18,83.81,19957000,2026-02-14T03:46:55Z
XOM,2007-06-29,43.41,43.98,42.98,43.55,47787075,83.88,84.99,83.06,84.15,24728900,2026-02-14T03:46:55Z
XOM,2007-07-02,43.89,43.99,43.53,43.73,38859430,84.82,85,84.12,84.5,20109000,2026-02-14T03:46:55Z
XOM,2007-07-03,44.17,44.32,43.8,43.99,18251482,85.36,85.65,84.64,85,9444800,2026-02-14T03:46:55Z
XOM,2007-07-05,44.07,44.44,43.55,44.19,34725708,85.16,85.87,84.15,85.39,17969900,2026-02-14T03:46:55Z
XOM,2007-07-06,44.74,45,44.18,44.31,44434294,86.46,86.95,85.37,85.63,22993900,2026-02-14T03:46:55Z
XOM,2007-07-09,45.25,45.48,44.63,44.78,37084098,87.44,87.89,86.25,86.53,19190300,2026-02-14T03:46:55Z
XOM,2007-07-10,44.76,45.52,44.67,45,50226970,86.5,87.97,86.32,86.95,25991500,2026-02-14T03:46:55Z
XOM,2007-07-11,45.17,45.22,44.45,44.71,39236433,87.29,87.38,85.9,86.4,20304100,2026-02-14T03:46:55Z
XOM,2007-07-12,46.38,46.43,45.17,45.38,47850892,89.62,89.73,87.29,87.7,24761900,2026-02-14T03:46:55Z
XOM,2007-07-13,46.74,46.99,46.26,46.42,44292991,90.33,90.8,89.39,89.7,22920800,2026-02-14T03:46:55Z
XOM,2007-07-16,46.42,46.69,45.92,46.23,43301533,89.7,90.22,88.73,89.33,22407700,2026-02-14T03:46:55Z
XOM,2007-07-17,46.1,46.86,46.06,46.66,45398168,89.09,90.56,89.01,90.17,23492700,2026-02-14T03:46:55Z
XOM,2007-07-18,47.17,47.3,45.93,45.96,59342655,91.15,91.4,88.75,88.82,30708700,2026-02-14T03:46:55Z
XOM,2007-07-19,47.76,47.99,47.19,47.37,48778815,92.29,92.74,91.2,91.54,25242100,2026-02-14T03:46:55Z
XOM,2007-07-20,47.58,48.17,47.23,47.61,59558518,91.94,93.09,91.27,92.01,30820400,2026-02-14T03:46:55Z
XOM,2007-07-23,48.35,48.45,47.25,47.57,47104556,93.44,93.62,91.3,91.93,24375700,2026-02-14T03:46:55Z
XOM,2007-07-24,47.01,48.07,47.01,47.88,61538070,90.84,92.89,90.84,92.52,31844800,2026-02-14T03:46:55Z
XOM,2007-07-25,48.02,48.22,46.24,47.22,60795614,92.79,93.18,89.35,91.24,31460600,2026-02-14T03:46:55Z
XOM,2007-07-26,45.66,47.09,44.78,46.79,87756558,88.23,91,86.53,90.41,45412300,2026-02-14T03:46:55Z
XOM,2007-07-27,44.29,45.8,44.24,45.49,79339142,85.59,88.5,85.49,87.91,41056500,2026-02-14T03:46:55Z
XOM,2007-07-30,44.51,44.75,43.61,44.5,68155226,86.01,86.48,84.28,86,35269000,2026-02-14T03:46:55Z
XOM,2007-07-31,44.05,45.19,43.94,44.9,65486203,85.13,87.32,84.92,86.77,33887900,2026-02-14T03:46:55Z
XOM,2007-08-01,44.42,45.18,43.27,43.98,75094486,85.84,87.3,83.61,84.99,38860000,2026-02-14T03:46:55Z
XOM,2007-08-02,44.08,44.52,43.22,44.37,71638238,85.18,86.04,83.51,85.75,37071400,2026-02-14T03:46:55Z
XOM,2007-08-03,42.47,44.44,42.19,43.79,69946213,82.08,85.88,81.53,84.62,36195800,2026-02-14T03:46:55Z
XOM,2007-08-06,43.23,43.37,41.62,42.41,78373825,83.54,83.8,80.42,81.95,40557000,2026-02-14T03:46:55Z
XOM,2007-08-07,44.35,44.75,42.7,43.03,69422874,85.7,86.48,82.52,83.15,35925000,2026-02-14T03:46:55Z
XOM,2007-08-08,45.49,45.49,44.17,44.35,70670006,87.9,87.9,85.35,85.71,36570400,2026-02-14T03:46:55Z
XOM,2007-08-09,43.43,45.09,43.43,44.52,69227536,83.6,86.79,83.6,85.69,35967100,2026-02-14T03:46:55Z
XOM,2007-08-10,43.91,44.24,42.66,42.82,63186703,84.51,85.15,82.1,82.41,32828600,2026-02-14T03:46:55Z
XOM,2007-08-13,43.08,44.29,42.87,44.29,48794323,82.92,85.24,82.51,85.24,25351100,2026-02-14T03:46:55Z
XOM,2007-08-14,43.19,43.59,42.6,43.3,57865256,83.13,83.9,81.99,83.34,30063900,2026-02-14T03:46:55Z
XOM,2007-08-15,42.44,43.85,42.27,43.26,53172215,81.69,84.4,81.36,83.27,27625600,2026-02-14T03:46:55Z
XOM,2007-08-16,41.91,42.57,40.92,42.01,95043006,80.67,81.93,78.76,80.85,49379600,2026-02-14T03:46:55Z
XOM,2007-08-17,43.71,44.05,42.59,42.78,69401074,84.14,84.78,81.98,82.34,36057300,2026-02-14T03:46:55Z
XOM,2007-08-20,43.92,44.15,43.02,43.56,45290409,84.53,84.98,82.8,83.85,23530600,2026-02-14T03:46:55Z
XOM,2007-08-21,43.2,43.99,42.87,43.9,46149919,83.15,84.67,82.51,84.5,23977200,2026-02-14T03:46:55Z
XOM,2007-08-22,43.42,43.77,43.14,43.5,43368480,83.58,84.24,83.03,83.73,22532100,2026-02-14T03:46:55Z
XOM,2007-08-23,43.51,43.93,43.15,43.67,46528742,83.75,84.56,83.05,84.05,24174000,2026-02-14T03:46:55Z
XOM,2007-08-24,44.52,44.6,43.51,44.3,40475449,85.69,85.85,83.74,85.26,21029000,2026-02-14T03:46:55Z
XOM,2007-08-27,44.22,44.47,44.02,44.22,31274564,85.12,85.59,84.72,85.11,16248700,2026-02-14T03:46:55Z
XOM,2007-08-28,43.12,44.09,43.12,44.09,49773514,83,84.86,83,84.86,25859800,2026-02-14T03:46:55Z
XOM,2007-08-29,44.28,44.47,43.24,43.38,45388942,85.23,85.6,83.22,83.49,23581800,2026-02-14T03:46:55Z
XOM,2007-08-30,44.37,44.81,43.83,44.13,42763038,85.4,86.25,84.36,84.93,22217500,2026-02-14T03:46:55Z
XOM,2007-08-31,44.54,45.2,44.38,44.96,42187105,85.73,86.99,85.41,86.54,21918300,2026-02-14T03:46:55Z
XOM,2007-09-04,45.32,45.6,44.32,44.32,39157196,87.23,87.76,85.31,85.31,20344100,2026-02-14T03:46:55Z
XOM,2007-09-05,45.32,45.4,44.83,45.15,41108118,87.22,87.39,86.28,86.91,21357700,2026-02-14T03:46:55Z
XOM,2007-09-06,45.46,45.85,45.21,45.55,39957681,87.49,88.24,87.02,87.67,20760000,2026-02-14T03:46:55Z
XOM,2007-09-07,44.55,45.27,44.27,45.06,45864510,85.75,87.14,85.21,86.72,23828900,2026-02-14T03:46:55Z
XOM,2007-09-10,44.09,44.81,43.58,44.51,53195665,84.86,86.24,83.88,85.67,27637800,2026-02-14T03:46:55Z
XOM,2007-09-11,45.17,45.32,43.94,44.26,50867184,86.94,87.23,84.57,85.19,26428000,2026-02-14T03:46:55Z
XOM,2007-09-12,45.54,45.91,45.06,45.08,48381735,87.65,88.37,86.73,86.77,25136700,2026-02-14T03:46:55Z
XOM,2007-09-13,46.04,46.32,45.57,45.64,42363798,88.62,89.15,87.71,87.85,22010100,2026-02-14T03:46:55Z
XOM,2007-09-14,46.07,46.59,45.65,45.77,45584253,88.67,89.68,87.87,88.1,23683300,2026-02-14T03:46:55Z
XOM,2007-09-17,46.38,46.62,45.88,45.98,36549157,89.26,89.74,88.3,88.5,18989100,2026-02-14T03:46:55Z
XOM,2007-09-18,47.67,47.76,46.32,46.56,50831495,91.76,91.93,89.16,89.62,26409500,2026-02-14T03:46:55Z
XOM,2007-09-19,47.86,48.37,47.73,47.95,52191560,92.12,93.1,91.87,92.3,27116100,2026-02-14T03:46:55Z
XOM,2007-09-20,47.85,48.13,47.72,48.02,35816808,92.09,92.63,91.84,92.42,18608600,2026-02-14T03:46:55Z
XOM,2007-09-21,47.96,48.53,47.85,48.23,66093625,92.31,93.4,92.09,92.83,34338900,2026-02-14T03:46:55Z
XOM,2007-09-24,47.66,48.07,47.44,47.84,43129461,91.73,92.52,91.3,92.08,22407900,2026-02-14T03:46:55Z
XOM,2007-09-25,47.78,47.78,46.87,47.11,49780981,91.96,91.96,90.21,90.68,25863700,2026-02-14T03:46:55Z
XOM,2007-09-26,47.99,48.19,47.54,48.02,44935845,92.37,92.75,91.51,92.43,23346400,2026-02-14T03:46:55Z
XOM,2007-09-27,48.3,48.47,47.63,48.27,34621737,92.97,93.3,91.68,92.9,17987700,2026-02-14T03:46:55Z
XOM,2007-09-28,48.09,48.66,47.87,48.39,38518754,92.56,93.66,92.14,93.13,20012400,2026-02-14T03:46:55Z
XOM,2007-10-01,48.81,48.83,47.91,48.03,37159482,93.95,93.99,92.21,92.45,19306200,2026-02-14T03:46:55Z
XOM,2007-10-02,47.92,48.53,47.44,48.48,41453555,92.24,93.4,91.3,93.32,21537200,2026-02-14T03:46:55Z
XOM,2007-10-03,47.45,47.63,47.13,47.61,34876335,91.33,91.68,90.72,91.63,18120000,2026-02-14T03:46:55Z
XOM,2007-10-04,47.24,47.62,46.93,47.46,55547093,90.92,91.65,90.33,91.34,28859500,2026-02-14T03:46:55Z
XOM,2007-10-05,47.47,47.62,47.09,47.38,36552199,91.36,91.65,90.64,91.2,18990700,2026-02-14T03:46:55Z
XOM,2007-10-08,47.11,47.19,46.84,47.07,24709456,90.68,90.82,90.16,90.6,12837800,2026-02-14T03:46:55Z
XOM,2007-10-09,48.15,48.2,47.27,47.27,33945718,92.67,92.78,90.99,90.99,17636500,2026-02-14T03:46:55Z
XOM,2007-10-10,48.39,48.67,47.57,47.64,35299000,93.13,93.68,91.55,91.69,18339600,2026-02-14T03:46:55Z
XOM,2007-10-11,48.14,49.39,47.73,48.63,40197292,92.66,95.07,91.87,93.6,20884500,2026-02-14T03:46:55Z
XOM,2007-10-12,48.57,48.76,48.22,48.37,29167184,93.48,93.84,92.81,93.1,15153800,2026-02-14T03:46:55Z
XOM,2007-10-15,49.26,49.44,48.92,48.92,49179707,94.82,95.15,94.15,94.15,25551300,2026-02-14T03:46:55Z
XOM,2007-10-16,49.22,49.47,49.08,49.22,42195995,94.74,95.22,94.46,94.74,21922900,2026-02-14T03:46:55Z
XOM,2007-10-17,49.25,49.5,48.49,49.4,51117742,94.8,95.27,93.33,95.08,26558200,2026-02-14T03:46:55Z
XOM,2007-10-18,49.38,49.48,48.92,49.17,39443963,95.05,95.24,94.15,94.63,20493100,2026-02-14T03:46:55Z
XOM,2007-10-19,47.87,49.23,47.8,49.2,66320328,92.14,94.75,92,94.7,34456700,2026-02-14T03:46:55Z
XOM,2007-10-22,47.23,47.63,46.59,47.37,48455193,90.91,91.68,89.67,91.17,25174900,2026-02-14T03:46:55Z
XOM,2007-10-23,47.46,48.01,46.76,47.52,46406499,91.35,92.4,90,91.47,24110500,2026-02-14T03:46:55Z
XOM,2007-10-24,47.87,47.98,47.02,47.21,46776866,92.13,92.34,90.5,90.87,24302900,2026-02-14T03:46:55Z
XOM,2007-10-25,47.58,48.05,47.08,48.05,52756226,91.57,92.49,90.62,92.49,27409500,2026-02-14T03:46:55Z
XOM,2007-10-26,47.91,48.27,47.54,48.18,40385145,92.21,92.91,91.5,92.74,20982100,2026-02-14T03:46:55Z
XOM,2007-10-29,48.64,48.98,47.95,47.99,35117753,93.61,94.27,92.29,92.36,18245400,2026-02-14T03:46:55Z
XOM,2007-10-30,47.35,48.42,47.15,48.28,39488778,91.14,93.19,90.76,92.93,20516400,2026-02-14T03:46:55Z
XOM,2007-10-31,47.79,47.89,47.02,47.52,61810608,91.99,92.18,90.5,91.46,32113700,2026-02-14T03:46:55Z
XOM,2007-11-01,45.98,47.25,45.72,46.67,68498816,88.5,90.95,88,89.83,35588500,2026-02-14T03:46:55Z
XOM,2007-11-02,45.68,46.34,45.12,46.08,55868001,87.93,89.2,86.84,88.69,29026200,2026-02-14T03:46:55Z
XOM,2007-11-05,45.54,45.86,44.95,45.21,47782755,87.66,88.27,86.51,87.02,24825500,2026-02-14T03:46:55Z
XOM,2007-11-06,46.96,47.02,45.6,45.6,48989153,90.38,90.5,87.76,87.76,25452300,2026-02-14T03:46:55Z
XOM,2007-11-07,45.48,46.99,45.46,46.83,52513949,87.2,90.1,87.16,89.78,27389700,2026-02-14T03:46:55Z
XOM,2007-11-08,46.64,46.96,45.7,45.85,62708099,89.42,90.04,87.61,87.91,32706600,2026-02-14T03:46:55Z
XOM,2007-11-09,45.3,46.41,45.13,46.39,52923349,86.85,88.99,86.52,88.94,27603200,2026-02-14T03:46:55Z
XOM,2007-11-12,44.09,45.06,43.68,44.98,55455488,84.54,86.4,83.74,86.24,28923900,2026-02-14T03:46:55Z
XOM,2007-11-13,45.31,45.38,43.48,43.99,49176717,86.88,87,83.37,84.35,25649100,2026-02-14T03:46:55Z
XOM,2007-11-14,45.02,46.23,44.72,45.62,40848020,86.31,88.64,85.74,87.46,21305100,2026-02-14T03:46:55Z
XOM,2007-11-15,44.07,45.2,43.73,44.7,45455691,84.49,86.67,83.85,85.7,23708300,2026-02-14T03:46:55Z
XOM,2007-11-16,44.39,44.99,44.07,44.42,58184911,85.1,86.26,84.5,85.16,30347500,2026-02-14T03:46:55Z
XOM,2007-11-19,43.87,44.56,43.81,44.14,39896896,84.11,85.43,84,84.63,20809000,2026-02-14T03:46:55Z
XOM,2007-11-20,45.8,46.27,44.32,44.32,61050396,87.82,88.72,84.97,84.98,31842000,2026-02-14T03:46:55Z
XOM,2007-11-21,45.4,46.22,45.24,45.88,43808935,87.04,88.62,86.73,87.96,22849400,2026-02-14T03:46:55Z
XOM,2007-11-23,46.05,46.12,45.33,45.4,17007502,88.29,88.43,86.91,87.05,8870600,2026-02-14T03:46:55Z
XOM,2007-11-26,44.69,46.31,44.58,45.96,44035142,85.68,88.78,85.47,88.12,22967400,2026-02-14T03:46:55Z
XOM,2007-11-27,45.05,45.16,43.81,44.45,53573267,86.38,86.58,84,85.23,27942200,2026-02-14T03:46:55Z
XOM,2007-11-28,45.86,46.04,44.86,45.31,56820601,87.92,88.27,86.01,86.88,29635900,2026-02-14T03:46:55Z
XOM,2007-11-29,46.21,46.66,45.64,45.64,43024794,88.59,89.46,87.5,87.5,22440400,2026-02-14T03:46:55Z
XOM,2007-11-30,46.5,46.67,45.8,46.17,54056503,89.16,89.47,87.81,88.52,28194200,2026-02-14T03:46:55Z
XOM,2007-12-03,46.34,46.51,45.97,46.4,42649971,88.85,89.18,88.14,88.97,22244900,2026-02-14T03:46:55Z
XOM,2007-12-04,45.96,46.33,45.75,45.99,32242112,88.12,88.83,87.71,88.18,16816500,2026-02-14T03:46:55Z
XOM,2007-12-05,46.9,47.23,46.29,46.29,45924491,89.92,90.55,88.76,88.76,23952800,2026-02-14T03:46:55Z
XOM,2007-12-06,47.69,47.81,46.69,46.88,40555874,91.44,91.67,89.51,89.89,21152700,2026-02-14T03:46:55Z
XOM,2007-12-07,47.72,47.98,47.34,47.59,32701115,91.5,92,90.77,91.25,17055900,2026-02-14T03:46:55Z
XOM,2007-12-10,48,48.28,47.77,47.85,29870061,92.03,92.56,91.58,91.75,15579300,2026-02-14T03:46:55Z
XOM,2007-12-11,47.09,48.48,46.94,48.17,38389127,90.28,92.95,90,92.36,20022600,2026-02-14T03:46:55Z
XOM,2007-12-12,47.94,48.55,47.4,47.86,49289276,91.92,93.09,90.87,91.77,25707800,2026-02-14T03:46:55Z
XOM,2007-12-13,48.36,48.43,47.39,47.61,37941844,92.72,92.85,90.86,91.29,19789300,2026-02-14T03:46:55Z
XOM,2007-12-14,47.56,48.45,47.56,48.07,39314037,91.18,92.89,91.18,92.16,20505000,2026-02-14T03:46:55Z
XOM,2007-12-17,46.88,47.41,46.63,47.28,43529943,89.89,90.9,89.4,90.65,22703900,2026-02-14T03:46:55Z
XOM,2007-12-18,47.68,47.75,46.44,47.32,47133874,91.42,91.54,89.04,90.72,24583600,2026-02-14T03:46:55Z
XOM,2007-12-19,47.69,47.98,47.17,47.49,37537087,91.43,92,90.44,91.06,19578200,2026-02-14T03:46:55Z
XOM,2007-12-20,48.05,48.1,47.43,47.73,28968906,92.13,92.22,90.93,91.52,15109300,2026-02-14T03:46:55Z
XOM,2007-12-21,48.73,49,48.15,48.37,66214427,93.43,93.95,92.32,92.74,34535400,2026-02-14T03:46:55Z
XOM,2007-12-24,48.85,49.03,48.68,48.77,12147949,93.66,94,93.33,93.51,6336000,2026-02-14T03:46:55Z
XOM,2007-12-26,49.45,49.55,48.84,48.86,29323802,94.81,95,93.64,93.68,15294400,2026-02-14T03:46:55Z
XOM,2007-12-27,48.86,49.54,48.86,49.45,27545329,93.67,94.98,93.67,94.81,14366800,2026-02-14T03:46:55Z
XOM,2007-12-28,49.55,49.6,48.78,49.05,33298920,95,95.1,93.52,94.05,17367700,2026-02-14T03:46:55Z
XOM,2007-12-31,48.87,49.53,48.77,49.35,26825597,93.69,94.96,93.51,94.61,13991400,2026-02-14T03:46:55Z
XOM,2008-01-02,48.77,49.31,48.39,49.11,44775015,93.51,94.55,92.78,94.15,23353300,2026-02-14T03:46:55Z
XOM,2008-01-03,48.94,49.41,48.77,48.96,36749631,93.83,94.74,93.51,93.86,19167500,2026-02-14T03:46:55Z
XOM,2008-01-04,48.03,49.22,47.92,48.63,47416329,92.08,94.36,91.88,93.24,24730900,2026-02-14T03:46:55Z
XOM,2008-01-07,47.58,48.58,47.07,48.25,55483466,91.22,93.15,90.25,92.5,28938500,2026-02-14T03:46:55Z
XOM,2008-01-08,46.97,48.01,46.77,47.91,41728697,90.05,92.05,89.68,91.86,21764400,2026-02-14T03:46:55Z
XOM,2008-01-09,47.75,47.84,46.68,47,50240474,91.56,91.73,89.5,90.11,26203900,2026-02-14T03:46:55Z
XOM,2008-01-10,47.81,48.07,46.98,47.33,52314946,91.66,92.16,90.07,90.75,27285900,2026-02-14T03:46:55Z
XOM,2008-01-11,47.1,47.91,46.94,47.47,43574661,90.3,91.86,90,91.01,22727200,2026-02-14T03:46:55Z
XOM,2008-01-14,47.37,47.59,46.98,47.38,39162339,90.83,91.25,90.08,90.84,20425900,2026-02-14T03:46:55Z
XOM,2008-01-15,46.43,46.88,46.15,46.88,50782704,89.02,89.89,88.49,89.89,26486700,2026-02-14T03:46:55Z
XOM,2008-01-16,45.13,46.6,44.81,46.13,70691068,86.53,89.35,85.91,88.45,36870300,2026-02-14T03:46:55Z
XOM,2008-01-17,43.76,45.85,43.55,45.62,65373646,83.91,87.91,83.49,87.47,34096900,2026-02-14T03:46:55Z
XOM,2008-01-18,44.38,45.1,43.19,43.81,84035846,85.08,86.47,82.8,84,43830500,2026-02-14T03:46:55Z
XOM,2008-01-22,43,43.8,41.47,41.73,95065962,82.45,83.98,79.5,80,49583500,2026-02-14T03:46:55Z
XOM,2008-01-23,43.53,43.55,40.45,41.73,90913422,83.45,83.49,77.55,80.01,47417700,2026-02-14T03:46:55Z
XOM,2008-01-24,44.86,44.89,43.31,43.96,59787977,86,86.07,83.03,84.29,31183600,2026-02-14T03:46:55Z
XOM,2008-01-25,43.78,45.37,43.6,45.25,54136659,83.94,86.99,83.6,86.75,28236000,2026-02-14T03:46:55Z
XOM,2008-01-28,44.4,44.51,43.05,43.55,45418120,85.13,85.34,82.54,83.5,23688700,2026-02-14T03:46:55Z
XOM,2008-01-29,44.38,45.04,44.05,44.45,43117777,85.08,86.36,84.45,85.22,22488900,2026-02-14T03:46:55Z
XOM,2008-01-30,44.48,45.62,43.99,44.09,46251984,85.28,87.47,84.35,84.54,24123600,2026-02-14T03:46:55Z
XOM,2008-01-31,45.06,45.06,43.34,43.93,63210379,86.4,86.4,83.1,84.22,32968600,2026-02-14T03:46:55Z
XOM,2008-02-01,44.83,45.83,44.26,45.74,54529641,85.95,87.86,84.85,87.7,28441000,2026-02-14T03:46:55Z
XOM,2008-02-04,44.56,45.01,44.26,44.88,36116758,85.44,86.29,84.85,86.04,18837400,2026-02-14T03:46:55Z
XOM,2008-02-05,42.83,43.93,42.82,43.87,58584100,82.11,84.22,82.1,84.11,30555700,2026-02-14T03:46:55Z
XOM,2008-02-06,42.48,43.33,42.29,43.13,56015191,81.44,83.07,81.09,82.69,29215800,2026-02-14T03:46:55Z
XOM,2008-02-07,42.9,43.22,42.09,42.33,50803233,81.89,82.51,80.36,80.8,26611800,2026-02-14T03:46:55Z
XOM,2008-02-08,42.8,43.16,42.41,42.95,46155859,81.71,82.4,80.96,82,24177400,2026-02-14T03:46:55Z
XOM,2008-02-11,43.59,43.63,42.45,42.88,43329482,83.22,83.3,81.04,81.85,22696900,2026-02-14T03:46:55Z
XOM,2008-02-12,44.2,44.57,43.63,43.79,48008400,84.38,85.08,83.3,83.6,25147800,2026-02-14T03:46:55Z
XOM,2008-02-13,44.78,44.89,44.26,44.37,41134333,85.49,85.7,84.5,84.71,21547000,2026-02-14T03:46:55Z
XOM,2008-02-14,44.81,45.42,44.69,44.87,41536504,85.55,86.7,85.32,85.65,21757700,2026-02-14T03:46:55Z
XOM,2008-02-15,44.72,44.84,44.21,44.62,45752268,85.37,85.6,84.39,85.19,23966000,2026-02-14T03:46:55Z
XOM,2008-02-19,45.58,46.08,45.32,45.32,42933431,87.01,87.97,86.52,86.52,22489400,2026-02-14T03:46:55Z
XOM,2008-02-20,46.15,46.41,45.14,45.21,47199165,88.1,88.6,86.17,86.31,24723900,2026-02-14T03:46:55Z
XOM,2008-02-21,45.53,46.1,45.14,45.94,57428425,86.92,88,86.18,87.71,30082200,2026-02-14T03:46:55Z
XOM,2008-02-22,45.66,45.99,45.06,45.81,44838101,87.17,87.79,86.03,87.46,23487100,2026-02-14T03:46:55Z
XOM,2008-02-25,46.69,46.81,45.61,45.66,45580901,89.13,89.37,87.07,87.17,23876200,2026-02-14T03:46:55Z
XOM,2008-02-26,47.09,47.14,46.31,46.49,40719313,89.89,90,88.4,88.75,21329600,2026-02-14T03:46:55Z
XOM,2008-02-27,46.82,47.23,46.68,46.83,38801280,89.39,90.17,89.12,89.4,20324900,2026-02-14T03:46:55Z
XOM,2008-02-28,46.82,47.14,46.54,46.68,47724720,89.38,90,88.85,89.12,24999200,2026-02-14T03:46:55Z
XOM,2008-02-29,45.58,46.77,45.18,46.5,50653639,87.01,89.29,86.25,88.77,26533400,2026-02-14T03:46:55Z
XOM,2008-03-03,45.97,46.31,45.35,45.48,44155341,87.75,88.41,86.58,86.83,23129500,2026-02-14T03:46:55Z
XOM,2008-03-04,45.41,46.09,44.79,45.82,54543300,86.69,87.99,85.5,87.47,28570900,2026-02-14T03:46:55Z
XOM,2008-03-05,45.67,45.9,45.08,45.47,58865788,87.19,87.62,86.05,86.8,30835100,2026-02-14T03:46:55Z
XOM,2008-03-06,44.27,45.61,44.23,45.54,55320249,84.51,87.07,84.44,86.93,28977900,2026-02-14T03:46:55Z
XOM,2008-03-07,43.21,44.03,42.94,43.95,58701725,82.49,84.06,81.97,83.91,30749200,2026-02-14T03:46:55Z
XOM,2008-03-10,43.19,43.74,42.95,43.35,62919323,82.46,83.5,82,82.75,32958400,2026-02-14T03:46:55Z
XOM,2008-03-11,45.4,45.41,43.77,43.97,66508601,86.68,86.68,83.55,83.94,34838600,2026-02-14T03:46:55Z
XOM,2008-03-12,45.03,45.69,44.88,45.37,50814868,85.97,87.23,85.68,86.61,26617900,2026-02-14T03:46:55Z
XOM,2008-03-13,45.6,45.83,44.47,44.7,56028326,87.05,87.5,84.9,85.33,29348800,2026-02-14T03:46:55Z
XOM,2008-03-14,45,46.02,44.42,45.96,68232754,85.91,87.86,84.79,87.74,35741700,2026-02-14T03:46:55Z
XOM,2008-03-17,44.94,45.44,43.76,43.94,74507711,85.79,86.75,83.54,83.88,39028700,2026-02-14T03:46:55Z
XOM,2008-03-18,46.34,46.34,45.11,45.37,63636873,88.47,88.47,86.12,86.61,33334300,2026-02-14T03:46:55Z
XOM,2008-03-19,44.23,46.36,44.18,46,66957236,84.43,88.5,84.35,87.81,35073600,2026-02-14T03:46:55Z
XOM,2008-03-20,44.52,44.74,43.35,43.95,85834636,85,85.41,82.75,83.9,44962000,2026-02-14T03:46:55Z
XOM,2008-03-24,45.02,45.55,44.55,44.61,42646450,85.95,86.95,85.04,85.17,22339100,2026-02-14T03:46:55Z
XOM,2008-03-25,44.63,45.25,44.17,45.19,51697291,85.2,86.38,84.33,86.26,27080100,2026-02-14T03:46:55Z
XOM,2008-03-26,45.18,45.57,44.48,44.65,43956429,86.26,87,84.91,85.23,23025300,2026-02-14T03:46:55Z
XOM,2008-03-27,45.15,45.83,45.09,45.48,41541351,86.2,87.5,86.07,86.82,21760200,2026-02-14T03:46:55Z
XOM,2008-03-28,44.64,45.61,44.53,45.08,41374845,85.22,87.08,85,86.05,21673000,2026-02-14T03:46:55Z
XOM,2008-03-31,44.3,45.25,44.31,44.89,70336212,84.58,86.38,84.58,85.69,36843600,2026-02-14T03:46:55Z
XOM,2008-04-01,45.58,45.59,44.14,44.41,45747498,87.02,87.04,84.26,84.78,23963500,2026-02-14T03:46:55Z
XOM,2008-04-02,46.37,46.68,45.41,45.49,44363852,88.52,89.12,86.69,86.85,23238700,2026-02-14T03:46:55Z
XOM,2008-04-03,46.22,46.82,46.04,46.1,38340982,88.23,89.38,87.9,88,20083800,2026-02-14T03:46:55Z
XOM,2008-04-04,46.48,46.88,46.26,46.35,35523262,88.74,89.5,88.31,88.48,18607800,2026-02-14T03:46:55Z
XOM,2008-04-07,46.58,47.12,46.46,46.79,37391068,88.92,89.95,88.69,89.32,19586200,2026-02-14T03:46:55Z
XOM,2008-04-08,46.94,47.01,46.22,46.48,30227690,89.61,89.74,88.23,88.73,15833900,2026-02-14T03:46:55Z
XOM,2008-04-09,46.99,47.22,46.68,47,41847922,89.7,90.15,89.11,89.72,21920800,2026-02-14T03:46:55Z
XOM,2008-04-10,46.91,47.14,46.44,46.9,41568653,89.55,89.99,88.66,89.53,21774500,2026-02-14T03:46:55Z
XOM,2008-04-11,46.42,47.01,46.35,46.57,34215707,88.62,89.75,88.49,88.9,17922900,2026-02-14T03:46:55Z
XOM,2008-04-14,46.99,47.13,46.37,46.48,37438778,89.7,89.98,88.53,88.74,19611200,2026-02-14T03:46:55Z
XOM,2008-04-15,47.56,47.61,46.96,47.18,37218095,90.8,90.89,89.65,90.06,19495600,2026-02-14T03:46:55Z
XOM,2008-04-16,48.66,48.72,47.54,47.62,51298664,92.89,93,90.76,90.9,26871300,2026-02-14T03:46:55Z
XOM,2008-04-17,48.91,49.13,48.3,48.44,43694511,93.38,93.79,92.2,92.48,22888100,2026-02-14T03:46:55Z
XOM,2008-04-18,49.24,49.48,48.68,48.9,49464870,94,94.45,92.93,93.36,25910700,2026-02-14T03:46:55Z
XOM,2008-04-21,49.38,49.49,48.91,49.24,32939159,94.26,94.47,93.38,94,17254200,2026-02-14T03:46:55Z
XOM,2008-04-22,49.44,49.73,49.14,49.29,39553638,94.39,94.93,93.81,94.1,20719000,2026-02-14T03:46:55Z
XOM,2008-04-23,49.35,49.49,48.45,49.38,45711620,94.22,94.48,92.5,94.27,23944700,2026-02-14T03:46:55Z
XOM,2008-04-24,48.51,49.06,48.27,48.93,44932931,92.6,93.66,92.14,93.41,23536800,2026-02-14T03:46:55Z
XOM,2008-04-25,48.43,48.93,48.04,48.83,44607022,92.46,93.4,91.71,93.21,23366100,2026-02-14T03:46:55Z
XOM,2008-04-28,48.43,49.09,48.36,48.49,33061327,92.45,93.71,92.32,92.57,17318200,2026-02-14T03:46:55Z
XOM,2008-04-29,48.08,49.05,48.08,48.41,56227829,91.79,93.64,91.79,92.42,29453300,2026-02-14T03:46:55Z
XOM,2008-04-30,48.75,49.51,48.28,48.32,56854559,93.07,94.51,92.17,92.25,29781600,2026-02-14T03:46:55Z
XOM,2008-05-01,46.99,47.37,46.25,47.2,83379322,89.7,90.43,88.3,90.1,43675800,2026-02-14T03:46:55Z
XOM,2008-05-02,46.94,47.43,46.68,47.17,52504763,89.61,90.54,89.11,90.05,27503100,2026-02-14T03:46:55Z
XOM,2008-05-05,46.89,47.43,46.76,46.99,40614082,89.51,90.55,89.26,89.7,21274500,2026-02-14T03:46:55Z
XOM,2008-05-06,47.18,47.35,46.62,46.77,53569125,90.07,90.39,89,89.28,28060600,2026-02-14T03:46:55Z
XOM,2008-05-07,46.53,47.24,46.45,47.18,52654226,88.82,90.18,88.67,90.07,27581400,2026-02-14T03:46:55Z
XOM,2008-05-08,47.11,47.12,46.37,46.62,46125702,89.93,89.95,88.52,89,24161600,2026-02-14T03:46:55Z
XOM,2008-05-09,46.73,47.14,46.29,47,45717203,88.82,89.59,87.97,89.32,24054600,2026-02-14T03:46:55Z
XOM,2008-05-12,46.93,47.08,46.09,46.53,43813776,89.19,89.47,87.6,88.43,23053100,2026-02-14T03:46:55Z
XOM,2008-05-13,47.19,47.33,46.58,46.83,40225155,89.68,89.95,88.53,89,21164900,2026-02-14T03:46:55Z
XOM,2008-05-14,47.31,47.88,47.14,47.28,45954791,89.91,90.99,89.59,89.85,24179600,2026-02-14T03:46:55Z
XOM,2008-05-15,48.04,48.04,47.33,47.53,53962187,91.3,91.3,89.96,90.33,28392800,2026-02-14T03:46:55Z
XOM,2008-05-16,48.76,48.91,48.2,48.33,56710631,92.67,92.95,91.61,91.85,29838900,2026-02-14T03:46:55Z
XOM,2008-05-19,49.65,49.77,48.67,48.89,47900976,94.36,94.59,92.5,92.91,25203600,2026-02-14T03:46:55Z
XOM,2008-05-20,49.75,49.92,49.42,49.71,51128248,94.56,94.88,93.93,94.47,26901700,2026-02-14T03:46:55Z
XOM,2008-05-21,49.29,50.58,49.18,49.79,82146152,93.67,96.12,93.46,94.63,43222100,2026-02-14T03:46:55Z
XOM,2008-05-22,48.68,49.61,48.62,49.33,60898032,92.51,94.29,92.41,93.76,32042200,2026-02-14T03:46:55Z
XOM,2008-05-23,47.72,48.91,47.7,48.74,48176699,90.7,92.96,90.66,92.64,25348700,2026-02-14T03:46:55Z
XOM,2008-05-27,47.25,47.43,46.84,47.38,49197450,89.8,90.14,89.03,90.04,25885800,2026-02-14T03:46:55Z
XOM,2008-05-28,47.58,47.66,46.77,46.9,42427924,90.43,90.58,88.88,89.13,22323900,2026-02-14T03:46:55Z
XOM,2008-05-29,47.01,47.63,46.96,47.29,46928587,89.35,90.53,89.25,89.87,24692000,2026-02-14T03:46:55Z
XOM,2008-05-30,46.7,47.28,46.52,47.13,51553369,88.76,89.86,88.42,89.58,27125400,2026-02-14T03:46:55Z
XOM,2008-06-02,46.2,46.68,46,46.35,49336983,87.81,88.71,87.42,88.09,25959200,2026-02-14T03:46:55Z
XOM,2008-06-03,45.1,46.44,45.05,46.13,59846833,85.71,88.26,85.61,87.68,31489100,2026-02-14T03:46:55Z
XOM,2008-06-04,45.12,45.63,44.72,44.88,64833010,85.75,86.73,85,85.3,34112600,2026-02-14T03:46:55Z
XOM,2008-06-05,46.99,46.99,45.31,45.38,57531105,89.31,89.31,86.12,86.25,30270600,2026-02-14T03:46:55Z
XOM,2008-06-06,45.67,47.62,45.6,47.24,65238607,86.79,90.5,86.67,89.79,34326000,2026-02-14T03:46:55Z
XOM,2008-06-09,46.87,46.9,45.86,46.1,46056587,89.07,89.13,87.16,87.61,24233200,2026-02-14T03:46:55Z
XOM,2008-06-10,46.24,46.82,45.68,46.71,51847617,87.89,88.99,86.82,88.77,27280200,2026-02-14T03:46:55Z
XOM,2008-06-11,46.62,47.04,46.18,46.63,45774989,88.61,89.4,87.77,88.63,24085000,2026-02-14T03:46:55Z
XOM,2008-06-12,45.81,46.53,45.68,46.35,61319601,87.06,88.43,86.82,88.09,32264000,2026-02-14T03:46:55Z
XOM,2008-06-13,46.49,46.51,45.42,45.53,40007893,88.36,88.4,86.32,86.53,21050600,2026-02-14T03:46:55Z
XOM,2008-06-16,46.3,46.68,46.19,46.56,35167945,87.99,88.71,87.79,88.49,18504000,2026-02-14T03:46:55Z
XOM,2008-06-17,46.63,46.82,46.03,46.23,41862652,88.62,88.99,87.48,87.87,22026500,2026-02-14T03:46:55Z
XOM,2008-06-18,46.21,46.65,45.88,46.24,44662205,87.83,88.66,87.2,87.89,23499500,2026-02-14T03:46:55Z
XOM,2008-06-19,45.14,46.41,44.99,46.33,50562716,85.79,88.2,85.5,88.06,26604100,2026-02-14T03:46:55Z
XOM,2008-06-20,44.68,45.48,44.6,45.38,68773294,84.91,86.43,84.77,86.24,36185800,2026-02-14T03:46:55Z
XOM,2008-06-23,46.14,46.14,44.77,44.78,44855870,87.7,87.7,85.09,85.1,23601400,2026-02-14T03:46:55Z
XOM,2008-06-24,45.73,46.3,45.43,46.06,41026618,86.92,88,86.34,87.53,21586600,2026-02-14T03:46:55Z
XOM,2008-06-25,46.09,46.57,45.22,45.92,51543350,87.6,88.5,85.95,87.27,27120100,2026-02-14T03:46:55Z
XOM,2008-06-26,45.47,46.58,45.44,46.18,50060885,86.41,88.52,86.37,87.76,26340100,2026-02-14T03:46:55Z
XOM,2008-06-27,45.54,46.06,45.32,45.69,53754311,86.55,87.54,86.14,86.84,28283400,2026-02-14T03:46:55Z
XOM,2008-06-30,46.37,46.41,45.68,45.68,51193798,88.13,88.2,86.81,86.81,26936200,2026-02-14T03:46:55Z
XOM,2008-07-01,46.49,46.49,45.65,46.23,49462072,88.35,88.35,86.75,87.87,26025000,2026-02-14T03:46:55Z
XOM,2008-07-02,45.99,47.16,45.9,46.57,65149882,87.41,89.63,87.24,88.5,34279300,2026-02-14T03:46:55Z
XOM,2008-07-03,46.44,47.11,45.72,46.29,43950454,88.27,89.53,86.9,87.97,23125000,2026-02-14T03:46:55Z
XOM,2008-07-07,45.75,46.77,45.45,46.23,56337885,86.95,88.88,86.38,87.86,29642800,2026-02-14T03:46:55Z
XOM,2008-07-08,45.22,45.67,44.65,45.31,68241624,85.94,86.79,84.86,86.12,35906100,2026-02-14T03:46:55Z
XOM,2008-07-09,44.36,45.88,44.26,45.38,55272475,84.31,87.2,84.12,86.25,29082200,2026-02-14T03:46:55Z
XOM,2008-07-10,45.28,45.28,44.07,44.36,58828593,86.06,86.06,83.76,84.3,30953300,2026-02-14T03:46:55Z
XOM,2008-07-11,44.98,45.59,44.36,45.4,55946616,85.48,86.64,84.31,86.28,29436900,2026-02-14T03:46:55Z
XOM,2008-07-14,44.94,45.5,44.45,45.25,40962342,85.42,86.47,84.48,86,21552800,2026-02-14T03:46:55Z
XOM,2008-07-15,43.25,45.08,43.08,45.07,65389258,82.19,85.67,81.87,85.65,34405300,2026-02-14T03:46:55Z
XOM,2008-07-16,42.52,43.14,41.78,43.09,76798301,80.81,81.99,79.41,81.89,40408300,2026-02-14T03:46:55Z
XOM,2008-07-17,42.27,43.04,41.62,42.78,74489585,80.33,81.79,79.1,81.3,39193500,2026-02-14T03:46:55Z
XOM,2008-07-18,42.9,42.9,42.06,42.42,68684441,81.54,81.54,79.93,80.63,36139100,2026-02-14T03:46:55Z
XOM,2008-07-21,43.66,43.66,42.68,43.06,47144167,82.98,82.98,81.11,81.84,24805400,2026-02-14T03:46:55Z
XOM,2008-07-22,43.6,43.79,42.92,43.44,53042700,82.86,83.23,81.57,82.56,27909000,2026-02-14T03:46:55Z
XOM,2008-07-23,42.61,43.67,42.41,43.66,59072190,80.99,83,80.6,82.98,31081500,2026-02-14T03:46:55Z
XOM,2008-07-24,42.51,43.12,41.95,42.72,69919867,80.8,81.95,79.73,81.2,36789100,2026-02-14T03:46:55Z
XOM,2008-07-25,42.99,43.36,42.49,42.64,52367495,81.7,82.41,80.76,81.04,27553700,2026-02-14T03:46:55Z
XOM,2008-07-28,42.45,43.27,42.44,43.08,45646644,80.68,82.23,80.65,81.87,24017500,2026-02-14T03:46:55Z
XOM,2008-07-29,42.57,42.72,41.96,42.53,49167110,80.9,81.2,79.75,80.83,25869800,2026-02-14T03:46:55Z
XOM,2008-07-30,44.4,44.6,42.37,42.57,69201009,84.38,84.76,80.53,80.9,36410900,2026-02-14T03:46:55Z
XOM,2008-07-31,42.32,43.44,42.19,43.05,77681223,80.43,82.55,80.19,81.82,40872800,2026-02-14T03:46:55Z
XOM,2008-08-01,41.95,42.67,41.8,42.38,54672940,79.72,81.1,79.45,80.55,28766800,2026-02-14T03:46:55Z
XOM,2008-08-04,40.3,42.16,40.06,41.9,72006717,76.6,80.13,76.14,79.63,37887100,2026-02-14T03:46:55Z
XOM,2008-08-05,41.22,41.23,40.1,40.25,76190580,78.35,78.35,76.21,76.5,40088500,2026-02-14T03:46:55Z
XOM,2008-08-06,41.21,41.38,40.64,41.3,58519339,78.33,78.65,77.24,78.5,30790600,2026-02-14T03:46:55Z
XOM,2008-08-07,40.75,41.63,40.68,41.4,48174238,77.44,79.11,77.31,78.68,25347400,2026-02-14T03:46:55Z
XOM,2008-08-08,41.42,41.49,40.15,40.46,55721340,78.72,78.85,76.31,76.9,29318400,2026-02-14T03:46:55Z
XOM,2008-08-11,41.33,41.75,40.74,41.53,46453190,78.16,78.95,77.04,78.52,24566700,2026-02-14T03:46:55Z
XOM,2008-08-12,40.66,41.59,40.46,41.55,49170125,76.88,78.65,76.51,78.57,26003500,2026-02-14T03:46:55Z
XOM,2008-08-13,41.34,41.58,40.62,40.62,57970645,78.17,78.63,76.8,76.81,30657700,2026-02-14T03:46:55Z
XOM,2008-08-14,40.96,41.33,40.67,41.11,48876774,77.45,78.15,76.91,77.73,25848400,2026-02-14T03:46:55Z
XOM,2008-08-15,40.76,40.87,40.29,40.77,49693879,77.07,77.28,76.19,77.09,26280500,2026-02-14T03:46:55Z
XOM,2008-08-18,40.47,41.28,40.35,40.97,43384796,76.53,78.05,76.3,77.46,22944000,2026-02-14T03:46:55Z
XOM,2008-08-19,41.22,41.39,40.39,40.39,41853800,77.95,78.27,76.37,76.37,22134300,2026-02-14T03:46:55Z
XOM,2008-08-20,41.68,42.13,40.92,41.54,49106558,78.81,79.66,77.38,78.54,25969900,2026-02-14T03:46:55Z
XOM,2008-08-21,42.49,42.81,41.78,41.93,46589876,80.35,80.95,79,79.28,24639000,2026-02-14T03:46:55Z
XOM,2008-08-22,42.47,42.68,41.86,42.31,37181000,80.3,80.7,79.15,80,19663100,2026-02-14T03:46:55Z
XOM,2008-08-25,41.63,42.6,41.59,42.45,39018798,78.71,80.56,78.64,80.27,20635000,2026-02-14T03:46:55Z
XOM,2008-08-26,42.28,42.31,41.68,41.68,35460848,79.95,80,78.82,78.82,18753400,2026-02-14T03:46:55Z
XOM,2008-08-27,42.56,42.99,42.31,42.66,38559092,80.47,81.28,80,80.67,20391900,2026-02-14T03:46:55Z
XOM,2008-08-28,42.93,42.94,42.25,42.87,38363936,81.18,81.19,79.89,81.06,20288700,2026-02-14T03:46:55Z
XOM,2008-08-29,42.31,43.1,42.31,43.1,41713905,80.01,81.5,80.01,81.5,22060300,2026-02-14T03:46:55Z
XOM,2008-09-02,40.89,41.72,40.87,41.27,60086304,77.32,78.89,77.28,78.04,31776500,2026-02-14T03:46:55Z
XOM,2008-09-03,41.26,41.57,40.73,40.75,51082564,78.02,78.6,77.01,77.05,27014900,2026-02-14T03:46:55Z
XOM,2008-09-04,40.27,41.43,40.03,41.08,60889118,76.14,78.34,75.7,77.68,32201100,2026-02-14T03:46:55Z
XOM,2008-09-05,39.99,40.4,39.5,40.18,52699811,75.62,76.39,74.69,75.98,27870200,2026-02-14T03:46:55Z
XOM,2008-09-08,40.6,41.01,40.19,40.59,59040724,76.77,77.55,76,76.76,31223600,2026-02-14T03:46:55Z
XOM,2008-09-09,38.74,40.72,38.74,40.24,72749078,73.26,76.99,73.26,76.08,38473200,2026-02-14T03:46:55Z
XOM,2008-09-10,39.8,40.09,38.89,39.07,59372846,75.25,75.8,73.54,73.88,31399200,2026-02-14T03:46:55Z
XOM,2008-09-11,39.96,40.06,38.93,39.43,67392822,75.56,75.75,73.62,74.56,35640600,2026-02-14T03:46:55Z
XOM,2008-09-12,40.99,41.09,39.93,39.93,54174953,77.5,77.7,75.51,75.51,28650300,2026-02-14T03:46:55Z
XOM,2008-09-15,38.74,41.2,38.74,39.63,75990491,73.25,77.9,73.25,74.94,40187400,2026-02-14T03:46:55Z
XOM,2008-09-16,40.42,40.59,37.82,38.06,79354276,76.43,76.75,71.51,71.96,41966400,2026-02-14T03:46:55Z
XOM,2008-09-17,39.81,41.84,39.57,39.98,82231143,75.28,79.12,74.82,75.6,43487800,2026-02-14T03:46:55Z
XOM,2008-09-18,41.12,41.12,39.43,40.35,91203591,77.75,77.75,74.55,76.29,48232800,2026-02-14T03:46:55Z
XOM,2008-09-19,42.1,43.37,41.37,42.57,111250269,79.61,82,78.22,80.49,58834500,2026-02-14T03:46:55Z
XOM,2008-09-22,41.72,43.26,41.53,42.41,60507598,78.88,81.8,78.53,80.2,31999300,2026-02-14T03:46:55Z
XOM,2008-09-23,41.09,42.57,41.03,41.55,52698887,77.69,80.5,77.58,78.57,27869700,2026-02-14T03:46:55Z
XOM,2008-09-24,41.27,42.04,40.73,41.22,52074710,78.03,79.5,77.02,77.95,27539600,2026-02-14T03:46:55Z
XOM,2008-09-25,42.66,43,41.52,41.54,68347939,80.67,81.3,78.5,78.54,36145700,2026-02-14T03:46:55Z
XOM,2008-09-26,42.65,42.85,41.57,41.8,54723088,80.65,81.03,78.61,79.03,28940200,2026-02-14T03:46:55Z
XOM,2008-09-29,39.17,42.31,39.17,41.74,108944106,74.06,80,74.06,78.92,57614900,2026-02-14T03:46:55Z
XOM,2008-09-30,41.07,41.57,39.75,39.97,79481509,77.66,78.61,75.17,75.58,42033700,2026-02-14T03:46:55Z
XOM,2008-10-01,41.56,41.9,39.63,40.82,64927884,78.58,79.23,74.93,77.19,34337000,2026-02-14T03:46:55Z
XOM,2008-10-02,40.99,42,40.42,41.13,83389786,77.5,79.41,76.44,77.77,44100500,2026-02-14T03:46:55Z
XOM,2008-10-03,41.22,43.23,41.01,41.17,83544075,77.94,81.75,77.55,77.85,44182100,2026-02-14T03:46:55Z
XOM,2008-10-06,40.89,40.99,38.99,40.01,124681659,77.32,77.5,73.73,75.65,65937600,2026-02-14T03:46:55Z
XOM,2008-10-07,40.23,42.24,39.64,41.26,118734581,76.07,79.88,74.96,78.01,62792600,2026-02-14T03:46:55Z
XOM,2008-10-08,40.72,41.99,39.14,39.59,141710455,77,79.39,74,74.86,74943296,2026-02-14T03:46:55Z
XOM,2008-10-09,35.96,41.49,35.68,41.04,130071265,68,78.45,67.47,77.6,68788000,2026-02-14T03:46:55Z
XOM,2008-10-10,32.98,34.94,29.89,33.77,213433857,62.36,66.06,56.51,63.86,112874200,2026-02-14T03:46:55Z
XOM,2008-10-13,38.65,39,33.78,34.33,122663635,73.08,73.74,63.88,64.92,64870400,2026-02-14T03:46:55Z
XOM,2008-10-14,38.32,40.01,36.34,39.69,121256466,72.46,75.66,68.71,75.05,64126200,2026-02-14T03:46:55Z
XOM,2008-10-15,32.97,37.42,32.43,37.42,115817672,62.35,70.76,61.33,70.76,61250000,2026-02-14T03:46:55Z
XOM,2008-10-16,36.73,36.85,31.29,33.44,147706098,69.45,69.68,59.17,63.24,78114096,2026-02-14T03:46:55Z
XOM,2008-10-17,35.98,38.31,34.69,35.47,110427438,68.04,72.44,65.6,67.07,58399300,2026-02-14T03:46:55Z
XOM,2008-10-20,39.66,39.66,36.88,36.92,84854840,74.99,75,69.74,69.81,44875300,2026-02-14T03:46:55Z
XOM,2008-10-21,37.81,39.31,36.6,38.34,82802880,71.5,74.33,69.21,72.5,43790100,2026-02-14T03:46:55Z
XOM,2008-10-22,34.15,36.68,33.79,36.35,98502064,64.57,69.36,63.9,68.74,52092600,2026-02-14T03:46:55Z
XOM,2008-10-23,37.23,37.23,34.05,34.9,122300761,70.39,70.39,64.39,65.99,64678500,2026-02-14T03:46:55Z
XOM,2008-10-24,36.51,37.54,33.85,33.85,103298777,69.04,70.98,64,64.01,54629400,2026-02-14T03:46:55Z
XOM,2008-10-27,34.95,37.54,34.38,35.73,92232828,66.09,70.98,65,67.56,48777200,2026-02-14T03:46:55Z
XOM,2008-10-28,39.59,39.9,35.47,36.28,130498803,74.86,75.45,67.06,68.6,69014096,2026-02-14T03:46:55Z
XOM,2008-10-29,39.48,41.25,38.64,39.6,118570566,74.65,77.99,73.06,74.87,62705800,2026-02-14T03:46:55Z
XOM,2008-10-30,39.69,40.06,37.78,39.66,106192739,75.05,75.75,71.44,75,56159900,2026-02-14T03:46:55Z
XOM,2008-10-31,39.2,40.91,38.74,39.42,99907764,74.12,77.36,73.25,74.53,52836000,2026-02-14T03:46:55Z
XOM,2008-11-03,39.29,39.76,38.34,38.83,67045756,74.29,75.18,72.5,73.43,35457000,2026-02-14T03:46:55Z
XOM,2008-11-04,40.98,41.23,39.7,39.76,91254263,77.49,77.96,75.07,75.19,48259600,2026-02-14T03:46:55Z
XOM,2008-11-05,38.97,40.9,38.52,40.32,85837544,73.69,77.34,72.84,76.24,45395000,2026-02-14T03:46:55Z
XOM,2008-11-06,37,39.07,36.7,38.62,99964278,69.96,73.88,69.4,73.02,52865900,2026-02-14T03:46:55Z
XOM,2008-11-07,39.33,40.21,37.49,37.49,84023529,73.95,75.59,70.48,70.48,44691200,2026-02-14T03:46:55Z
XOM,2008-11-10,39.37,40.34,38.72,39.91,70931008,74.02,75.84,72.8,75.04,37727400,2026-02-14T03:46:55Z
XOM,2008-11-11,38.64,39.45,38.08,38.64,78983828,72.65,74.16,71.59,72.65,42010700,2026-02-14T03:46:55Z
XOM,2008-11-12,36.66,38.41,36.54,37.95,94987321,68.93,72.22,68.7,71.35,50522700,2026-02-14T03:46:55Z
XOM,2008-11-13,40.11,40.69,35.92,37.05,136698291,75.41,76.5,67.54,69.66,72708400,2026-02-14T03:46:55Z
XOM,2008-11-14,39.19,41.35,38.24,39.37,101520003,73.68,77.75,71.9,74.02,53997400,2026-02-14T03:46:55Z
XOM,2008-11-17,39.03,40.67,38.83,39.09,91556353,73.38,76.46,73,73.5,48697800,2026-02-14T03:46:55Z
XOM,2008-11-18,40.6,40.95,38.84,39.15,108648964,76.33,76.99,73.03,73.6,57789200,2026-02-14T03:46:55Z
XOM,2008-11-19,39.05,41.03,38.85,40.49,108006718,73.42,77.13,73.05,76.13,57447600,2026-02-14T03:46:55Z
XOM,2008-11-20,36.44,40.12,36.33,38.22,144399544,68.51,75.42,68.3,71.85,76804496,2026-02-14T03:46:55Z
XOM,2008-11-21,40.32,40.53,36.78,37.12,158974543,75.81,76.2,69.15,69.78,84556800,2026-02-14T03:46:55Z
XOM,2008-11-24,41.91,42.67,40.06,40.85,141002205,78.8,80.23,75.31,76.8,74997600,2026-02-14T03:46:55Z
XOM,2008-11-25,41.55,42.32,40.1,41.71,106422835,78.11,79.56,75.39,78.41,56605200,2026-02-14T03:46:55Z
XOM,2008-11-26,43.02,43.1,40.73,41.13,87807606,80.89,81.03,76.58,77.33,46703900,2026-02-14T03:46:55Z
XOM,2008-11-28,42.63,42.79,42.13,42.48,36937409,80.15,80.44,79.2,79.86,19646600,2026-02-14T03:46:55Z
XOM,2008-12-01,39.52,41.48,39.53,41.43,104515900,74.31,77.98,74.31,77.9,55590900,2026-02-14T03:46:55Z
XOM,2008-12-02,41.28,41.49,39.85,40.21,102760932,77.61,78,74.93,75.6,54657400,2026-02-14T03:46:55Z
XOM,2008-12-03,41.98,42.25,40.28,40.51,108029869,78.93,79.44,75.73,76.16,57459900,2026-02-14T03:46:55Z
XOM,2008-12-04,40.57,42.02,39.9,41.24,122874422,76.27,79,75.02,77.54,65355600,2026-02-14T03:46:55Z
XOM,2008-12-05,40.74,41.48,38.66,40.25,122221359,76.6,77.98,72.68,75.67,65008200,2026-02-14T03:46:55Z
XOM,2008-12-08,42.34,42.58,41.59,41.8,96985560,79.6,80.06,78.19,78.59,51585600,2026-02-14T03:46:55Z
XOM,2008-12-09,41.59,42.35,41.23,42.03,88491622,78.2,79.63,77.51,79.02,47067700,2026-02-14T03:46:55Z
XOM,2008-12-10,42.59,43.46,41.95,42.14,82894828,80.07,81.71,78.87,79.22,44090900,2026-02-14T03:46:55Z
XOM,2008-12-11,42.56,43.57,42.24,42.73,94131391,80.02,81.92,79.41,80.33,50067500,2026-02-14T03:46:55Z
XOM,2008-12-12,42.79,43.08,41.4,41.51,83348909,80.45,81,77.84,78.04,44332400,2026-02-14T03:46:55Z
XOM,2008-12-15,42.52,43.35,41.95,43.25,81618385,79.95,81.5,78.86,81.32,43411900,2026-02-14T03:46:55Z
XOM,2008-12-16,44.22,44.49,42.59,42.77,109941246,83.14,83.64,80.07,80.41,58476600,2026-02-14T03:46:55Z
XOM,2008-12-17,43.11,44.28,43.12,43.92,97703705,81.06,83.24,81.06,82.57,51967500,2026-02-14T03:46:55Z
XOM,2008-12-18,40.96,43.07,40.53,42.85,112230613,77,80.98,76.2,80.56,59694300,2026-02-14T03:46:55Z
XOM,2008-12-19,39.9,41.66,39.9,40.85,128749626,75.02,78.33,75.02,76.8,68480496,2026-02-14T03:46:55Z
XOM,2008-12-22,39.84,40.35,38.97,40,77125695,74.91,75.87,73.27,75.21,41022300,2026-02-14T03:46:55Z
XOM,2008-12-23,39.94,40.62,39.64,40.16,61586851,75.1,76.36,74.52,75.5,32757400,2026-02-14T03:46:55Z
XOM,2008-12-24,40.31,40.48,39.6,39.69,21302162,75.78,76.1,74.45,74.62,11330400,2026-02-14T03:46:55Z
XOM,2008-12-26,41.06,41.17,40.45,40.45,32074372,77.19,77.4,76.04,76.04,17060000,2026-02-14T03:46:55Z
XOM,2008-12-29,41.5,41.78,41,41.64,42962323,78.02,78.55,77.09,78.28,22851200,2026-02-14T03:46:55Z
XOM,2008-12-30,41.8,42.13,41.26,41.5,47233674,78.59,79.2,77.58,78.02,25123100,2026-02-14T03:46:55Z
XOM,2008-12-31,42.46,42.87,41.64,41.71,56458583,79.83,80.59,78.29,78.42,30029700,2026-02-14T03:46:55Z
XOM,2009-01-02,43.42,43.67,41.97,42.58,67354868,81.64,82.11,78.9,80.06,35825300,2026-02-14T03:46:55Z
XOM,2009-01-05,43.42,43.84,42.91,43.23,81519824,81.63,82.42,80.68,81.27,43359500,2026-02-14T03:46:55Z
XOM,2009-01-06,42.71,44,42.35,43.69,78904030,80.3,82.73,79.63,82.14,41968200,2026-02-14T03:46:55Z
XOM,2009-01-07,41.62,42.65,41.25,42.15,66454112,78.25,80.19,77.56,79.25,35346200,2026-02-14T03:46:55Z
XOM,2009-01-08,42.07,42.32,41.43,41.44,57936336,79.09,79.57,77.9,77.91,30815700,2026-02-14T03:46:55Z
XOM,2009-01-09,41.26,42.15,41.16,41.96,61917291,77.57,79.25,77.38,78.88,32933100,2026-02-14T03:46:55Z
XOM,2009-01-12,40.71,41.23,40.43,40.71,71659845,76.54,77.52,76.01,76.54,38115100,2026-02-14T03:46:55Z
XOM,2009-01-13,41.44,41.67,40.67,40.67,88586313,77.92,78.34,76.46,76.46,47118100,2026-02-14T03:46:55Z
XOM,2009-01-14,39.94,41.12,39.53,40.98,90467664,75.1,77.31,74.32,77.04,48118800,2026-02-14T03:46:55Z
XOM,2009-01-15,40.77,40.8,39.37,39.73,104515071,76.66,76.7,74.01,74.7,55590400,2026-02-14T03:46:55Z
XOM,2009-01-16,41.54,41.73,40.7,41.29,85598921,78.1,78.45,76.52,77.62,45529200,2026-02-14T03:46:55Z
XOM,2009-01-20,40.58,41.82,40.42,40.99,80543895,76.29,78.63,76,77.06,42840400,2026-02-14T03:46:55Z
XOM,2009-01-21,42.16,42.22,40.42,40.56,81441280,79.26,79.38,76,76.26,43317700,2026-02-14T03:46:55Z
XOM,2009-01-22,41.61,41.98,40.74,41.32,75581706,78.23,78.92,76.59,77.69,40201100,2026-02-14T03:46:55Z
XOM,2009-01-23,41.51,41.91,40.31,40.64,86515084,78.04,78.8,75.78,76.4,46016400,2026-02-14T03:46:55Z
XOM,2009-01-26,41.81,42.64,41.42,41.85,80395108,78.6,80.17,77.87,78.68,42761300,2026-02-14T03:46:55Z
XOM,2009-01-27,41.98,42.25,41.29,41.63,72401912,78.92,79.43,77.62,78.27,38509800,2026-02-14T03:46:55Z
XOM,2009-01-28,42.15,42.34,41.03,42.22,85273816,79.25,79.6,77.14,79.37,45356200,2026-02-14T03:46:55Z
XOM,2009-01-29,40.96,41.49,40.76,41.26,73233049,77,78,76.64,77.58,38951900,2026-02-14T03:46:55Z
XOM,2009-01-30,40.68,41.96,40.42,41.62,97585517,76.48,78.89,76,78.25,51904700,2026-02-14T03:46:55Z
XOM,2009-02-02,40.79,41.02,40.24,40.46,67895881,76.69,77.12,75.66,76.06,36113100,2026-02-14T03:46:55Z
XOM,2009-02-03,41.55,41.83,40.78,40.88,74398738,78.12,78.64,76.67,76.85,39571900,2026-02-14T03:46:55Z
XOM,2009-02-04,41.31,41.96,40.98,41.78,55658422,77.66,78.89,77.05,78.55,29604100,2026-02-14T03:46:55Z
XOM,2009-02-05,42.43,42.51,40.65,41.26,74457079,79.78,79.92,76.43,77.57,39602900,2026-02-14T03:46:55Z
XOM,2009-02-06,42.95,43.03,42.07,42.13,68099303,80.34,80.49,78.7,78.81,36403800,2026-02-14T03:46:55Z
XOM,2009-02-09,42.49,43.03,42.07,42.97,51937479,79.48,80.5,78.7,80.39,27764200,2026-02-14T03:46:55Z
XOM,2009-02-10,40.7,42.55,40.46,42.38,82003974,76.14,79.6,75.69,79.28,43836800,2026-02-14T03:46:55Z
XOM,2009-02-11,39.87,41.04,39.35,40.95,89606861,74.58,76.77,73.61,76.61,47901100,2026-02-14T03:46:55Z
XOM,2009-02-12,40.21,40.23,38.86,39.33,80172775,75.22,75.25,72.7,73.57,42857900,2026-02-14T03:46:55Z
XOM,2009-02-13,39.87,40.4,39.79,40.09,56839805,74.59,75.58,74.44,74.99,30384800,2026-02-14T03:46:55Z
XOM,2009-02-17,38.1,38.98,38.04,38.87,78275162,71.28,72.91,71.16,72.72,41843500,2026-02-14T03:46:55Z
XOM,2009-02-18,38.46,38.8,38.1,38.23,64219951,71.94,72.58,71.27,71.51,34330000,2026-02-14T03:46:55Z
XOM,2009-02-19,38.57,39,38.37,38.42,58429877,72.16,72.96,71.77,71.87,31234800,2026-02-14T03:46:55Z
XOM,2009-02-20,38.08,38.61,37.53,37.92,80083107,71.23,72.22,70.21,70.94,42810000,2026-02-14T03:46:55Z
XOM,2009-02-23,37.05,38.92,36.92,38.62,76169074,69.3,72.8,69.06,72.25,40717700,2026-02-14T03:46:55Z
XOM,2009-02-24,38.54,38.64,37.23,37.27,91452309,72.09,72.29,69.65,69.72,48887600,2026-02-14T03:46:55Z
XOM,2009-02-25,38.52,39.28,37.69,38.17,103836355,72.05,73.49,70.5,71.4,55507700,2026-02-14T03:46:55Z
XOM,2009-02-26,37.93,39.28,37.89,38.37,69612848,70.95,73.48,70.87,71.77,37212900,2026-02-14T03:46:55Z
XOM,2009-02-27,36.3,37.54,36.3,37.31,121503285,67.9,70.23,67.9,69.79,64952000,2026-02-14T03:46:55Z
XOM,2009-03-02,34.7,36.05,34.66,35.82,102565178,64.91,67.43,64.84,67,54828200,2026-02-14T03:46:55Z
XOM,2009-03-03,34.4,35.35,34.26,35.2,91531580,64.36,66.12,64.08,65.84,48930000,2026-02-14T03:46:55Z
XOM,2009-03-04,35.11,35.57,34.64,35.05,96370136,65.68,66.54,64.79,65.56,51516500,2026-02-14T03:46:55Z
XOM,2009-03-05,33.26,34.52,33.21,34.31,93994556,62.22,64.58,62.13,64.18,50246600,2026-02-14T03:46:55Z
XOM,2009-03-06,34.23,34.53,33.07,33.67,88094020,64.03,64.59,61.86,62.98,47092400,2026-02-14T03:46:55Z
XOM,2009-03-09,34.52,35.27,33.61,33.61,79926633,64.57,65.98,62.87,62.88,42726400,2026-02-14T03:46:55Z
XOM,2009-03-10,36.02,36.07,34.93,35.06,96661994,67.39,67.48,65.34,65.59,51672500,2026-02-14T03:46:55Z
XOM,2009-03-11,35.16,36.33,34.93,36.02,70088805,65.77,67.96,65.35,67.38,37467300,2026-02-14T03:46:55Z
XOM,2009-03-12,35.9,36.08,35.13,35.29,75634028,67.15,67.49,65.72,66.01,40431600,2026-02-14T03:46:55Z
XOM,2009-03-13,35.92,36.15,35.48,36.03,65895961,67.2,67.63,66.37,67.39,35226000,2026-02-14T03:46:55Z
XOM,2009-03-16,35.8,36.47,35.59,35.84,62841820,66.97,68.23,66.57,67.04,33593300,2026-02-14T03:46:55Z
XOM,2009-03-17,36.93,37.01,35.47,35.72,57691291,69.09,69.24,66.36,66.81,30840000,2026-02-14T03:46:55Z
XOM,2009-03-18,36.98,37.42,35.74,36.62,78364681,69.17,70,66.86,68.51,41891400,2026-02-14T03:46:55Z
XOM,2009-03-19,36.53,37.65,36.32,37.63,72212758,68.33,70.43,67.94,70.4,38602700,2026-02-14T03:46:55Z
XOM,2009-03-20,35.33,37.12,35.1,36.69,125821972,66.09,69.44,65.67,68.64,67260600,2026-02-14T03:46:55Z
XOM,2009-03-23,37.7,37.86,35.74,35.81,96805893,70.53,70.82,66.86,66.99,51749500,2026-02-14T03:46:55Z
XOM,2009-03-24,37.09,37.79,36.97,37.21,60079418,69.38,70.69,69.15,69.6,32116600,2026-02-14T03:46:55Z
XOM,2009-03-25,37.51,38.05,36.76,37.26,68729875,70.16,71.17,68.76,69.7,36740900,2026-02-14T03:46:55Z
XOM,2009-03-26,38.08,38.22,37.32,37.78,70585182,71.23,71.49,69.82,70.68,37732700,2026-02-14T03:46:55Z
XOM,2009-03-27,37.41,37.74,37.04,37.45,55209063,69.98,70.6,69.29,70.05,29513100,2026-02-14T03:46:55Z
XOM,2009-03-30,36.69,36.81,36.13,36.64,60255781,68.63,68.85,67.58,68.54,32210900,2026-02-14T03:46:55Z
XOM,2009-03-31,36.4,37.07,36.21,36.91,76933453,68.1,69.34,67.74,69.04,41126300,2026-02-14T03:46:55Z
XOM,2009-04-01,37.01,37.14,35.55,35.84,73660672,69.23,69.48,66.5,67.04,39376700,2026-02-14T03:46:55Z
XOM,2009-04-02,37.55,38.03,37.26,37.81,71388859,70.25,71.15,69.7,70.73,38162300,2026-02-14T03:46:55Z
XOM,2009-04-03,37.66,37.84,37.1,37.29,49965031,70.44,70.79,69.4,69.76,26709800,2026-02-14T03:46:55Z
XOM,2009-04-06,37.45,37.65,36.89,37.24,50868773,70.05,70.43,69.01,69.66,27192900,2026-02-14T03:46:55Z
XOM,2009-04-07,36.73,37.02,36.37,36.9,52444773,68.71,69.25,68.03,69.03,28035400,2026-02-14T03:46:55Z
XOM,2009-04-08,36.86,37.2,36.29,36.66,48678626,68.96,69.59,67.89,68.57,26022100,2026-02-14T03:46:55Z
XOM,2009-04-09,37.33,37.64,37.02,37.39,50258989,69.84,70.41,69.25,69.95,26866900,2026-02-14T03:46:55Z
XOM,2009-04-13,36.36,36.92,36.22,36.69,52211755,68.02,69.06,67.76,68.64,27910800,2026-02-14T03:46:55Z
XOM,2009-04-14,36.19,36.31,35.47,35.94,61177376,67.7,67.93,66.35,67.24,32703600,2026-02-14T03:46:55Z
XOM,2009-04-15,36.43,36.62,35.94,36.03,45916534,68.14,68.5,67.23,67.41,24545600,2026-02-14T03:46:55Z
XOM,2009-04-16,36.04,36.68,35.72,36.68,52220569,67.41,68.61,66.82,68.61,27915500,2026-02-14T03:46:55Z
XOM,2009-04-17,35.68,36.38,35.59,36.27,60993963,66.75,68.06,66.58,67.84,32605500,2026-02-14T03:46:55Z
XOM,2009-04-20,34.9,35.51,34.84,35.3,59631422,65.29,66.42,65.18,66.03,31877100,2026-02-14T03:46:55Z
XOM,2009-04-21,35.4,35.43,34.68,34.9,60300928,66.23,66.28,64.87,65.29,32235000,2026-02-14T03:46:55Z
XOM,2009-04-22,34.61,35.2,34.51,35.09,58134589,64.75,65.84,64.56,65.64,31077000,2026-02-14T03:46:55Z
XOM,2009-04-23,35.13,35.15,34.48,34.91,54654387,65.71,65.76,64.5,65.31,29216600,2026-02-14T03:46:55Z
XOM,2009-04-24,35.59,35.82,35.23,35.39,60513542,66.57,67,65.91,66.21,32348700,2026-02-14T03:46:55Z
XOM,2009-04-27,35.35,35.63,34.77,34.9,49734942,66.13,66.65,65.05,65.29,26586800,2026-02-14T03:46:55Z
XOM,2009-04-28,35.86,36.21,34.94,34.94,51297761,67.08,67.73,65.36,65.36,27422200,2026-02-14T03:46:55Z
XOM,2009-04-29,36.59,36.69,35.88,35.88,54179915,68.44,68.63,67.11,67.12,28962900,2026-02-14T03:46:55Z
XOM,2009-04-30,35.64,36.75,35.4,36.69,65633648,66.67,68.74,66.22,68.64,35085700,2026-02-14T03:46:55Z
XOM,2009-05-01,36.36,36.38,35.32,35.84,51227914,68.01,68.06,66.08,67.05,27384900,2026-02-14T03:46:55Z
XOM,2009-05-04,36.46,36.84,36.17,36.62,51089574,68.2,68.91,67.67,68.5,27310900,2026-02-14T03:46:55Z
XOM,2009-05-05,36.16,36.52,35.9,36.39,37420793,67.65,68.32,67.16,68.08,20004000,2026-02-14T03:46:55Z
XOM,2009-05-06,36.66,36.67,36.05,36.37,57638118,68.58,68.6,67.44,68.04,30811600,2026-02-14T03:46:55Z
XOM,2009-05-07,36.85,36.91,36.15,36.89,60874926,68.93,69.04,67.62,69,32541900,2026-02-14T03:46:55Z
XOM,2009-05-08,37.85,38.08,37.09,37.1,67132375,70.8,71.23,69.39,69.4,35886900,2026-02-14T03:46:55Z
XOM,2009-05-11,37.25,37.45,37.02,37.36,44102242,69.27,69.64,68.84,69.48,23716400,2026-02-14T03:46:55Z
XOM,2009-05-12,38.08,38.29,37.4,37.52,52694227,70.82,71.2,69.55,69.77,28336800,2026-02-14T03:46:55Z
XOM,2009-05-13,37.52,37.95,37.34,37.63,48370850,69.77,70.57,69.43,69.98,26011900,2026-02-14T03:46:55Z
XOM,2009-05-14,37.51,37.69,35.28,37.39,39605068,69.76,70.08,65.6,69.52,21298000,2026-02-14T03:46:55Z
XOM,2009-05-15,37.16,37.51,36.89,37.27,49398608,69.11,69.75,68.59,69.31,26564600,2026-02-14T03:46:55Z
XOM,2009-05-18,37.91,38.05,37.37,37.5,46621886,70.5,70.76,69.5,69.74,25071400,2026-02-14T03:46:55Z
XOM,2009-05-19,37.92,38.25,37.68,37.81,38775511,70.52,71.13,70.07,70.31,20851900,2026-02-14T03:46:55Z
XOM,2009-05-20,37.43,38.39,37.29,38.18,53092006,69.61,71.39,69.35,71,28550700,2026-02-14T03:46:55Z
XOM,2009-05-21,36.78,37.1,36.56,36.96,44693178,68.39,68.98,67.99,68.72,24034200,2026-02-14T03:46:55Z
XOM,2009-05-22,37.01,37.47,36.78,36.9,34632756,68.83,69.68,68.39,68.62,18624100,2026-02-14T03:46:55Z
XOM,2009-05-26,37.54,37.62,36.52,36.78,54685209,69.81,69.95,67.91,68.39,29407500,2026-02-14T03:46:55Z
XOM,2009-05-27,36.73,37.98,36.66,37.54,42794565,68.3,70.62,68.17,69.8,23013200,2026-02-14T03:46:55Z
XOM,2009-05-28,37.23,37.54,36.64,36.86,51696892,69.23,69.8,68.13,68.54,27800500,2026-02-14T03:46:55Z
XOM,2009-05-29,37.29,37.78,37.08,37.54,61723353,69.35,70.25,68.95,69.8,33192300,2026-02-14T03:46:55Z
XOM,2009-06-01,38.59,38.74,37.78,37.89,59141900,71.76,72.04,70.25,70.46,31804100,2026-02-14T03:46:55Z
XOM,2009-06-02,39.21,39.37,38.42,38.42,53327025,72.92,73.21,71.44,71.44,28677100,2026-02-14T03:46:55Z
XOM,2009-06-03,38.76,38.96,38.36,38.93,55337385,72.08,72.45,71.33,72.39,29758200,2026-02-14T03:46:55Z
XOM,2009-06-04,39.25,39.28,38.76,39.08,48226564,72.98,73.05,72.07,72.67,25934300,2026-02-14T03:46:55Z
XOM,2009-06-05,39.24,39.53,38.74,39.39,49246006,72.97,73.5,72.03,73.25,26482500,2026-02-14T03:46:55Z
XOM,2009-06-08,39.35,39.63,38.72,38.98,43328249,73.17,73.69,72,72.48,23300200,2026-02-14T03:46:55Z
XOM,2009-06-09,39.32,39.7,38.92,39.56,40807065,73.12,73.82,72.37,73.56,21944400,2026-02-14T03:46:55Z
XOM,2009-06-10,39.71,39.86,39.17,39.78,50877898,73.84,74.12,72.84,73.97,27360100,2026-02-14T03:46:55Z
XOM,2009-06-11,39.82,40.24,39.32,39.79,57380849,74.05,74.83,73.12,74,30857100,2026-02-14T03:46:55Z
XOM,2009-06-12,39.68,39.88,39.31,39.49,40340520,73.78,74.16,73.1,73.43,21693500,2026-02-14T03:46:55Z
XOM,2009-06-15,39.15,39.24,38.85,39.06,51829817,72.81,72.96,72.25,72.64,27872000,2026-02-14T03:46:55Z
XOM,2009-06-16,38.52,39.49,38.49,39.44,45037248,71.63,73.43,71.58,73.34,24219200,2026-02-14T03:46:55Z
XOM,2009-06-17,38.41,38.6,38.1,38.21,55656081,71.42,71.78,70.84,71.06,29929600,2026-02-14T03:46:55Z
XOM,2009-06-18,38.42,38.77,38.27,38.31,38557325,71.44,72.09,71.16,71.23,20734600,2026-02-14T03:46:55Z
XOM,2009-06-19,38.21,38.72,37.87,38.64,79531487,71.05,72,70.42,71.85,42768800,2026-02-14T03:46:55Z
XOM,2009-06-22,37.02,37.74,36.94,37.7,52809981,68.84,70.17,68.69,70.1,28399100,2026-02-14T03:46:55Z
XOM,2009-06-23,37.08,37.45,36.84,37.26,44902805,68.95,69.64,68.51,69.28,24146900,2026-02-14T03:46:55Z
XOM,2009-06-24,36.81,37.44,36.66,37.27,38793214,68.45,69.62,68.18,69.3,20861400,2026-02-14T03:46:55Z
XOM,2009-06-25,37.58,37.66,36.61,36.73,57469601,69.88,70.03,68.08,68.31,30904800,2026-02-14T03:46:55Z
XOM,2009-06-26,37.13,37.53,37.03,37.47,51441018,69.05,69.79,68.86,69.67,27662900,2026-02-14T03:46:55Z
XOM,2009-06-29,37.96,38.06,37.17,37.35,45297344,70.58,70.78,69.13,69.45,24359100,2026-02-14T03:46:55Z
XOM,2009-06-30,37.59,38.17,37.17,37.97,50841088,69.91,70.97,69.11,70.6,27340300,2026-02-14T03:46:55Z
XOM,2009-07-01,37.94,38.46,37.86,38,41930832,70.56,71.51,70.41,70.67,22548700,2026-02-14T03:46:55Z
XOM,2009-07-02,36.83,37.49,36.57,37.41,42682400,68.49,69.72,68,69.57,22952900,2026-02-14T03:46:55Z
XOM,2009-07-06,36.62,36.65,35.69,36.39,55373673,68.1,68.15,66.36,67.67,29777700,2026-02-14T03:46:55Z
XOM,2009-07-07,35.79,36.47,35.69,36.36,46596629,66.56,67.81,66.37,67.61,25057800,2026-02-14T03:46:55Z
XOM,2009-07-08,35.63,36.1,35.22,35.79,55881214,66.26,67.13,65.5,66.56,30050700,2026-02-14T03:46:55Z
XOM,2009-07-09,35.48,36.01,35.34,35.92,42354427,65.97,66.97,65.71,66.8,22776500,2026-02-14T03:46:55Z
XOM,2009-07-10,35.02,35.17,34.82,35.01,48201654,65.12,65.4,64.75,65.1,25920900,2026-02-14T03:46:55Z
XOM,2009-07-13,35.33,35.35,34.66,35.05,58868690,65.7,65.73,64.46,65.17,31657200,2026-02-14T03:46:55Z
XOM,2009-07-14,35.61,35.68,35.2,35.6,42549916,66.22,66.35,65.46,66.2,22881600,2026-02-14T03:46:55Z
XOM,2009-07-15,36.8,36.84,35.97,36.14,55155084,68.44,68.51,66.89,67.2,29660200,2026-02-14T03:46:55Z
XOM,2009-07-16,36.82,37,36.29,36.67,43788737,68.46,68.8,67.48,68.2,23547800,2026-02-14T03:46:55Z
XOM,2009-07-17,36.85,36.97,36.49,36.73,47963420,68.52,68.75,67.85,68.3,25792800,2026-02-14T03:46:55Z
XOM,2009-07-20,37.07,37.31,36.64,37.17,39564756,68.94,69.38,68.13,69.11,21276300,2026-02-14T03:46:55Z
XOM,2009-07-21,37.9,37.92,37.28,37.33,48254670,70.47,70.51,69.33,69.42,25949400,2026-02-14T03:46:55Z
XOM,2009-07-22,37.64,38.03,37.39,37.58,46080250,69.99,70.72,69.52,69.88,24780100,2026-02-14T03:46:55Z
XOM,2009-07-23,38.51,38.58,37.5,37.55,50436618,71.61,71.74,69.73,69.82,27122800,2026-02-14T03:46:55Z
XOM,2009-07-24,38.87,38.92,38.32,38.37,33821468,72.29,72.38,71.26,71.36,18187800,2026-02-14T03:46:55Z
XOM,2009-07-27,39.12,39.14,38.58,38.94,32284322,72.75,72.79,71.75,72.41,17361200,2026-02-14T03:46:55Z
XOM,2009-07-28,38.66,38.99,38.24,38.65,42852646,71.89,72.5,71.11,71.88,23044400,2026-02-14T03:46:55Z
XOM,2009-07-29,38.41,38.49,37.8,38.22,44817573,71.43,71.58,70.3,71.07,24101100,2026-02-14T03:46:55Z
XOM,2009-07-30,38.03,38.46,37.6,37.8,70370773,70.72,71.52,69.91,70.3,37842600,2026-02-14T03:46:55Z
XOM,2009-07-31,37.85,37.91,37.34,37.84,52200830,70.39,70.5,69.43,70.36,28071500,2026-02-14T03:46:55Z
XOM,2009-08-03,37.99,38.4,37.8,38.16,46041041,70.65,71.4,70.3,70.96,24759000,2026-02-14T03:46:55Z
XOM,2009-08-04,37.97,37.99,37.64,37.78,34615118,70.6,70.64,70,70.25,18614600,2026-02-14T03:46:55Z
XOM,2009-08-05,37.66,37.91,37.43,37.9,37840329,70.03,70.49,69.61,70.48,20349000,2026-02-14T03:46:55Z
XOM,2009-08-06,37.5,37.66,37.33,37.65,32301030,69.73,70.03,69.41,70.01,17370200,2026-02-14T03:46:55Z
XOM,2009-08-07,37.36,37.85,37.29,37.65,33551759,69.47,70.39,69.35,70.01,18042800,2026-02-14T03:46:55Z
XOM,2009-08-10,37.2,37.49,37.12,37.17,30190447,69.18,69.71,69.03,69.12,16235200,2026-02-14T03:46:55Z
XOM,2009-08-11,36.86,37.22,36.76,37.17,31333987,68.13,68.79,67.95,68.7,16953100,2026-02-14T03:46:55Z
XOM,2009-08-12,37.39,37.63,36.87,36.92,35456586,69.11,69.55,68.15,68.23,19183600,2026-02-14T03:46:55Z
XOM,2009-08-13,37.2,37.45,36.88,37.45,37402477,68.75,69.22,68.17,69.22,20236400,2026-02-14T03:46:55Z
XOM,2009-08-14,36.9,37.15,36.6,37.07,35541483,68.21,68.66,67.65,68.52,19229500,2026-02-14T03:46:55Z
XOM,2009-08-17,36.01,36.45,35.99,36.45,44987628,66.55,67.37,66.51,67.37,24340300,2026-02-14T03:46:55Z
XOM,2009-08-18,35.97,36.15,35.85,36.09,39788463,66.49,66.81,66.26,66.7,21527300,2026-02-14T03:46:55Z
XOM,2009-08-19,36.79,36.89,35.76,35.76,52555788,68,68.19,66.09,66.09,28435000,2026-02-14T03:46:55Z
XOM,2009-08-20,37.11,37.21,36.72,36.84,31878375,68.59,68.78,67.87,68.09,17247600,2026-02-14T03:46:55Z
XOM,2009-08-21,37.83,37.87,37.45,37.58,48363159,69.92,70,69.21,69.45,26166600,2026-02-14T03:46:55Z
XOM,2009-08-24,38.58,38.77,37.84,37.9,47322509,71.3,71.65,69.93,70.04,25603600,2026-02-14T03:46:55Z
XOM,2009-08-25,38.24,38.9,38.17,38.79,39155584,70.68,71.89,70.55,71.7,21184900,2026-02-14T03:46:55Z
XOM,2009-08-26,38.61,38.67,37.82,37.9,34704951,71.37,71.47,69.9,70.05,18776900,2026-02-14T03:46:55Z
XOM,2009-08-27,38.34,38.51,37.87,38.45,39545004,70.86,71.17,69.99,71.07,21395600,2026-02-14T03:46:55Z
XOM,2009-08-28,37.94,38.52,37.85,38.52,32744848,70.12,71.2,69.95,71.2,17716400,2026-02-14T03:46:55Z
XOM,2009-08-31,37.41,37.79,37.31,37.58,44985612,69.15,69.85,68.95,69.45,24339200,2026-02-14T03:46:55Z
XOM,2009-09-01,37.01,37.6,36.85,37.29,45053852,68.41,69.5,68.11,68.93,24376100,2026-02-14T03:46:55Z
XOM,2009-09-02,36.89,37.28,36.86,36.98,30156125,68.18,68.9,68.12,68.35,16315800,2026-02-14T03:46:55Z
XOM,2009-09-03,36.93,37.15,36.7,37.05,28023570,68.26,68.66,67.83,68.47,15162000,2026-02-14T03:46:55Z
XOM,2009-09-04,37.43,37.49,36.86,36.91,28015667,69.18,69.3,68.13,68.22,15157700,2026-02-14T03:46:55Z
XOM,2009-09-08,38.22,38.4,37.71,37.79,40599612,70.65,70.97,69.7,69.85,21966200,2026-02-14T03:46:55Z
XOM,2009-09-09,38.14,38.44,37.92,38.31,36324403,70.5,71.05,70.09,70.8,19653100,2026-02-14T03:46:55Z
XOM,2009-09-10,38.22,38.44,38.09,38.32,35446802,70.65,71.04,70.4,70.83,19178300,2026-02-14T03:46:55Z
XOM,2009-09-11,37.86,38.46,37.74,38.35,32290868,69.98,71.08,69.75,70.89,17470800,2026-02-14T03:46:55Z
XOM,2009-09-14,37.87,38.03,37.35,37.39,32314359,70,70.29,69.04,69.11,17483500,2026-02-14T03:46:55Z
XOM,2009-09-15,37.6,37.97,37.58,37.97,36008480,69.49,70.18,69.45,70.18,19482200,2026-02-14T03:46:55Z
XOM,2009-09-16,38.06,38.08,37.43,37.8,40948354,70.34,70.38,69.18,69.86,22154900,2026-02-14T03:46:55Z
XOM,2009-09-17,37.79,38.12,37.77,37.85,38794639,69.84,70.45,69.8,69.95,20989600,2026-02-14T03:46:55Z
XOM,2009-09-18,37.87,38.13,37.7,38.02,79935763,69.99,70.48,69.68,70.27,43248800,2026-02-14T03:46:55Z
XOM,2009-09-21,37.64,37.7,37.33,37.41,33239197,69.57,69.68,69,69.15,17983900,2026-02-14T03:46:55Z
XOM,2009-09-22,37.78,37.95,37.71,37.89,26917589,69.83,70.14,69.7,70.03,14563600,2026-02-14T03:46:55Z
XOM,2009-09-23,37.33,38.06,37.25,37.8,38635238,69,70.34,68.85,69.87,20903400,2026-02-14T03:46:55Z
XOM,2009-09-24,37.29,37.53,36.98,37.33,39845333,68.93,69.36,68.35,69,21558100,2026-02-14T03:46:55Z
XOM,2009-09-25,37.17,37.62,37.01,37.26,30414363,68.7,69.54,68.41,68.86,16455500,2026-02-14T03:46:55Z
XOM,2009-09-28,37.65,37.79,37.14,37.23,24585215,69.59,69.85,68.64,68.81,13301700,2026-02-14T03:46:55Z
XOM,2009-09-29,37.37,37.72,37.31,37.53,27165634,69.07,69.71,68.95,69.36,14697800,2026-02-14T03:46:55Z
XOM,2009-09-30,37.12,37.46,36.81,37.32,50124847,68.61,69.24,68.04,68.98,27119800,2026-02-14T03:46:55Z
XOM,2009-10-01,36.4,37.06,36.3,37,46074722,67.27,68.5,67.09,68.39,24928500,2026-02-14T03:46:55Z
XOM,2009-10-02,36.02,36.33,35.98,36.23,37850720,66.58,67.14,66.5,66.97,20478900,2026-02-14T03:46:55Z
XOM,2009-10-05,36.56,36.67,35.77,36.14,40395184,67.58,67.78,66.11,66.79,21855600,2026-02-14T03:46:55Z
XOM,2009-10-06,37.15,37.39,36.67,36.8,39126558,68.66,69.1,67.78,68.01,21169200,2026-02-14T03:46:55Z
XOM,2009-10-07,37.15,37.29,36.77,37.05,28287710,68.67,68.93,67.96,68.48,15304900,2026-02-14T03:46:55Z
XOM,2009-10-08,37.36,37.49,37.17,37.32,35544972,69.05,69.3,68.7,68.97,19231400,2026-02-14T03:46:55Z
XOM,2009-10-09,37.48,37.48,37.13,37.31,25031616,69.27,69.27,68.63,68.96,13543200,2026-02-14T03:46:55Z
XOM,2009-10-12,37.94,38.14,37.57,37.61,30005516,70.13,70.5,69.44,69.51,16234300,2026-02-14T03:46:55Z
XOM,2009-10-13,38.01,38.08,37.61,38.01,35741410,70.26,70.39,69.52,70.25,19337700,2026-02-14T03:46:55Z
XOM,2009-10-14,38.87,38.89,38.28,38.33,46737049,71.84,71.88,70.75,70.84,25286800,2026-02-14T03:46:55Z
XOM,2009-10-15,39.46,39.5,38.69,38.69,44546971,72.94,73,71.51,71.51,24101900,2026-02-14T03:46:55Z
XOM,2009-10-16,39.56,39.69,39.12,39.35,43539831,73.12,73.35,72.31,72.73,23557000,2026-02-14T03:46:55Z
XOM,2009-10-19,39.83,40.02,39.5,39.58,37716304,73.62,73.97,73,73.15,20406200,2026-02-14T03:46:55Z
XOM,2009-10-20,39.51,39.79,39.15,39.7,37058105,73.02,73.54,72.36,73.38,20050100,2026-02-14T03:46:55Z
XOM,2009-10-21,39.66,40.2,39.23,39.31,42698302,73.31,74.3,72.51,72.65,23101700,2026-02-14T03:46:55Z
XOM,2009-10-22,40.28,40.39,39.5,39.51,48097771,74.44,74.65,73.01,73.02,26023000,2026-02-14T03:46:55Z
XOM,2009-10-23,39.8,40.22,39.48,40.22,38207990,73.57,74.33,72.97,74.33,20672200,2026-02-14T03:46:55Z
XOM,2009-10-26,39.62,40.53,39.57,39.93,50141888,73.23,74.92,73.13,73.81,27129000,2026-02-14T03:46:55Z
XOM,2009-10-27,40.53,40.58,39.66,39.66,56085469,74.91,75,73.3,73.3,30344700,2026-02-14T03:46:55Z
XOM,2009-10-28,39.95,40.56,39.95,40.32,48711734,73.84,74.96,73.84,74.52,26355200,2026-02-14T03:46:55Z
XOM,2009-10-29,40.02,40.04,39.01,39.26,55537830,73.96,74,72.1,72.57,30048400,2026-02-14T03:46:55Z
XOM,2009-10-30,38.78,39.94,38.44,39.7,59388955,71.67,73.82,71.05,73.37,32132100,2026-02-14T03:46:55Z
XOM,2009-11-02,39.04,39.42,38.5,38.98,37753789,72.15,72.85,71.16,72.05,20426500,2026-02-14T03:46:55Z
XOM,2009-11-03,38.81,39.12,38.5,38.59,37946819,71.74,72.3,71.16,71.32,20530900,2026-02-14T03:46:55Z
XOM,2009-11-04,38.58,39.24,38.44,38.99,42127931,71.3,72.53,71.04,72.07,22793100,2026-02-14T03:46:55Z
XOM,2009-11-05,39.23,39.36,38.73,38.93,30010675,72.5,72.75,71.58,71.95,16237100,2026-02-14T03:46:55Z
XOM,2009-11-06,39.27,39.33,38.69,38.86,33610923,72.58,72.69,71.5,71.82,18185000,2026-02-14T03:46:55Z
XOM,2009-11-09,39.64,39.82,39.43,39.7,30891029,72.85,73.17,72.45,72.96,16810700,2026-02-14T03:46:55Z
XOM,2009-11-10,39.51,39.85,39.43,39.43,28843777,72.61,73.23,72.45,72.46,15696600,2026-02-14T03:46:55Z
XOM,2009-11-11,39.68,39.96,39.47,39.75,26458452,72.91,73.43,72.53,73.04,14398500,2026-02-14T03:46:55Z
XOM,2009-11-12,39.13,39.75,39.02,39.55,30481633,71.9,73.05,71.71,72.68,16587900,2026-02-14T03:46:55Z
XOM,2009-11-13,39.44,39.81,39.03,39.21,26574190,72.47,73.16,71.73,72.05,14461500,2026-02-14T03:46:55Z
XOM,2009-11-16,40.5,40.64,39.91,40.08,39194170,74.43,74.67,73.33,73.65,21329200,2026-02-14T03:46:55Z
XOM,2009-11-17,40.83,40.9,40.54,40.67,42127333,75.03,75.16,74.49,74.73,22925400,2026-02-14T03:46:55Z
XOM,2009-11-18,40.96,41.03,40.66,40.95,30589152,75.27,75.4,74.71,75.25,16646400,2026-02-14T03:46:55Z
XOM,2009-11-19,40.62,40.76,40.3,40.69,31707323,74.65,74.9,74.05,74.77,17254900,2026-02-14T03:46:55Z
XOM,2009-11-20,40.48,40.71,40.29,40.48,35409840,74.38,74.81,74.03,74.38,19269800,2026-02-14T03:46:55Z
XOM,2009-11-23,41.2,41.34,40.99,41.05,34817432,75.7,75.96,75.32,75.44,18947400,2026-02-14T03:46:55Z
XOM,2009-11-24,41.34,41.35,40.71,41.2,31463242,75.97,75.99,74.8,75.7,17122100,2026-02-14T03:46:55Z
